2566 4026
392 221 863 291 rnen.onaron.nm.x11,11.
1056 214 1118 277 att

118 380 217 440 simum
233 377 335 438 studiis
352 377 460 454 dicam,
484 378 552 456 quid
568 377 669 439 attinet
685 387 743 439 tam
756 378 853 440 multis
870 382 966 457 annis,
991 399 1075 461 quam
1089 383 1118 447 in

116 481 197 524 more
214 471 259 523 est
273 461 461 541 plurimorum
477 461 523 539 (ut
537 460 575 521 de
590 460 647 538 hia,
663 461 798 540 aquibus
814 480 917 540 magna
933 465 963 523 in
977 464 1034 524 hoc
1045 484 1117 545 pars

116 547 220 607 aetatis
234 546 407 622 absumitur,
428 545 557 624 taceam)
576 544 763 607 declamitare
785 547 813 605 io
834 547 936 612 schola
960 556 989 609 et
1010 557 1118 615 motum

116 631 227 692 laboris
240 631 269 689 io
283 629 371 690 rebus
388 629 471 690 lalsia
487 646 675 705 consumere,
699 648 763 690 cum
776 632 848 690 satis
863 631 900 691 sit
915 630 1030 697 modico
1046 641 1117 695 tem·

117 733 190 794 pore
205 715 359 792 imaginem
373 713 437 774 veri
452 712 623 774 discriminis
639 722 669 773 et
685 713 798 775 dicendi
813 713 899 792 leges
916 713 1118 794 comperisse?

116 798 201 873 Quod
216 815 274 859 noo
294 798 378 873 dico,
402 798 468 876 quia
489 798 527 858 sit
546 814 670 876 unquam
694 797 849 861 omittenda
865 798 981 863 dicendi
1003 802 1159 873 exemi-16

115 885 203 959 tatio,
223 882 279 943 sed
301 883 367 961 quia
389 898 448 940 non
464 881 494 941 io
517 899 572 941 nna
588 882 625 941 sit
642 881 705 941 eius
720 882 822 961 specie
839 883 1116 945 consenescendum.

116 964 308 1046 Cognoscere
331 975 361 1025 et
377 974 537 1044 praecepta
563 965 680 1027 vivendi
704 966 874 1045 perdiscere
891 977 920 1027 et
934 968 963 1027 io
981 967 1047 1028 loro
1063 985 1117 1029 oca

115 1051 245 1131 experiri
267 1051 427 1129 potuimus,
455 1048 520 1109 dum
543 1048 711 1112 scholastici
735 1069 841 1111 sumus.
877 1049 1017 1114 Discendi
1042 1053 1116 1113 ratio

116 1136 195 1213 talis,
211 1143 243 1195 ιιι
258 1151 316 1194 non
330 1133 436 1195 multos
453 1150 544 1194 annos
559 1141 672 1212 poscat.
703 1132 857 1207 Quaelibet
872 1137 951 1195 enim
966 1154 1004 1196 ex
1020 1137 1055 1196 iis
1072 1153 1117 1196 ar·

115 1219 207 1294 tibus,
226 1236 348 1298 quarum
370 1217 458 1280 habui
480 1219 671 1294 mentionem,
695 1219 724 1276 in
747 1236 856 1296 paucos
878 1218 971 1280 libros
986 1219 1118 1283 contrairi

115 1302 206 1371 solem
230 1303 305 1365 adeo
325 1319 384 1361 non
400 1310 445 1363 est
461 1301 570 1362 infinito
589 1303 683 1380 spatio
699 1319 734 1362 ac
749 1303 902 1363 traditione
919 1320 1005 1382 opus.
1037 1302 1117 1363 Reli·

116 1405 171 1467 qua
187 1397 241 1463 eat,
260 1404 335 1466 quae
350 1386 430 1446 vires
446 1386 503 1446 cito
519 1385 605 1462 iacit,
623 1403 687 1449 cum
702 1386 783 1462 lecit,
800 1395 905 1463 tuctur,
921 1386 1115 1447 consuetudo.

116 1472 221 1531 Rerum
243 1472 370 1548 cognitio
397 1470 504 1531 cotidie
530 1471 652 1546 crescit,
681 1478 711 1530 et
738 1479 833 1531 tamen
858 1488 943 1549 quam
964 1471 1158 1532 malcomum

115 1557 150 1616 ad
178 1573 242 1616 eam
263 1554 403 1615 librorum
427 1555 597 1614 necessaria
623 1553 712 1615 lectio
731 1563 794 1631 est,
823 1553 926 1633 quibus
952 1563 1000 1614 aut
1020 1573 1117 1615 rerum

116 1640 249 1718 exempla
275 1638 312 1699 ab
335 1638 484 1700 historicis
505 1646 554 1698 aut
575 1637 688 1699 dicendi
714 1638 750 1699 ab
776 1638 940 1699 oratoribus
962 1635 1117 1718 petuntur?

115 1723 356 1802 Philosophorum
368 1741 486 1803 quoque
498 1722 753 1802 consultorumque
770 1725 932 1802 opiniones,
949 1724 1034 1782 sicuti
1050 1721 1116 1798 alia,

115 1808 236 1869 velimus
252 1809 366 1887 legere,
382 1827 449 1886 nec,
466 1807 543 1887 quod
560 1806 674 1887 quidem
689 1816 799 1886 potest,
815 1808 920 1872 omnia.
950 1806 1010 1868 Sed
1025 1805 1117 1865 breve

114 1892 198 1954 nobis
216 1903 329 1973 tempus
345 1911 400 1954 noa
422 1893 552 1954 iacimus.
591 1891 763 1966 Quantulum
784 1893 858 1954 enim
874 1892 976 1952 studiis
991 1890 1117 1969 imparti-
1126 1898 1159 1954 18

114 1975 196 2037 mur‘l
229 1977 312 2037 Aliae
328 1978 417 2038 boras
433 1995 524 2038 vanus
541 1975 682 2038 salutandi
697 1976 793 2052 labor,
812 1977 884 2037 alias
900 1976 996 2036 datum
1010 1972 1116 2034 fabulis

115 2061 220 2134 otium,
245 2060 315 2118 alias
338 2060 524 2138 spectacula,
550 2059 622 2121 alias
641 2060 772 2120 convivia
788 2060 910 2120 trabunt
947 2057 1051 2121 Adiice
1074 2065 1118 2116 tot

115 2159 226 2220 genera
240 2141 357 2203 ludendi
374 2151 403 2203 et
419 2143 548 2203 insanam
562 2144 695 2220 corporis
713 2161 825 2212 curam;
842 2142 936 2202 trabat
950 2140 1016 2201 inde
1031 2158 1117 2218 pere·

115 2227 256 2304 grinatio,
271 2243 354 2303 rora,
375 2225 553 2286 calculorum
568 2227 671 2286 anxiae
688 2224 910 2300 sollicitudines,
926 2224 1033 2284 multae
1051 2241 1117 2283 cau·

115 2328 166 2371 sae
187 2309 333 2370 libidinum
355 2319 384 2370 et
405 2312 501 2370 vinum
523 2318 552 2369 et
573 2308 733 2386 flagitiosus
752 2310 832 2369 omni
852 2326 963 2386 genere
984 2305 1117 2385 volupta-

115 2404 173 2455 tum
187 2395 312 2463 animus;
335 2412 372 2454 ne
393 2393 559 2473 ecquidem
573 2401 705 2472 tempora
719 2392 841 2469 idonea,
860 2409 934 2472 quac
951 2398 1116 2470 supersunt.

116 2479 198 2552 Quae
215 2480 239 2538 ai
255 2479 349 2540 omnia
366 2479 466 2540 studiis
483 2479 733 2557 impenderentur:
757 2477 813 2539 iam
828 2476 913 2536 nobis
930 2475 1018 2552 longa
1035 2482 1116 2534 aetas
1126 2481 1160 2537 19

116 2573 145 2623 et
170 2562 284 2624 abunde
305 2565 376 2624 satis
401 2564 437 2625 ad
461 2561 629 2624 discendum
650 2563 744 2641 spatia
765 2560 933 2625 viderentur
953 2557 1002 2621 nel
1018 2558 1118 2619 diurna

115 2656 223 2709 tantum
239 2648 471 2726 computantibus
486 2657 631 2725 tempora;
648 2656 677 2707 ut
692 2646 761 2708 nihil
777 2655 891 2720 noctes,
907 2661 1026 2724 quarum
1040 2641 1118 2703 bona

115 2751 184 2811 pars
200 2733 276 2792 omni
292 2750 393 2793 somno
411 2731 528 2809 longior
543 2740 598 2808 est,
614 2731 791 2792 adiuvarent.
820 2728 905 2790 Nunc
921 2735 1118 2807 computamus

117 2832 224 2893 annos,
243 2833 302 2875 non
317 2816 420 2896 quibus
436 2815 593 2876 studuimus
609 2815 661 2876 sed
677 2814 782 2895 quibus
798 2815 930 2875 uiximus.
962 2810 1028 2872 Nec
1044 2818 1159 2877 vercae

117 2902 141 2959 si
156 2909 327 2978 geometrae
344 2910 373 2961 et
386 2900 563 2979 grammatici
579 2908 800 2977 ceterarumque
815 2899 916 2960 artium
931 2895 1119 2976 professores

117 3002 231 3045 onmem
243 3003 327 3046 snam
341 2986 446 3060 vitam,
470 2983 629 3065 quamlibet
648 2983 737 3063 longa
752 2983 855 3059 luerit,
872 2983 902 3041 in
917 2979 1037 3058 singulis
1048 2979 1119 3039 orti·

116 3067 171 3127 bus
198 3078 453 3148 consumpserunt,
484 3070 614 3150 sequitur
639 3078 671 3130 nt
696 3069 795 3148 plures
822 3065 960 3147 quasdam
985 3064 1060 3125 vitas
1083 3060 1121 3122 ad

117 3151 200 3228 plora
216 3153 355 3215 discenda
371 3154 580 3215 desideremus.
607 3151 711 3233 Neque
728 3154 803 3213 enim
817 3151 859 3212 illi
874 3150 1035 3211 didicerunt
1045 3146 1121 3206 haec

118 3253 211 3314 usque
235 3239 264 3296 in
279 3247 460 3299 senectutem
481 3238 534 3298 sed
558 3256 594 3299 ea
616 3237 680 3299 sola
697 3238 834 3299 didicisse
857 3235 985 3297 contenti
1005 3231 1121 3292 luerunt

118 3335 153 3378 ac
169 3327 212 3378 tot
227 3338 318 3381 annos
333 3324 362 3382 in
378 3323 486 3383 utendo
504 3340 561 3382 oon
578 3325 606 3382 in
622 3321 816 3402 percipiendo
836 3320 1042 3381 exhauserunt.

204 3400 351 3482 Ceterum,
366 3415 397 3467 ut
412 3407 449 3468 de
461 3406 588 3468 llomero
602 3415 727 3482 taceam,
744 3406 772 3465 in
787 3421 844 3485 quo
860 3404 965 3464 nullius
980 3419 1038 3462 non
1054 3395 1164 3459 artisil

116 3494 165 3546 aut
182 3503 274 3567 opera
290 3491 425 3569 perlecta
440 3499 488 3551 aut
512 3499 594 3552 certe
609 3507 667 3550 non
681 3488 768 3551 dubia
782 3490 908 3568 vestigia
922 3487 1121 3569 reperiuntur3
