2566 4026
141 155 203 218 248
458 166 494 214 u.
510 166 588 213 uun.
606 166 825 227 omnesomnes

114 336 205 405 amen
227 330 309 399 patre
330 328 468 380 uteretur.
513 319 553 379 At
574 339 620 380 me
641 319 754 382 fortuna
775 321 803 381 id
826 333 961 400 agentem
982 324 1085 385 diebus
1107 336 1164 386 ao'

140 405 274 467 noctibus
295 404 537 482 festinantemque
558 412 635 463 metu
657 422 739 463 meae
768 406 951 467 mortalitatis
978 408 1016 468 ita
1045 408 1142 469 subito

140 490 312 569 prostravit,
335 497 366 547 ut
386 487 494 548 laboris
518 489 575 547 mei
596 488 706 547 fructus
728 488 763 547 ad
784 492 925 550 neminem
943 492 1034 550 minus
1058 509 1144 570 quam

140 573 175 634 ad
191 591 237 632 mc
255 574 425 649 pertineret.
469 570 552 630 lllum
575 573 663 646 enim,
687 571 722 632 de
746 589 803 650 quo
822 591 930 633 summa
947 592 1146 653 conceperant

141 667 171 718 et
186 658 214 715 in
230 673 287 735 quo
304 673 386 733 spem
400 657 513 714 unicam
534 656 692 715 senectutis
713 657 908 733 reponebam,
931 660 1057 735 repetito
1080 659 1142 718 vul·

112 748 211 803 bnere
241 738 373 800 orbitatis
399 739 489 799 amisi.
543 739 618 812 Quid
649 756 723 798 nunc
752 738 856 816 agam?
882 750 930 801 aut
957 760 1043 820 quem
1067 741 1145 802 ultra

142 843 210 885 esse
224 842 306 883 usum
323 824 395 898 mei,
414 822 468 882 diis
483 822 729 900 repugnantibus,
748 822 884 884 credam?
921 824 994 884 Nam
1010 826 1048 885 ita
1064 824 1143 884 forte

141 909 263 982 accidit,
286 916 317 966 ut
338 924 402 966 eum
422 923 539 985 quoque
564 906 684 981 librum,
708 923 792 984 quem
801 907 850 967 ‚de
871 911 966 968 causis
985 917 1146 986 corruptae

142 991 326 1070 eloquentiae
345 991 442 1065 emisi,
458 992 514 1049 iam
527 990 658 1049 scribere
678 1007 836 1068 aggressus
851 993 910 1051 ictu
926 992 1011 1051 simili
1027 993 1142 1051 feriter.

141 1073 224 1135 Nunc
247 1077 334 1153 igitur
357 1075 494 1152 optimum
516 1073 583 1149 fuit,
602 1074 755 1133 infaustum
773 1091 863 1153 opus,
881 1083 911 1134 et
930 1076 1069 1154 quidquid
1085 1075 1144 1135 boc

142 1169 187 1220 est
203 1161 231 1218 in
247 1177 293 1218 me
309 1159 467 1218 infelicium
483 1158 658 1233 litterarum,
675 1175 765 1235 super
779 1160 957 1218 immaturum
973 1158 1057 1223 funus
1074 1174 1144 1218 con·
1169 1165 1172 1169 '

141 1245 295 1321 sumpturis
316 1245 431 1302 viscera
452 1259 516 1302 rnea
537 1241 656 1302 dammis
679 1242 799 1302 iniicere
820 1260 915 1321 neque
937 1242 1011 1302 banc
1028 1243 1145 1320 impiam

112 1324 324 1387 4vivacitatem
343 1327 426 1386 novis
447 1328 565 1403 insuper
595 1326 671 1385 curis
699 1326 833 1403 fatigare.
878 1323 950 1399 Quis
978 1327 1053 1385 enim
1075 1324 1145 1384 mibi

141 1409 234 1470 bonus
249 1428 355 1488 parcns
371 1411 521 1486 ignoscat,
542 1411 567 1468 si
587 1410 705 1469 studere
726 1410 848 1488 amplius
864 1425 997 1487 possum;
1029 1427 1065 1468 ae
1086 1425 1145 1467 non

142 1494 235 1554 oderit
250 1493 324 1553 banc
340 1494 425 1554 animi
445 1495 501 1552 mei
521 1493 699 1568 firmitatem,
721 1496 746 1553 si
768 1494 832 1572 quis
853 1495 881 1551 in
904 1511 950 1552 me
974 1493 1048 1552 alius
1073 1508 1144 1550 usus

140 1578 240 1652 vocis,
264 1594 348 1654 quam
369 1579 549 1636 utinensem
571 1577 643 1636 deos
668 1587 819 1654 superstes
843 1578 967 1635 omnium
992 1571 1145 1636 meorum?

141 1659 256 1721 Nullam
271 1663 299 1720 in
314 1669 408 1720 terras
427 1660 581 1737 despicere
597 1660 807 1738 providentiam
823 1669 929 1728 tester;
952 1662 976 1718 si
997 1677 1055 1718 non
1077 1674 1145 1718 meo

142 1762 227 1820 casu,
250 1746 295 1804 cui
317 1753 412 1804 tamen
433 1743 502 1803 nibil
525 1743 629 1820 obiici,
651 1745 705 1802 nisi
734 1745 812 1822 quod
838 1747 948 1818 vivam,
973 1751 1089 1821 potest,
1115 1750 1146 1802 at

141 1826 256 1888 illorum
274 1837 371 1904 certe,
389 1844 462 1906 quos
478 1828 577 1906 utique
595 1829 753 1887 immeritos
769 1845 847 1888 mors
864 1826 971 1888 acerba
987 1825 1143 1900 damnavit,

142 1921 243 1990 erepta
267 1912 347 1990 prius
369 1912 436 1972 mibi
459 1920 550 1972 matre
571 1911 743 1987 eorundem,
773 1930 848 1991 quae
875 1911 999 1971 nondum
1022 1909 1146 1988 expleto

141 1996 243 2057 aetatis
261 1996 477 2055 undevicesimo
495 2011 568 2055 anno
592 1996 665 2056 duos
687 1998 772 2056 enixa
793 1995 888 2070 lilios,
913 1995 1042 2074 quamvis
1060 2010 1143 2053 acer·

111 2079 264 2138 obissimis
282 2088 364 2157 rapta
381 2080 464 2154 fatis,
483 2079 555 2138 felix
573 2077 720 2140 decessit?
756 2078 822 2157 Ego
837 2079 886 2138 vel
909 2078 967 2138 hoc
988 2095 1045 2137 uno
1066 2075 1145 2136 malo

141 2166 286 2222 siceram
308 2162 448 2237 afflictus,
472 2171 501 2221 ut
522 2180 568 2221 me
589 2165 644 2223 iarn
664 2163 742 2223 nulla
764 2163 878 2223 fortuna
903 2170 1005 2240 posset
1022 2160 1144 2221 efficere

140 2246 267 2306 felicem.
313 2245 385 2305 Nam
412 2264 475 2305 cum
507 2247 582 2305 omni
610 2248 730 2321 virtute,
758 2264 833 2325 quae
859 2248 887 2305 in
910 2246 1032 2306 feminas
1055 2243 1143 2318 cadit,

140 2328 237 2389 functa
257 2329 445 2390 insanabilem
467 2329 561 2391 attulit
582 2331 684 2390 marito
707 2328 853 2397 dolorem;
882 2339 941 2390 tum
964 2337 1065 2389 'aetate
1086 2336 1144 2387 tam

141 2412 281 2491 puellari,
296 2415 469 2493 praesertim
484 2431 567 2473 meas
590 2422 772 2492 comparata,
797 2422 896 2492 potest
917 2422 946 2473 et
965 2415 1028 2491 ipsa
1044 2429 1143 2471 nume·

111 2497 197 2562 orari
214 2498 289 2557 inter
304 2497 424 2558 vulnera
443 2497 584 2556 orbitatis.
628 2496 742 2556 Liberis
756 2505 851 2557 temen
867 2495 1084 2575 superstitibus,
1102 2501 1144 2569 et,

142 2580 219 2658 quod
240 2580 322 2640 nefas
344 2590 422 2655 erat,
443 2581 496 2639 sed
519 2580 637 2658 optabat
658 2582 737 2658 ipsa,
760 2599 807 2640 me
822 2579 904 2640 salvo
920 2580 1061 2640 maximos
1079 2596 1143 2638 cru·

142 2664 233 2722 ciatus
249 2664 402 2741 praecipiti
417 2664 466 2722 via
482 2663 592 2739 effugit.
624 2662 693 2723 llibi
706 2663 781 2722 filius
795 2666 889 2723 minor
902 2665 1029 2742 quintum
1042 2679 1144 2738 egres·

89 2764 92 2771 ·
112 2758 190 2813 tsus
206 2764 309 2806 annum
326 2748 407 2824 prior
425 2746 546 2806 alterurn
564 2765 601 2805 ex
616 2746 728 2807 duobus
749 2748 823 2806 eruit
844 2746 950 2806 lumen.
996 2744 1062 2805 Nou
1081 2761 1144 2803 sum
1170 2790 1173 2795 .

140 2828 307 2890 ambitiosus
323 2831 351 2888 in
367 2829 449 2889 malis
471 2847 526 2888 nec
542 2848 651 2906 augere
671 2829 854 2890 lacrimarum
870 2847 972 2889 causas
989 2827 1072 2904 velo,
1089 2828 1143 2886 uti·

139 2930 262 2992 namque
279 2922 359 2973 esset
376 2915 448 2972 ratio
463 2913 616 2973 minuendi.
661 2914 721 2974 Sed
738 2912 919 2974 dissimulare
943 2913 991 2991 qui
1011 2928 1142 2989 possum,

141 2997 209 3076 quid
223 2997 274 3057 ille
289 2998 401 3076 gratiae
417 2998 445 3055 in
462 2997 559 3071 vultu,
579 2997 647 3075 quid
662 2998 844 3058 iucunditatis
861 2998 889 3056 in
904 3012 1051 3070 sermone,
1069 3010 1143 3072 quos

140 3082 247 3157 ingenii
260 3079 421 3159 igniculos,
440 3098 525 3159 quam
545 3079 732 3141 substantiam
754 3079 888 3158 placidae
908 3089 938 3139 et
962 3078 1062 3157 (quam
1079 3078 1144 3138 scio

139 3165 189 3223 vix
204 3181 293 3242 posse
310 3165 391 3225 credi
408 3166 529 3242 tantam)
547 3163 622 3224 altae
638 3165 741 3224 mentis
759 3163 931 3231 ostenderim
954 3163 1048 3242 qualis
1064 3178 1142 3221 amo·

111 3252 202 3305 tinem
224 3250 388 3326 quicunque
410 3246 519 3308 alienus
543 3247 636 3307 infans
660 3256 830 3308 mereretur.
881 3246 957 3307 lllud
978 3263 1051 3305 vero
1075 3245 1142 3304 insi-

142 3329 260 3408 diantis,
278 3348 335 3411 quo
351 3349 397 3392 me
412 3332 535 3392 validius
552 3333 712 3407 cruciaret,
728 3332 862 3390 fortunae
879 3329 947 3406 fuit,
963 3339 994 3389 ut
1009 3329 1061 3390 ille
1074 3327 1143 3388 mibi

141 3412 343 3475 blandissimus
367 3434 413 3474 me
440 3415 499 3474 suis
520 3415 694 3493 nutricibus,
728 3432 774 3472 me
802 3415 884 3475 aviae
913 3413 1064 3490 educenti,
1096 3428 1142 3472 me
