2566 4026
211 196 274 256 212
530 204 896 263 m.aua.quruurnraur

168 373 239 428 litet
258 363 336 423 clara
357 372 386 422 et
402 361 515 421 obtusa.
550 359 674 437 Spiritus
691 359 775 418 etiam
796 359 913 436 longior
928 358 1114 438 breviorque.
1158 361 1227 423 Nec

211 465 324 523 causas,
341 465 393 505 cur
408 443 535 523 quidque
551 460 650 502 eorum
666 443 787 518 accidat,
805 444 943 521 persequi
960 446 1113 522 proposito
1136 450 1227 524 operi

209 531 406 591 necessarium
423 537 483 588 est:
507 544 644 586 eorumne
661 529 697 586 sit
713 525 893 602 differentia,
915 529 943 585 in
961 528 1063 605 quibus
1081 547 1152 590 aura
1170 531 1227 591 illa

210 616 387 692 concipitur,
405 631 441 672 an
459 628 569 687 eorum,
587 629 642 689 per
657 628 732 688 quae
748 611 828 670 velut
842 628 951 688 organa
965 621 1057 680 meat;
1075 615 1133 691 ipsi
1152 632 1225 691 pro·

209 701 272 778 pria
287 707 405 772 natura,
429 714 465 756 an
480 705 566 774 prout
582 704 728 762 moretum
748 694 847 755 lateris
865 697 1034 773 pectorisve
1049 696 1169 757 firmitas
1187 718 1227 760 an

209 783 312 861 capitis
331 782 416 840 etiam
432 780 497 858 plus
520 779 645 840 adiuvet.
677 777 750 838 Nam
767 795 840 857 opus
858 789 903 840 est
925 780 1056 839 omnibus
1071 781 1148 840 sicut
1163 800 1226 842 non

209 868 268 927 oris
283 864 370 925 modo
391 865 533 924 suavitate
549 863 602 923 sed
619 864 728 922 narium
744 879 879 941 quoque,
896 882 951 941 per
968 881 1054 940 quas,
1075 866 1154 942 quod
1174 885 1224 926 su·

208 960 309 1029 perest
324 949 423 1024 vocis,
440 949 579 1024 egeritur.
612 946 714 1006 Dulcis
730 965 798 1006 esse
813 956 907 1007 tamen
929 947 1016 1016 debet
1032 964 1090 1006 non
1112 967 1225 1027 expro-

166 1035 293 1099 ltbram
318 1051 416 1092 sonus.
457 1031 593 1092 Utendi
608 1048 701 1090 voce
723 1030 875 1109 multiplex
891 1032 974 1091 ratio.
1010 1030 1083 1091 Nam
1099 1043 1226 1109 praeter

207 1118 286 1179 illam
301 1117 501 1190 differentiam,
518 1133 593 1193 quae
611 1124 656 1174 est
671 1116 824 1192 tripertita,
841 1124 961 1190 acutae,
978 1117 1088 1192 gravis,
1104 1116 1223 1186 dexae;

206 1211 265 1262 tum
280 1201 414 1277 intentis,
437 1209 496 1259 turn
514 1200 663 1274 remissis,
687 1198 858 1274 tumulatis,
882 1209 940 1259 tum
955 1199 1143 1259 inferioribus
1158 1219 1224 1260 mo-

164 1295 199 1350 18
207 1285 250 1346 dis
267 1303 341 1364 opus
356 1293 419 1361 est,
442 1285 543 1362 spatiis
560 1299 676 1362 quoque
693 1282 863 1343 lentioribus
876 1291 924 1343 aut
940 1282 1131 1344 citatioribus.
1160 1285 1225 1345 Sed

205 1369 249 1429 his
266 1370 337 1448 ipsis
353 1369 447 1428 media
462 1367 633 1427 interiacent
648 1365 751 1435 multa;
775 1375 804 1426 et
824 1376 855 1426 ut
870 1367 978 1442 iacies,
1000 1385 1166 1445 quanquam
1185 1389 1225 1430 ex

205 1454 391 1532 paucissimis
415 1459 544 1528 constat,
574 1451 711 1510 infinitam
730 1450 819 1510 habet
841 1451 1049 1511 differentiam:
1079 1453 1120 1511 ita
1147 1471 1223 1530 vox,

206 1539 262 1596 etsi
283 1554 410 1615 paucas,
434 1553 509 1613 quae
526 1537 666 1595 nominari
687 1536 818 1613 possint,
846 1537 973 1595 continet
989 1536 1125 1613 species,
1150 1555 1222 1615 pro-

204 1621 267 1698 pria
284 1622 389 1699 cuique
405 1629 466 1696 est,
493 1627 522 1679 et
537 1636 594 1679 non
611 1619 684 1679 baec
707 1620 797 1678 minua
820 1619 936 1679 auribus
956 1638 1039 1697 quam
1056 1620 1150 1679 oculis
1169 1621 1223 1682 illa

205 1704 393 1780 dignoscitur.

163 1789 197 1843 19
289 1787 442 1863 Augentur
468 1795 562 1846 autem
588 1788 662 1845 sicut
685 1789 808 1846 omnium
832 1789 870 1848 ita
891 1791 974 1849 vocis
1000 1807 1117 1868 quoque
1140 1789 1221 1852 bona

206 1888 307 1946 cura,
331 1871 510 1947 negligentia
525 1872 694 1930 minuuntur.
728 1872 787 1932 Sed
804 1890 873 1932 cora
888 1889 946 1931 non
971 1873 1073 1933 eadem
1094 1877 1221 1934 oratori-

204 1954 258 2014 bus
272 1972 347 2032 quae
363 1954 519 2032 phonascis
532 1956 681 2022 convenit;
702 1963 796 2015 tamen
811 1956 898 2015 multa
910 1965 975 2015 sunt
991 1959 1123 2034 utrisque
1140 1975 1220 2017 com·

203 2039 313 2113 munia,
341 2038 458 2099 irrmitas
483 2039 633 2117 corporis,
656 2058 693 2098 ne
717 2039 753 2099 ad
775 2041 934 2118 spadonum
963 2049 992 2100 et
1013 2040 1166 2101 mulierum
1193 2052 1222 2102 et

204 2139 359 2199 aegrorum
390 2122 548 2182 exilitatem
567 2139 626 2182 vox
648 2132 747 2183 nostra
766 2132 916 2192 tenuetur;
948 2124 1026 2203 quod
1049 2124 1220 2202 ambulatio,

203 2207 321 2283 unctio,
342 2208 459 2267 veneris
483 2206 672 2283 abstinentia,
696 2207 791 2267 facilis
812 2207 1102 2286 ciborum-digestio,
1127 2209 1157 2268 id
1176 2219 1221 2270 est

161 2290 372 2367 doirugalitas,
399 2300 538 2370 praestat.
578 2291 736 2351 Praeterea
761 2301 792 2351 ut
814 2294 870 2351 sint
894 2293 995 2352 lauces
1017 2293 1168 2369 integrae,
1193 2295 1221 2354 id

204 2383 249 2433 est
267 2375 373 2434 molles
391 2393 426 2435 ac
443 2375 543 2451 leves,
567 2393 687 2453 quarum
702 2376 772 2434 vitio
792 2385 821 2436 et
836 2376 978 2453 frangitur
994 2386 1023 2436 et
1045 2376 1221 2438 obscuratur

203 2467 232 2517 et
256 2468 447 2537 exasperatur
471 2469 500 2518 et
517 2459 656 2519 scinditur
675 2477 744 2518 vox.
777 2458 849 2518 Nam
874 2468 903 2519 ut
921 2460 1008 2520 tibiae
1033 2461 1138 2521 eodem
1160 2464 1219 2540 spi·

201 2543 258 2601 ritu
287 2552 411 2621 accepto
436 2541 521 2602 alium
544 2543 651 2602 clausis
675 2543 760 2603 alium
786 2545 895 2622 apertis
920 2545 1109 2603 foraminibus
1132 2545 1220 2605 alium

202 2627 345 2686 nonsatis
362 2636 504 2705 purgatae
526 2626 612 2686 alium
631 2645 755 2704 quassae
772 2644 874 2686 sonum
889 2629 1029 2689 reddunt:
1052 2632 1092 2689 ita
1115 2630 1219 2689 fauces

201 2718 345 2769 tumentes
368 2710 548 2787 strangulant
569 2728 692 2787 vocem,
721 2711 843 2772 obtusae
868 2711 1041 2788 obscurant,
1066 2731 1152 2773 rasae
1168 2733 1216 2774 ex·

159 2801 356 2871 ilasperaut,
389 2793 548 2854 convulsae
571 2795 674 2854 fractis
699 2804 764 2854 sunt
789 2797 906 2873 organis
930 2797 1049 2856 similes.
1086 2795 1220 2858 Finditur

203 2879 288 2937 etiam
307 2878 425 2956 spiritus
443 2876 560 2938 obiectu
576 2879 671 2957 aliquo
689 2880 763 2938 sicut
779 2879 881 2958 lapillo
897 2889 999 2940 tenues
1016 2898 1127 2958 aquae,
1148 2900 1218 2960 qua·

174 2966 264 3020 *rum
283 2961 377 3021 buxus
394 2963 506 3022 etiamsi
526 2961 601 3022 ultra
617 2963 731 3040 paulum
747 2965 821 3040 coit,
844 2965 951 3041 aliquid
973 2975 1069 3024 tamen
1086 2965 1150 3024 cavi
1172 2984 1218 3024 re·

204 3045 306 3123 linquit
319 3055 386 3123 post
400 3046 429 3105 id
445 3046 547 3123 ipsum,
566 3048 643 3125 quod
659 3047 829 3107 offenderat.
854 3047 963 3108 llumor
978 3066 1097 3127 quoque
1113 3066 1220 3110 vocem
1240 3070 1245 3083 ‘

201 3138 249 3188 aut
271 3130 373 3189 nimius
397 3131 515 3208 impedit
536 3139 584 3190 aut
608 3141 794 3209 consumptus
816 3132 955 3192 destituit.
991 3131 1063 3192 Nam
1083 3132 1218 3210 fatigatio

199 3221 231 3271 ut
247 3230 373 3290 corpora
391 3231 448 3272 non
469 3214 660 3292 adpraesens
677 3216 763 3276 modo
781 3224 893 3293 tempus
910 3217 962 3275 sed
985 3219 1071 3276 etiam
1090 3217 1119 3274 in
1141 3217 1216 3276 iutu·

157 3305 260 3360 aarum
286 3297 384 3356 allicit.
416 3297 475 3357 Sed
498 3307 529 3358 ut
550 3300 738 3358 communiter
761 3309 790 3359 et
814 3299 969 3378 phonascis
993 3309 1023 3359 et
1049 3300 1219 3361 oratoribus

199 3381 368 3440 necessaria
390 3383 577 3458 exercitatio,
609 3401 665 3461 qua
692 3385 785 3444 omnia
809 3384 1032 3443 convalescunt:
1066 3386 1106 3444 ita
1128 3403 1219 3445 curae

200 3475 258 3519 non
277 3461 352 3522 idem
376 3482 468 3541 genus
492 3475 545 3525 est.
587 3464 660 3526 Nam
675 3485 770 3546 neque
787 3476 868 3527 certa
883 3476 1015 3546 tempora
1037 3467 1072 3528 ad
1089 3470 1218 3547 spatian-
