2566 4026
357 172 446 219 I'NST.
460 170 609 219 ORATOR.
625 170 694 219 LlB.
710 173 776 239 vn,
792 170 818 222 2.
1058 167 1098 227 17

86 339 146 402 ιεε,
162 325 323 402 humilitas,
347 343 436 404 opes,
458 335 489 384 ut
505 325 609 403 cuique
625 325 742 403 ingenio
758 327 803 385 vis
820 335 884 403 est,
907 330 936 389 in
951 329 1096 392 diversum

85 411 243 472 trabuntur.
288 408 374 468 Probi
398 427 469 468 vero
489 425 594 469 mores
624 420 653 470 et
674 419 826 471 anteactae
846 411 923 472 vitae
944 413 1139 493 iutegritassa

84 511 228 572 nunquam
248 509 306 551 non
326 492 478 571 plurimum
501 493 671 571 profuerint.
710 494 741 555 st
764 494 835 555 nihil
852 495 1021 558 obiicietur:
1044 517 1095 578 pa·

84 590 184 638 tronus
203 577 318 654 quidem
332 578 361 636 in
376 576 433 636 hoc
447 576 637 637 vehementer
651 578 812 647 incumbet;
830 590 985 640 accusator
1001 592 1096 642 autern

84 664 121 723 ad
136 671 320 740 praesentem
337 663 551 740 quaestionem,
569 660 605 720 de
622 680 677 740 qua
693 662 757 722 sola
772 662 906 722 iudicium
921 665 977 741 sit,
995 668 1095 744 cogni·

84 749 192 806 tionem
219 744 350 822 alligabit
380 746 498 822 dicens,
527 747 669 805 neminem
689 763 747 805 non
775 746 929 824 aliquando
958 752 1096 828 coepisse

83 846 228 908 peccare,
250 847 305 888 nec
325 845 379 906 pro
401 830 533 888 encomio
553 828 714 888 ducendum
732 830 830 889 scelus
846 831 978 908 primurn.
1014 833 1138 901 Haecat

83 916 112 974 in
127 912 343 991 respondendo.
381 913 430 972 Sic
452 922 547 972 autern
569 912 756 991 praeparabit
776 914 891 975 actione
910 917 1002 994 prima
1023 918 1095 978 iudi-

83 1016 148 1059 cum
168 997 294 1070 animos,
317 1004 348 1054 ut
370 995 500 1056 noluisse
516 998 613 1075 potius
629 997 760 1057 obiicere
777 1015 861 1076 quam
882 1016 939 1060 non
962 1002 1095 1079 potuisse

84 1082 228 1141 credatur.
265 1078 370 1158 quue
394 1080 484 1139 satius
507 1090 568 1157 est,
593 1097 677 1140 omne
693 1099 726 1140 se
741 1091 894 1142 anteactae
909 1085 987 1144 vitae
1007 1084 1095 1145 absti-

82 1183 153 1226 nere
176 1164 309 1224 convicio
332 1181 415 1243 quarn
433 1163 546 1224 levibus
562 1174 610 1224 aut
631 1165 744 1225 frivolis
766 1174 814 1225 aut
835 1167 988 1228 manifesto
1011 1168 1096 1229 falsis

82 1250 343 1324 reumincessere,
361 1250 427 1326 quia
443 1247 515 1307 fides
532 1249 639 1308 ceteris
655 1248 831 1325 detrahitur,
849 1259 878 1310 et
891 1251 940 1330 qui
957 1252 1028 1312 nihil
1043 1253 1095 1312 ob·

81 1334 157 1408 iicit,
183 1333 316 1392 omisisse
339 1331 420 1392 credi
442 1340 541 1410 potest
561 1331 715 1394 maledicta
738 1329 871 1412 tanquam
896 1353 1094 1413 supervacua;

83 1417 131 1495 qui
142 1435 214 1476 vana
227 1417 376 1493 congerit,
394 1416 548 1477 confitetur
562 1434 666 1477 vanum
682 1418 710 1476 in
723 1419 864 1478 anteactis
883 1429 1093 1496 argumentum,

80 1501 230 1579 inquibus
252 1502 328 1560 vinci
348 1518 432 1578 quam
449 1510 549 1560 tacere
570 1500 712 1560 maluerit.
749 1499 873 1578 Cetera,
898 1520 973 1582 quae
992 1521 1008 1564 a
1024 1515 1137 1582 per-35

80 1586 160 1644 sonis
177 1584 243 1644 duci
258 1585 370 1660 solent,
386 1586 415 1643 in
430 1594 663 1662 argumentorum
678 1584 753 1645 locis
770 1587 968 1665 exposuimus.

165 1668 298 1728 Proxima
314 1676 359 1727 est
376 1686 414 1727 ex
432 1671 559 1728 causis
576 1668 728 1747 probatio,
747 1670 775 1728 in
793 1669 897 1748 quibus
912 1669 987 1730 baec
1003 1670 1093 1730 mani·

80 1771 126 1812 me
150 1761 334 1830 spectantur,
360 1753 420 1828 ira,
450 1752 561 1829 odium,
587 1761 697 1828 metus,
726 1752 884 1831 cupiditas,
913 1772 999 1832 spes;
1028 1771 1092 1814 nana

79 1837 193 1917 reliqua
214 1839 243 1896 in
263 1836 365 1896 borum
386 1838 503 1915 specics
526 1836 638 1897 cadunt.
677 1837 805 1911 Quorum
827 1838 851 1896 si
874 1837 942 1916 quid
961 1839 990 1897 in
1011 1856 1092 1897 reum

81 1922 250 1981 conveniet:
273 1921 452 1981 accusatoris
477 1929 522 1980 est
544 1921 681 1997 allicere,
711 1921 747 1981 ad
769 1921 906 2000 quidquid
928 1921 1092 1982 laciendum

80 2022 186 2065 causae
198 2004 299 2065 valere
313 2004 484 2080 videantur,
501 2023 625 2083 easque,
638 2022 710 2082 quas
726 2005 754 2064 in
770 2014 969 2082 argumentum
985 2013 1090 2081 sumet,

79 2107 205 2166 augere;
229 2089 255 2147 si
281 2089 387 2148 minus:
410 2088 480 2147 illuc
504 2088 681 2148 conferenda
703 2097 748 2147 est
770 2091 883 2166 oratio,
906 2098 955 2148 aut
979 2089 1135 2167 aliquasafi

79 2173 206 2232 fortasse
223 2171 346 2231 latentes
364 2171 471 2247 fuisse,
489 2181 536 2231 εει
551 2172 621 2231 nihil
634 2171 670 2231 ad
686 2190 747 2231 rem
762 2173 928 2250 pertinere,
946 2191 997 2232 cur
1009 2172 1090 2232 lece·

78 2259 130 2330 rit,
156 2257 181 2315 si
201 2255 286 2331 fecit,
309 2263 358 2316 aut
381 2258 467 2315 etiarn
484 2254 597 2332 dignius
618 2273 685 2314 esse
710 2254 779 2314 odio
796 2255 915 2331 scelus,
941 2256 1018 2335 quod
1034 2273 1092 2316 non

77 2340 210 2400 babuerit
233 2354 358 2399 causam.
396 2339 536 2399 Patronus
558 2356 648 2415 vero,
671 2339 805 2416 quotiens
821 2339 947 2417 poterit,
973 2338 1092 2398 instabit

77 2424 144 2484 huic
160 2422 244 2499 loco,
261 2432 291 2483 ut
305 2423 376 2482 nihil
390 2423 531 2483 credibile
548 2424 584 2482 sit
600 2422 707 2482 lactum
722 2439 790 2481 esse
802 2424 865 2482 sine
878 2439 977 2482 causa.
1005 2420 1090 2494 Quod

78 2505 184 2567 Cicero
206 2506 459 2567 vehementissime
480 2507 576 2567 multis
593 2505 771 2566 orationibus
786 2513 907 2581 tractat,
930 2506 1091 2584 praecipue

77 2601 172 2651 tamen
196 2608 250 2669 pro
266 2591 400 2668 Vareno,
424 2592 472 2671 qui
501 2590 631 2650 omnibus
653 2590 717 2651 aliis
741 2589 943 2669 premebatur;
972 2606 1036 2648 nam
1063 2598 1092 2649 et

76 2675 225 2735 damnatus
242 2683 297 2735 est.
337 2675 394 2751 At,
411 2677 436 2735 si
451 2676 640 2754 proponitur,
662 2692 714 2733 cur
728 2674 838 2735 lactum
853 2673 905 2733 sit:
922 2680 971 2733 aut
985 2671 1134 2732 falsandi

77 2776 193 2819 causam
209 2767 256 2819 aut
268 2759 364 2819 levem
375 2769 423 2820 aut
439 2761 567 2836 ignotam
582 2776 634 2818 reo
650 2758 737 2818 dicet.
772 2758 900 2818 Possunt
912 2764 1007 2817 autem
1023 2773 1092 2815 esse

76 2843 192 2921 aliquae
208 2844 322 2902 interim
344 2845 477 2921 ignotae,
495 2843 540 2902 An
556 2843 694 2902 heredem
708 2841 862 2917 babuerit,
887 2859 923 2902 an
939 2848 1091 2900 accusatu·

75 2945 125 2986 rus
141 2927 229 2986 iuerit
244 2946 325 3002 eum,
343 2946 359 2988 a
376 2945 432 3006 quo
445 2926 549 2987 dicitur
566 2923 705 2987 occisus?
728 2927 759 2987 si
773 2925 830 2986 alia
846 2925 1021 3000 defecerint,
1033 2940 1092 2984 non

76 3012 175 3088 utique
200 3012 373 3088 spectandas
401 3030 468 3071 esse
497 3028 613 3075 causas:
641 3028 705 3069 narn
728 3029 814 3089 quern
838 3026 933 3087 posse
954 3008 1091 3087 reperiri,

75 3097 198 3173 quinon
219 3104 340 3170 metuat,
361 3096 470 3170 oderit,
494 3093 616 3175 speret?
639 3094 780 3172 plurimos
800 3103 895 3152 tamen
914 3092 988 3152 haec
1010 3091 1091 3152 salva

75 3181 241 3258 innocentia
260 3178 370 3239 lacere.
409 3177 512 3258 Neque
535 3178 606 3239 illud
630 3187 675 3238 εει
692 3176 895 3252 omittendum,
915 3193 974 3235 non
991 3181 1135 3238 annesae

76 3281 180 3323 causas
198 3265 227 3323 in
243 3263 371 3323 omnibus
387 3264 522 3341 personis
537 3262 648 3322 valere.
682 3261 754 3321 Nam
770 3270 800 3320 ut
818 3260 906 3321 alicui
923 3260 961 3318 sit
976 3258 1091 3320 iurandi

76 3365 164 3407 eausa
191 3356 364 3426 paupertas,
391 3364 448 3406 non
470 3349 524 3407 erit
547 3346 623 3406 idem
648 3347 677 3406 in
700 3343 787 3405 Curio
810 3343 1006 3421 Fabricioque
1029 3360 1089 3403 mo·

75 3441 210 3490 mentum.

134 3536 162 3574 n.
174 3537 197 3573 s.
212 3535 324 3584 ournrm.
338 3519 370 3578 ll.
910 3511 929 3572 2
