2566 4026
366 182 456 230 lusu.
472 180 621 229 onsuon.
640 182 709 229 run.
725 182 786 246 xm,
805 179 830 229 1.
846 182 872 230 a.
1063 167 1123 228 245

118 343 197 401 tione
216 339 344 399 difficilia
367 346 541 413 tractentur,
563 337 761 396 necessarium
777 346 831 396 est.
865 335 937 395 Nam
952 337 1125 414 frequenter

118 426 205 485 etiam
227 425 353 502 optimae
377 440 483 483 causae
504 422 615 481 similes
638 430 702 480 sunt
721 421 821 496 malis,
848 428 877 480 et
898 421 1038 480 innocens
1056 438 1125 480 reus

117 509 214 568 multis
230 505 436 567 verisimilibus
452 508 607 584 premitur;
632 521 689 582 quo
704 504 751 580 fit,
775 513 806 563 ut
825 504 926 564 eadem
942 505 1064 564 actionis
1079 522 1124 563 ra-

116 595 197 653 tione
213 591 415 652 defendendus
431 591 484 667 sit,
503 608 575 668 qua,
598 590 622 649 si
640 605 750 648 nocens
765 596 856 648 esset.
887 588 946 649 Iam
964 591 1124 648 innumera-

117 677 185 736 bilia
203 685 267 736 sunt
285 674 369 735 bonis
388 675 483 735 causis
499 674 641 752 malisque
662 673 838 750 communia,
861 681 971 749 testes,
998 673 1124 748 litterae,

118 762 322 838 suspiciones,
346 760 510 838 opiniones.
541 757 606 818 Non
629 757 714 818 aliter
735 768 830 818 autern
851 757 1020 817 verisimilia
1041 775 1125 835 quam

116 864 187 905 vera
210 855 239 904 et
256 845 460 904 confirmantur
481 852 510 902 et
525 842 707 902 refelluntur.
743 842 949 921 Quapropter,
972 851 1066 902 utres
1082 841 1095 900 l
1114 872 1125 884 ·

116 939 178 1006 ret,
195 930 330 989 lleetetur
346 930 439 988 oratio
456 937 590 987 manente
606 925 729 988 honesta
744 927 905 986 voluntate.

174 1081 411 1134 COGNOSCENDA
430 1080 574 1132 ORATORI
592 1079 708 1158 QUlBUS
725 1079 834 1131 MORES
855 1079 1068 1130 FORMANTUR.

200 1184 237 1244 ll.
269 1184 392 1258 Quando
415 1184 503 1261 igitur
519 1193 618 1243 orator
634 1192 680 1242 est
694 1184 739 1242 vir
754 1182 865 1257 bonus,
894 1183 918 1241 is
940 1190 1035 1242 autem
1053 1183 1125 1240 citra

115 1271 251 1328 virtutem
266 1268 390 1344 intelligi
408 1286 466 1328 non
482 1277 595 1346 potest;
618 1269 727 1343 virtus,
745 1268 856 1327 etiamsi
875 1267 1016 1347 quosdam
1034 1267 1123 1344 impe·

116 1363 162 1413 tus
180 1372 218 1412 ex
232 1362 331 1412 natura
348 1354 447 1428 sumit,
473 1360 570 1412 tamen
585 1352 763 1429 perficienda
785 1351 956 1411 doctrina
978 1359 1040 1409 est:
1062 1367 1123 1408 mo·

115 1456 164 1496 res
181 1446 247 1496 ante
265 1438 358 1497 omnia
379 1437 488 1496 oratori
511 1437 614 1496 studiis
630 1446 713 1495 erunt
730 1435 905 1510 excolendi,
928 1445 1015 1513 atque
1032 1435 1124 1493 omnis

115 1523 231 1581 honesti
247 1522 372 1598 iustique
391 1520 544 1600 disciplina
564 1520 787 1598 pertractanda,
812 1522 874 1580 sine
896 1538 951 1597 qua
967 1535 1053 1578 nemo
1067 1537 1124 1578 nec

117 1605 269 1665 virbonus
286 1623 353 1664 esse
373 1624 429 1665 nec
446 1604 560 1665 dicendi
577 1607 690 1683 peritus
709 1613 816 1683 potest.
849 1603 911 1663 Nisi
938 1604 1014 1663 forte
1036 1614 1150 1665 acce-2

116 1690 207 1749 dimus
223 1690 275 1764 iis,
300 1691 348 1767 qui
365 1698 466 1749 natura
483 1698 619 1749 constare
635 1707 733 1749 mores
749 1698 779 1749 et
796 1689 866 1748 nihil
888 1688 1016 1748 adiuvari
1038 1688 1123 1748 disci-

115 1773 193 1851 plina
211 1782 326 1852 putant;
350 1773 465 1833 scilicet
483 1783 581 1850 ntea,
606 1792 681 1853 quae
698 1792 782 1834 manu
802 1774 888 1850 hunt,
913 1781 1000 1851 atque
1023 1788 1123 1831 eorum

115 1859 200 1918 ctiam
222 1859 470 1937 contemptissima
498 1858 689 1919 confiteantur
710 1873 801 1936 egere
824 1856 1011 1933 doctoribus,
1034 1858 1122 1916 virtu-

114 1952 172 2002 tem
188 1959 279 2017 vero,
297 1961 353 2021 qua
367 1942 439 2002 nihil
454 1942 571 2017 homini,
591 1960 648 2020 quo
667 1944 701 2003 ad
718 1944 789 2003 deos
807 1942 984 2003 immortales
1002 1941 1123 2020 propius

116 2025 288 2100 accederet,
312 2026 407 2085 datum
430 2035 491 2101 est,
515 2027 629 2086 obviarn
652 2036 681 2086 et
700 2026 900 2101 illaboratum,
926 2035 1034 2086 tantum
1057 2027 1123 2103 quia

116 2109 173 2167 nati
197 2110 302 2182 simus,
324 2106 492 2167 habeamus.
528 2107 686 2168 Abstinens
710 2113 780 2186 erit,
806 2111 899 2190 quiid
917 2112 1027 2187 ipsum,
1055 2109 1124 2186 quid

116 2193 153 2250 sit
169 2189 353 2265 abstinentia,
370 2188 508 2269 ignorati
528 2191 566 2250 Et
578 2192 673 2268 fortis,
691 2195 739 2270 qui
755 2203 848 2253 metus
865 2193 991 2268 doloris,
1009 2193 1150 2267 mortis,3

117 2275 334 2352 superstitionis
352 2275 430 2336 nulla
446 2276 559 2334 ratione
574 2273 766 2354 purgaverit?
789 2275 826 2335 Et
842 2277 951 2351 iustus,
974 2277 1022 2352 qui
1037 2276 1123 2354 aequi

115 2360 245 2437 bonique
261 2367 429 2435 tractatum,
450 2360 497 2437 qui
514 2359 615 2436 leges,
642 2377 776 2438 quaeque
793 2369 894 2419 natura
911 2368 976 2418 sunt
992 2357 1123 2417 omnibus

115 2445 200 2504 datae
216 2462 350 2523 quaeque
367 2445 504 2523 propriae
520 2443 637 2523 populis
655 2454 684 2504 et
695 2443 831 2522 gentibus
850 2445 1035 2519 constitutae,
1053 2461 1123 2502 nun·

115 2546 199 2607 quam
216 2528 373 2589 eruditiore
392 2529 490 2607 aliquo
507 2546 642 2588 sermone
658 2526 808 2588 tractarit?
839 2527 863 2587 0
880 2546 964 2606 quam
981 2527 1056 2587 istud
1072 2545 1123 2605 pa·

115 2633 177 2673 rum
192 2622 309 2692 putant,
328 2615 431 2693 quibus
446 2623 503 2673 tarn
520 2614 606 2674 facile
623 2615 752 2674 videtur!
785 2613 844 2674 Sed
860 2613 917 2673 hoc
933 2622 1062 2688 transeo,
1083 2611 1149 2672 des

116 2715 173 2776 quo
189 2700 347 2775 neminem,
370 2700 418 2778 qui
439 2699 551 2758 litteras
566 2698 616 2759 vel
631 2699 747 2776 primis,
766 2708 796 2758 ut
811 2700 904 2775 aiunt,
928 2695 1016 2757 labris
1033 2697 1123 2773 degu-

115 2783 214 2858 starit,
237 2781 427 2843 dubitaturum
449 2793 530 2862 puto.
564 2782 610 2843 Ad
632 2783 703 2843 illud
725 2800 853 2861 sequens
874 2790 1061 2860 praevertar,
1085 2799 1122 2840 ne

115 2866 229 2927 dicendi
252 2867 368 2945 quidem
390 2869 460 2926 satis
481 2868 604 2946 peritum
619 2868 699 2942 fore,
724 2869 771 2945 qui
794 2885 852 2926 non
876 2876 905 2926 et
926 2875 1045 2926 naturae
1066 2867 1123 2924 vim

114 2968 228 3010 omnem
251 2954 365 3030 penitus
387 2953 573 3030 perspexerit
595 2961 624 3011 et
643 2969 740 3012 mores
762 2951 930 3029 praeceptis
952 2968 987 3009 ac
1009 2951 1122 3009 ratione

114 3037 254 3095 formarit.
285 3035 390 3114 Neque
414 3037 488 3095 enim
510 3036 617 3095 frustra
640 3036 771 3096 intortio
794 3036 830 3096 de
846 3034 971 3094 Oratore
992 3034 1066 3094 libro
1086 3033 1147 3098 L.5

116 3118 243 3178 Crassus
267 3130 385 3196 cuncta,
410 3138 485 3198 quae
508 3120 544 3179 de
566 3137 679 3198 aequo,
704 3122 796 3196 iusto,
820 3137 908 3197 vero,
924 3119 1002 3178 bono
1027 3118 1122 3196 deque

116 3205 170 3276 iis,
188 3220 265 3280 quae
282 3213 347 3263 sunt
364 3213 464 3263 contra
479 3206 592 3283 posita,
610 3204 758 3281 dicantur,
775 3205 894 3283 propria
911 3222 978 3263 esse
996 3205 1122 3262 oratoris

115 3286 255 3363 affirmat,
273 3305 307 3348 ac
322 3287 533 3367 philosophos,
551 3308 615 3349 cum
631 3307 665 3348 ea
684 3288 797 3348 dicendi
815 3287 924 3349 viribus
939 3296 1064 3364 tuentur,
1081 3288 1122 3347 uti

115 3370 263 3430 rhetorum
287 3373 372 3432 armis
397 3390 454 3432 non
480 3374 549 3433 suis.
588 3373 667 3433 Idem
688 3383 784 3433 tamen
808 3373 978 3448 confitetur,
1006 3390 1040 3431 ea
1066 3372 1122 3430 iarn

116 3474 184 3516 esse
207 3474 223 3515 a
246 3457 431 3536 philosophia
453 3460 594 3538 petenda,
623 3457 762 3518 videlicet
786 3460 852 3537 quia
872 3459 964 3534 magis
982 3455 1056 3517 haec
1078 3455 1121 3516 illi
