<?xml version="1.0" encoding="UTF-8"?>
<!DOCTYPE html PUBLIC "-//W3C//DTD XHTML 1.0 Transitional//EN"
    "http://www.w3.org/TR/xhtml1/DTD/xhtml1-transitional.dtd">
<html xmlns="http://www.w3.org/1999/xhtml" xml:lang="en" lang="en">
 <head>
  <title>
</title>
<meta http-equiv="Content-Type" content="text/html;charset=utf-8" />
  <meta name='ocr-system' content='tesseract 3.04.00' />
  <meta name='ocr-capabilities' content='ocr_page ocr_carea ocr_par ocr_line ocrx_word'/>
</head>
<body>
  <div class='ocr_page' id='page_1' title='image "./mfabiiquintilia00bonngoog/mfabiiquintilia00bonngoog_0383.png"; bbox 0 0 2566 4026; ppageno 0'>
   <div class='ocr_carea' id='block_1_1' title="bbox 226 170 904 237">
    <p class='ocr_par' dir='ltr' id='par_1_1' title="bbox 226 170 904 237">
     <span class='ocr_line' id='line_1_1' title="bbox 226 170 904 237; baseline -0.013 -6"><span class='ocrx_word' id='word_1_1' title='bbox 226 170 268 231; x_wconf 77' lang='lat' dir='ltr'>tc</span> <span class='ocrx_word' id='word_1_2' title='bbox 541 179 578 226; x_wconf 85' lang='lat' dir='ltr'>m.</span> <span class='ocrx_word' id='word_1_3' title='bbox 592 178 670 226; x_wconf 75' lang='lat' dir='ltr'>aaa.</span> <span class='ocrx_word' id='word_1_4' title='bbox 684 174 904 237; x_wconf 76' lang='lat' dir='ltr'>cummanum</span> 
     </span>
    </p>
   </div>
   <div class='ocr_carea' id='block_1_2' title="bbox 175 329 1233 3334">
    <p class='ocr_par' dir='ltr' id='par_1_2' title="bbox 175 329 1233 3334">
     <span class='ocr_line' id='line_1_2' title="bbox 310 329 1231 411; baseline -0.003 -16"><span class='ocrx_word' id='word_1_5' title='bbox 310 335 368 395; x_wconf 87' lang='lat' dir='ltr'>Sed</span> <span class='ocrx_word' id='word_1_6' title='bbox 397 333 494 392; x_wconf 92' lang='lat' dir='ltr'>evenit</span> <span class='ocrx_word' id='word_1_7' title='bbox 520 333 708 411; x_wconf 90' lang='lat' dir='ltr'>plerumque,</span> <span class='ocrx_word' id='word_1_8' title='bbox 739 331 818 390; x_wconf 94' lang='lat' dir='ltr'>utin</span> <span class='ocrx_word' id='word_1_9' title='bbox 843 329 899 389; x_wconf 90' lang='lat' dir='ltr'>hac</span> <span class='ocrx_word' id='word_1_10' title='bbox 926 329 1076 407; x_wconf 80' lang='lat' dir='ltr'>diligentia</span> <span class='ocrx_word' id='word_1_11' title='bbox 1101 331 1231 393; x_wconf 76' lang='lat' dir='ltr'>deterior</span> 
     </span>
     <span class='ocr_line' id='line_1_3' title="bbox 182 414 1230 493; baseline -0.005 -13"><span class='ocrx_word' id='word_1_12' title='bbox 182 421 309 487; x_wconf 66' lang='lat' dir='ltr'>raetiam</span> <span class='ocrx_word' id='word_1_13' title='bbox 331 418 380 477; x_wconf 88' lang='lat' dir='ltr'>liat</span> <span class='ocrx_word' id='word_1_14' title='bbox 401 418 505 476; x_wconf 91' lang='lat' dir='ltr'>oratio.</span> <span class='ocrx_word' id='word_1_15' title='bbox 538 416 680 491; x_wconf 88' lang='lat' dir='ltr'>Primum,</span> <span class='ocrx_word' id='word_1_16' title='bbox 703 415 769 493; x_wconf 90' lang='lat' dir='ltr'>quia</span> <span class='ocrx_word' id='word_1_17' title='bbox 791 421 856 472; x_wconf 87' lang='lat' dir='ltr'>sunt</span> <span class='ocrx_word' id='word_1_18' title='bbox 873 414 979 491; x_wconf 92' lang='lat' dir='ltr'>optima</span> <span class='ocrx_word' id='word_1_19' title='bbox 996 415 1111 475; x_wconf 91' lang='lat' dir='ltr'>minime</span> <span class='ocrx_word' id='word_1_20' title='bbox 1132 433 1230 475; x_wconf 89' lang='lat' dir='ltr'>arces·</span> 
     </span>
     <span class='ocr_line' id='line_1_4' title="bbox 226 497 1229 578; baseline -0.006 -15"><span class='ocrx_word' id='word_1_21' title='bbox 226 506 280 563; x_wconf 90' lang='lat' dir='ltr'>sita</span> <span class='ocrx_word' id='word_1_22' title='bbox 305 512 334 562; x_wconf 89' lang='lat' dir='ltr'>et</span> <span class='ocrx_word' id='word_1_23' title='bbox 355 499 533 578; x_wconf 82' lang='lat' dir='ltr'>simplicibus</span> <span class='ocrx_word' id='word_1_24' title='bbox 554 508 641 577; x_wconf 91' lang='lat' dir='ltr'>atque</span> <span class='ocrx_word' id='word_1_25' title='bbox 663 498 698 558; x_wconf 89' lang='lat' dir='ltr'>ab</span> <span class='ocrx_word' id='word_1_26' title='bbox 722 500 785 576; x_wconf 91' lang='lat' dir='ltr'>ipsa</span> <span class='ocrx_word' id='word_1_27' title='bbox 807 497 929 558; x_wconf 89' lang='lat' dir='ltr'>veritate</span> <span class='ocrx_word' id='word_1_28' title='bbox 951 498 1093 575; x_wconf 88' lang='lat' dir='ltr'>proiectis</span> <span class='ocrx_word' id='word_1_29' title='bbox 1116 499 1229 560; x_wconf 81' lang='lat' dir='ltr'>similia.</span> 
     </span>
     <span class='ocr_line' id='line_1_5' title="bbox 224 581 1230 663; baseline -0.005 -17"><span class='ocrx_word' id='word_1_30' title='bbox 224 586 296 646; x_wconf 92' lang='lat' dir='ltr'>Nam</span> <span class='ocrx_word' id='word_1_31' title='bbox 324 585 390 661; x_wconf 86' lang='lat' dir='ltr'>illa,</span> <span class='ocrx_word' id='word_1_32' title='bbox 418 601 493 663; x_wconf 91' lang='lat' dir='ltr'>quae</span> <span class='ocrx_word' id='word_1_33' title='bbox 520 600 617 643; x_wconf 89' lang='lat' dir='ltr'>curam</span> <span class='ocrx_word' id='word_1_34' title='bbox 642 583 783 657; x_wconf 85' lang='lat' dir='ltr'>latentur,</span> <span class='ocrx_word' id='word_1_35' title='bbox 811 590 840 640; x_wconf 90' lang='lat' dir='ltr'>et</span> <span class='ocrx_word' id='word_1_36' title='bbox 860 581 927 640; x_wconf 86' lang='lat' dir='ltr'>licta</span> <span class='ocrx_word' id='word_1_37' title='bbox 952 590 1039 659; x_wconf 90' lang='lat' dir='ltr'>atque</span> <span class='ocrx_word' id='word_1_38' title='bbox 1068 584 1230 660; x_wconf 90' lang='lat' dir='ltr'>composita</span> 
     </span>
     <span class='ocr_line' id='line_1_6' title="bbox 224 664 1230 742; baseline -0.003 -14"><span class='ocrx_word' id='word_1_39' title='bbox 224 670 317 730; x_wconf 90' lang='lat' dir='ltr'>videri</span> <span class='ocrx_word' id='word_1_40' title='bbox 335 670 419 727; x_wconf 92' lang='lat' dir='ltr'>etiam</span> <span class='ocrx_word' id='word_1_41' title='bbox 430 667 548 741; x_wconf 83' lang='lat' dir='ltr'>volunt,</span> <span class='ocrx_word' id='word_1_42' title='bbox 565 684 621 726; x_wconf 92' lang='lat' dir='ltr'>uec</span> <span class='ocrx_word' id='word_1_43' title='bbox 635 667 757 742; x_wconf 85' lang='lat' dir='ltr'>gratiam</span> <span class='ocrx_word' id='word_1_44' title='bbox 773 673 988 742; x_wconf 87' lang='lat' dir='ltr'>consequuntur</span> <span class='ocrx_word' id='word_1_45' title='bbox 1005 674 1035 725; x_wconf 90' lang='lat' dir='ltr'>ct</span> <span class='ocrx_word' id='word_1_46' title='bbox 1049 664 1136 725; x_wconf 90' lang='lat' dir='ltr'>iidem</span> <span class='ocrx_word' id='word_1_47' title='bbox 1151 667 1230 726; x_wconf 88' lang='lat' dir='ltr'>amit-</span> 
     </span>
     <span class='ocr_line' id='line_1_7' title="bbox 225 747 1230 830; baseline -0.004 -18"><span class='ocrx_word' id='word_1_48' title='bbox 225 761 286 813; x_wconf 91' lang='lat' dir='ltr'>tunt</span> <span class='ocrx_word' id='word_1_49' title='bbox 301 760 422 830; x_wconf 90' lang='lat' dir='ltr'>propter</span> <span class='ocrx_word' id='word_1_50' title='bbox 442 750 486 826; x_wconf 89' lang='lat' dir='ltr'>id,</span> <span class='ocrx_word' id='word_1_51' title='bbox 505 750 583 829; x_wconf 93' lang='lat' dir='ltr'>quod</span> <span class='ocrx_word' id='word_1_52' title='bbox 605 767 708 808; x_wconf 89' lang='lat' dir='ltr'>seusus</span> <span class='ocrx_word' id='word_1_53' title='bbox 727 747 896 808; x_wconf 87' lang='lat' dir='ltr'>obumbrant</span> <span class='ocrx_word' id='word_1_54' title='bbox 918 757 948 807; x_wconf 92' lang='lat' dir='ltr'>et</span> <span class='ocrx_word' id='word_1_55' title='bbox 967 749 1049 809; x_wconf 89' lang='lat' dir='ltr'>velut</span> <span class='ocrx_word' id='word_1_56' title='bbox 1070 748 1149 808; x_wconf 87' lang='lat' dir='ltr'>laeto</span> <span class='ocrx_word' id='word_1_57' title='bbox 1165 766 1230 826; x_wconf 86' lang='lat' dir='ltr'>gra·</span> 
     </span>
     <span class='ocr_line' id='line_1_8' title="bbox 183 831 1229 910; baseline -0.002 -16"><span class='ocrx_word' id='word_1_58' title='bbox 183 837 299 902; x_wconf 62' lang='lat' dir='ltr'>armine</span> <span class='ocrx_word' id='word_1_59' title='bbox 318 844 380 895; x_wconf 89' lang='lat' dir='ltr'>sata</span> <span class='ocrx_word' id='word_1_60' title='bbox 392 832 582 910; x_wconf 88' lang='lat' dir='ltr'>strangulant.</span> <span class='ocrx_word' id='word_1_61' title='bbox 626 832 699 892; x_wconf 92' lang='lat' dir='ltr'>Nam</span> <span class='ocrx_word' id='word_1_62' title='bbox 714 841 761 907; x_wconf 90' lang='lat' dir='ltr'>et,</span> <span class='ocrx_word' id='word_1_63' title='bbox 780 831 858 909; x_wconf 93' lang='lat' dir='ltr'>quod</span> <span class='ocrx_word' id='word_1_64' title='bbox 872 839 954 890; x_wconf 88' lang='lat' dir='ltr'>recte</span> <span class='ocrx_word' id='word_1_65' title='bbox 971 832 1027 892; x_wconf 93' lang='lat' dir='ltr'>dici</span> <span class='ocrx_word' id='word_1_66' title='bbox 1045 840 1156 909; x_wconf 87' lang='lat' dir='ltr'>potest,</span> <span class='ocrx_word' id='word_1_67' title='bbox 1176 834 1229 892; x_wconf 89' lang='lat' dir='ltr'>cir·</span> 
     </span>
     <span class='ocr_line' id='line_1_9' title="bbox 226 915 1229 995; baseline -0.004 -16"><span class='ocrx_word' id='word_1_68' title='bbox 226 920 362 980; x_wconf 86' lang='lat' dir='ltr'>sumimus</span> <span class='ocrx_word' id='word_1_69' title='bbox 380 933 479 978; x_wconf 89' lang='lat' dir='ltr'>amore</span> <span class='ocrx_word' id='word_1_70' title='bbox 494 916 650 978; x_wconf 83' lang='lat' dir='ltr'>verborum</span> <span class='ocrx_word' id='word_1_71' title='bbox 666 925 713 990; x_wconf 88' lang='lat' dir='ltr'>et,</span> <span class='ocrx_word' id='word_1_72' title='bbox 738 915 816 994; x_wconf 92' lang='lat' dir='ltr'>quod</span> <span class='ocrx_word' id='word_1_73' title='bbox 833 915 903 974; x_wconf 87' lang='lat' dir='ltr'>satis</span> <span class='ocrx_word' id='word_1_74' title='bbox 920 915 1106 990; x_wconf 90' lang='lat' dir='ltr'>dictumest,</span> <span class='ocrx_word' id='word_1_75' title='bbox 1122 915 1229 995; x_wconf 92' lang='lat' dir='ltr'>repeti·</span> 
     </span>
     <span class='ocr_line' id='line_1_10' title="bbox 224 997 1230 1080; baseline -0.004 -18"><span class='ocrx_word' id='word_1_76' title='bbox 224 1022 287 1063; x_wconf 92' lang='lat' dir='ltr'>mus</span> <span class='ocrx_word' id='word_1_77' title='bbox 304 1011 349 1077; x_wconf 91' lang='lat' dir='ltr'>et,</span> <span class='ocrx_word' id='word_1_78' title='bbox 367 1001 444 1080; x_wconf 89' lang='lat' dir='ltr'>quod</span> <span class='ocrx_word' id='word_1_79' title='bbox 465 1016 522 1059; x_wconf 94' lang='lat' dir='ltr'>uuo</span> <span class='ocrx_word' id='word_1_80' title='bbox 543 999 635 1059; x_wconf 90' lang='lat' dir='ltr'>verbo</span> <span class='ocrx_word' id='word_1_81' title='bbox 650 1008 745 1078; x_wconf 90' lang='lat' dir='ltr'>patet,</span> <span class='ocrx_word' id='word_1_82' title='bbox 768 997 900 1077; x_wconf 89' lang='lat' dir='ltr'>pluribus</span> <span class='ocrx_word' id='word_1_83' title='bbox 922 1015 1073 1058; x_wconf 85' lang='lat' dir='ltr'>oneramus</span> <span class='ocrx_word' id='word_1_84' title='bbox 1090 1007 1119 1058; x_wconf 90' lang='lat' dir='ltr'>et</span> <span class='ocrx_word' id='word_1_85' title='bbox 1134 998 1230 1078; x_wconf 86' lang='lat' dir='ltr'>plera·</span> 
     </span>
     <span class='ocr_line' id='line_1_11' title="bbox 226 1079 1229 1165; baseline -0.003 -20"><span class='ocrx_word' id='word_1_86' title='bbox 226 1104 283 1165; x_wconf 94' lang='lat' dir='ltr'>que</span> <span class='ocrx_word' id='word_1_87' title='bbox 304 1085 468 1162; x_wconf 85' lang='lat' dir='ltr'>significare</span> <span class='ocrx_word' id='word_1_88' title='bbox 491 1083 595 1143; x_wconf 91' lang='lat' dir='ltr'>melius</span> <span class='ocrx_word' id='word_1_89' title='bbox 621 1091 753 1161; x_wconf 84' lang='lat' dir='ltr'>putamus</span> <span class='ocrx_word' id='word_1_90' title='bbox 783 1099 867 1161; x_wconf 87' lang='lat' dir='ltr'>quarn</span> <span class='ocrx_word' id='word_1_91' title='bbox 887 1081 996 1141; x_wconf 92' lang='lat' dir='ltr'>dicere.</span> <span class='ocrx_word' id='word_1_92' title='bbox 1034 1079 1130 1155; x_wconf 80' lang='lat' dir='ltr'>Quid?</span> <span class='ocrx_word' id='word_1_93' title='bbox 1152 1081 1229 1161; x_wconf 93' lang='lat' dir='ltr'>quod</span> 
     </span>
     <span class='ocr_line' id='line_1_12' title="bbox 225 1165 1229 1246; baseline -0.002 -18"><span class='ocrx_word' id='word_1_94' title='bbox 225 1169 295 1229; x_wconf 91' lang='lat' dir='ltr'>nihil</span> <span class='ocrx_word' id='word_1_95' title='bbox 309 1170 364 1228; x_wconf 87' lang='lat' dir='ltr'>iam</span> <span class='ocrx_word' id='word_1_96' title='bbox 376 1168 524 1246; x_wconf 88' lang='lat' dir='ltr'>proprium</span> <span class='ocrx_word' id='word_1_97' title='bbox 539 1167 652 1245; x_wconf 87' lang='lat' dir='ltr'>placet,</span> <span class='ocrx_word' id='word_1_98' title='bbox 666 1165 732 1226; x_wconf 94' lang='lat' dir='ltr'>dum</span> <span class='ocrx_word' id='word_1_99' title='bbox 742 1183 842 1243; x_wconf 87' lang='lat' dir='ltr'>parum</span> <span class='ocrx_word' id='word_1_100' title='bbox 855 1165 981 1225; x_wconf 82' lang='lat' dir='ltr'>creditur</span> <span class='ocrx_word' id='word_1_101' title='bbox 991 1165 1140 1241; x_wconf 88' lang='lat' dir='ltr'>disertum,</span> <span class='ocrx_word' id='word_1_102' title='bbox 1153 1165 1229 1244; x_wconf 91' lang='lat' dir='ltr'>quod</span> 
     </span>
     <span class='ocr_line' id='line_1_13' title="bbox 183 1247 1230 1328; baseline -0.01 -11"><span class='ocrx_word' id='word_1_103' title='bbox 183 1265 216 1317; x_wconf 73' lang='grc' dir='ltr'>ιι</span> <span class='ocrx_word' id='word_1_104' title='bbox 224 1261 253 1312; x_wconf 89' lang='grc' dir='ltr'>ει</span> <span class='ocrx_word' id='word_1_105' title='bbox 269 1253 342 1312; x_wconf 89' lang='lat' dir='ltr'>alius</span> <span class='ocrx_word' id='word_1_106' title='bbox 360 1247 502 1311; x_wconf 80' lang='lat' dir='ltr'>dixisset?</span> <span class='ocrx_word' id='word_1_107' title='bbox 528 1249 555 1310; x_wconf 84' lang='grc' dir='ltr'><strong>Α</strong></span> <span class='ocrx_word' id='word_1_108' title='bbox 576 1250 794 1328; x_wconf 89' lang='lat' dir='ltr'>cormptissimo</span> <span class='ocrx_word' id='word_1_109' title='bbox 816 1265 933 1328; x_wconf 90' lang='lat' dir='ltr'>quoque</span> <span class='ocrx_word' id='word_1_110' title='bbox 948 1258 1100 1327; x_wconf 87' lang='lat' dir='ltr'>poetarum</span> <span class='ocrx_word' id='word_1_111' title='bbox 1122 1247 1230 1326; x_wconf 84' lang='lat' dir='ltr'>ligurus</span> 
     </span>
     <span class='ocr_line' id='line_1_14' title="bbox 225 1331 1230 1409; baseline -0.004 -15"><span class='ocrx_word' id='word_1_112' title='bbox 225 1353 278 1395; x_wconf 87' lang='lat' dir='ltr'>seu</span> <span class='ocrx_word' id='word_1_113' title='bbox 299 1335 504 1403; x_wconf 71' lang='lat' dir='ltr'>translationes</span> <span class='ocrx_word' id='word_1_114' title='bbox 524 1342 699 1409; x_wconf 87' lang='lat' dir='ltr'>mutuamur,</span> <span class='ocrx_word' id='word_1_115' title='bbox 722 1341 780 1392; x_wconf 91' lang='lat' dir='ltr'>tum</span> <span class='ocrx_word' id='word_1_116' title='bbox 803 1333 916 1392; x_wconf 89' lang='lat' dir='ltr'>demum</span> <span class='ocrx_word' id='word_1_117' title='bbox 937 1333 1080 1409; x_wconf 81' lang='lat' dir='ltr'>ingeniosi</span> <span class='ocrx_word' id='word_1_118' title='bbox 1103 1331 1230 1407; x_wconf 88' lang='lat' dir='ltr'>scilicet,</span> 
     </span>
     <span class='ocr_line' id='line_1_15' title="bbox 226 1415 1231 1495; baseline -0.005 -17"><span class='ocrx_word' id='word_1_119' title='bbox 226 1421 251 1478; x_wconf 90' lang='lat' dir='ltr'>si</span> <span class='ocrx_word' id='word_1_120' title='bbox 269 1419 304 1478; x_wconf 88' lang='lat' dir='ltr'>ad</span> <span class='ocrx_word' id='word_1_121' title='bbox 324 1419 530 1495; x_wconf 89' lang='lat' dir='ltr'>intelligendos</span> <span class='ocrx_word' id='word_1_122' title='bbox 545 1434 599 1476; x_wconf 92' lang='lat' dir='ltr'>uos</span> <span class='ocrx_word' id='word_1_123' title='bbox 622 1434 696 1495; x_wconf 89' lang='lat' dir='ltr'>opus</span> <span class='ocrx_word' id='word_1_124' title='bbox 718 1418 754 1477; x_wconf 90' lang='lat' dir='ltr'>sit</span> <span class='ocrx_word' id='word_1_125' title='bbox 769 1417 897 1492; x_wconf 84' lang='lat' dir='ltr'>ingenio.</span> <span class='ocrx_word' id='word_1_126' title='bbox 932 1415 1021 1495; x_wconf 82' lang='lat' dir='ltr'>Atqui</span> <span class='ocrx_word' id='word_1_127' title='bbox 1038 1415 1109 1474; x_wconf 90' lang='lat' dir='ltr'>satis</span> <span class='ocrx_word' id='word_1_128' title='bbox 1128 1425 1231 1493; x_wconf 89' lang='lat' dir='ltr'>aperte</span> 
     </span>
     <span class='ocr_line' id='line_1_16' title="bbox 227 1500 1231 1580; baseline -0.003 -19"><span class='ocrx_word' id='word_1_129' title='bbox 227 1500 332 1562; x_wconf 79' lang='lat' dir='ltr'>Cicero</span> <span class='ocrx_word' id='word_1_130' title='bbox 355 1510 565 1580; x_wconf 77' lang='lat' dir='ltr'>praeceperat,</span> <span class='ocrx_word' id='word_1_131' title='bbox 585 1504 617 1561; x_wconf 84' lang='lat' dir='ltr'>in</span> <span class='ocrx_word' id='word_1_132' title='bbox 641 1502 773 1564; x_wconf 84' lang='lat' dir='ltr'>dicendo</span> <span class='ocrx_word' id='word_1_133' title='bbox 789 1501 897 1560; x_wconf 80' lang='lat' dir='ltr'>citium</span> <span class='ocrx_word' id='word_1_134' title='bbox 915 1500 965 1560; x_wconf 84' lang='lat' dir='ltr'>cel</span> <span class='ocrx_word' id='word_1_135' title='bbox 980 1501 1147 1560; x_wconf 65' lang='lat' dir='ltr'>mammam</span> <span class='ocrx_word' id='word_1_136' title='bbox 1164 1517 1231 1560; x_wconf 82' lang='lat' dir='ltr'>cuce</span> 
     </span>
     <span class='ocr_line' id='line_1_17' title="bbox 226 1583 1232 1663; baseline -0.004 -17"><span class='ocrx_word' id='word_1_137' title='bbox 226 1586 384 1663; x_wconf 74' lang='lat' dir='ltr'>cunipert</span> <span class='ocrx_word' id='word_1_138' title='bbox 396 1604 509 1662; x_wconf 74' lang='lat' dir='ltr'>genere</span> <span class='ocrx_word' id='word_1_139' title='bbox 524 1586 674 1646; x_wconf 71' lang='lat' dir='ltr'>orationis</span> <span class='ocrx_word' id='word_1_140' title='bbox 687 1593 780 1662; x_wconf 82' lang='lat' dir='ltr'>atque</span> <span class='ocrx_word' id='word_1_141' title='bbox 793 1603 815 1645; x_wconf 88' lang='lat' dir='ltr'>o</span> <span class='ocrx_word' id='word_1_142' title='bbox 832 1584 1051 1645; x_wconf 75' lang='lat' dir='ltr'>conmetudine</span> <span class='ocrx_word' id='word_1_143' title='bbox 1065 1583 1232 1643; x_wconf 76' lang='lat' dir='ltr'>contradatis</span> 
     </span>
     <span class='ocr_line' id='line_1_18' title="bbox 184 1666 1231 1745; baseline -0.008 -14"><span class='ocrx_word' id='word_1_144' title='bbox 184 1678 334 1732; x_wconf 63' lang='lat' dir='ltr'>adsensus</span> <span class='ocrx_word' id='word_1_145' title='bbox 359 1669 537 1729; x_wconf 76' lang='lat' dir='ltr'>abhorrere.</span> <span class='ocrx_word' id='word_1_146' title='bbox 579 1668 638 1727; x_wconf 86' lang='lat' dir='ltr'>Sed</span> <span class='ocrx_word' id='word_1_147' title='bbox 666 1667 716 1726; x_wconf 92' lang='lat' dir='ltr'>ille</span> <span class='ocrx_word' id='word_1_148' title='bbox 743 1668 830 1727; x_wconf 92' lang='lat' dir='ltr'>durus</span> <span class='ocrx_word' id='word_1_149' title='bbox 856 1676 943 1745; x_wconf 91' lang='lat' dir='ltr'>atque</span> <span class='ocrx_word' id='word_1_150' title='bbox 973 1666 1148 1733; x_wconf 90' lang='lat' dir='ltr'>ineruditus;</span> <span class='ocrx_word' id='word_1_151' title='bbox 1177 1681 1231 1724; x_wconf 92' lang='lat' dir='ltr'>nos</span> 
     </span>
     <span class='ocr_line' id='line_1_19' title="bbox 226 1750 1232 1830; baseline -0.002 -21"><span class='ocrx_word' id='word_1_152' title='bbox 226 1750 346 1826; x_wconf 89' lang='lat' dir='ltr'>melius,</span> <span class='ocrx_word' id='word_1_153' title='bbox 372 1750 474 1829; x_wconf 89' lang='lat' dir='ltr'>quibus</span> <span class='ocrx_word' id='word_1_154' title='bbox 497 1751 597 1810; x_wconf 88' lang='lat' dir='ltr'>sordet</span> <span class='ocrx_word' id='word_1_155' title='bbox 619 1767 719 1826; x_wconf 91' lang='lat' dir='ltr'>omne,</span> <span class='ocrx_word' id='word_1_156' title='bbox 741 1750 819 1830; x_wconf 94' lang='lat' dir='ltr'>quod</span> <span class='ocrx_word' id='word_1_157' title='bbox 836 1759 935 1810; x_wconf 89' lang='lat' dir='ltr'>natura</span> <span class='ocrx_word' id='word_1_158' title='bbox 953 1750 1087 1825; x_wconf 83' lang='lat' dir='ltr'>dictavit,</span> <span class='ocrx_word' id='word_1_159' title='bbox 1108 1750 1157 1827; x_wconf 93' lang='lat' dir='ltr'>qui</span> <span class='ocrx_word' id='word_1_160' title='bbox 1174 1765 1232 1807; x_wconf 92' lang='lat' dir='ltr'>ncu</span> 
     </span>
     <span class='ocr_line' id='line_1_20' title="bbox 227 1831 1231 1912; baseline -0.001 -20"><span class='ocrx_word' id='word_1_161' title='bbox 227 1842 394 1894; x_wconf 87' lang='lat' dir='ltr'>ornamenta</span> <span class='ocrx_word' id='word_1_162' title='bbox 407 1835 570 1912; x_wconf 87' lang='lat' dir='ltr'>quaerimus</span> <span class='ocrx_word' id='word_1_163' title='bbox 587 1834 639 1894; x_wconf 89' lang='lat' dir='ltr'>sed</span> <span class='ocrx_word' id='word_1_164' title='bbox 661 1835 815 1894; x_wconf 92' lang='lat' dir='ltr'>lenocinia.</span> <span class='ocrx_word' id='word_1_165' title='bbox 845 1834 934 1907; x_wconf 81' lang='lat' dir='ltr'>Quasi</span> <span class='ocrx_word' id='word_1_166' title='bbox 949 1851 1021 1893; x_wconf 86' lang='lat' dir='ltr'>vero</span> <span class='ocrx_word' id='word_1_167' title='bbox 1038 1834 1075 1892; x_wconf 89' lang='lat' dir='ltr'>sit</span> <span class='ocrx_word' id='word_1_168' title='bbox 1090 1831 1150 1892; x_wconf 91' lang='lat' dir='ltr'>ulla</span> <span class='ocrx_word' id='word_1_169' title='bbox 1165 1849 1231 1891; x_wconf 88' lang='lat' dir='ltr'>ver·</span> 
     </span>
     <span class='ocr_line' id='line_1_21' title="bbox 226 1916 1233 1996; baseline -0.001 -21"><span class='ocrx_word' id='word_1_170' title='bbox 226 1916 327 1976; x_wconf 88' lang='lat' dir='ltr'>borum</span> <span class='ocrx_word' id='word_1_171' title='bbox 344 1918 399 1975; x_wconf 90' lang='lat' dir='ltr'>uisi</span> <span class='ocrx_word' id='word_1_172' title='bbox 414 1917 458 1976; x_wconf 90' lang='lat' dir='ltr'>rei</span> <span class='ocrx_word' id='word_1_173' title='bbox 474 1916 689 1977; x_wconf 91' lang='lat' dir='ltr'>cohaerentium</span> <span class='ocrx_word' id='word_1_174' title='bbox 710 1919 815 1984; x_wconf 84' lang='lat' dir='ltr'>virtus;</span> <span class='ocrx_word' id='word_1_175' title='bbox 841 1935 916 1996; x_wconf 89' lang='lat' dir='ltr'>quae</span> <span class='ocrx_word' id='word_1_176' title='bbox 935 1925 966 1976; x_wconf 96' lang='lat' dir='ltr'>ut</span> <span class='ocrx_word' id='word_1_177' title='bbox 986 1917 1105 1995; x_wconf 92' lang='lat' dir='ltr'>propria</span> <span class='ocrx_word' id='word_1_178' title='bbox 1130 1917 1186 1974; x_wconf 92' lang='lat' dir='ltr'>siut</span> <span class='ocrx_word' id='word_1_179' title='bbox 1202 1923 1233 1974; x_wconf 90' lang='lat' dir='ltr'>et</span> 
     </span>
     <span class='ocr_line' id='line_1_22' title="bbox 226 1998 1231 2078; baseline -0.001 -20"><span class='ocrx_word' id='word_1_180' title='bbox 226 2000 353 2059; x_wconf 88' lang='lat' dir='ltr'>dilucida</span> <span class='ocrx_word' id='word_1_181' title='bbox 385 2009 414 2059; x_wconf 96' lang='lat' dir='ltr'>et</span> <span class='ocrx_word' id='word_1_182' title='bbox 442 2009 542 2060; x_wconf 89' lang='lat' dir='ltr'>oruata</span> <span class='ocrx_word' id='word_1_183' title='bbox 565 2011 595 2061; x_wconf 94' lang='lat' dir='ltr'>et</span> <span class='ocrx_word' id='word_1_184' title='bbox 615 2009 682 2078; x_wconf 87' lang='lat' dir='ltr'>apte</span> <span class='ocrx_word' id='word_1_185' title='bbox 712 2000 909 2077; x_wconf 85' lang='lat' dir='ltr'>collocentur,</span> <span class='ocrx_word' id='word_1_186' title='bbox 934 2001 959 2058; x_wconf 93' lang='lat' dir='ltr'>si</span> <span class='ocrx_word' id='word_1_187' title='bbox 986 2009 1046 2060; x_wconf 87' lang='lat' dir='ltr'>tcta</span> <span class='ocrx_word' id='word_1_188' title='bbox 1069 2001 1129 2058; x_wconf 87' lang='lat' dir='ltr'>uita</span> <span class='ocrx_word' id='word_1_189' title='bbox 1149 1998 1231 2058; x_wconf 90' lang='lat' dir='ltr'>labo·</span> 
     </span>
     <span class='ocr_line' id='line_1_23' title="bbox 175 2080 1230 2161; baseline -0.002 -19"><span class='ocrx_word' id='word_1_190' title='bbox 175 2093 217 2161; x_wconf 66' lang='lat' dir='ltr'>xnt</span> <span class='ocrx_word' id='word_1_191' title='bbox 226 2082 343 2142; x_wconf 89' lang='lat' dir='ltr'>randum</span> <span class='ocrx_word' id='word_1_192' title='bbox 374 2093 434 2143; x_wconf 92' lang='lat' dir='ltr'>est:</span> <span class='ocrx_word' id='word_1_193' title='bbox 466 2085 557 2142; x_wconf 92' lang='lat' dir='ltr'>omnis</span> <span class='ocrx_word' id='word_1_194' title='bbox 586 2084 744 2144; x_wconf 89' lang='lat' dir='ltr'>studiorum</span> <span class='ocrx_word' id='word_1_195' title='bbox 773 2084 883 2144; x_wconf 80' lang='lat' dir='ltr'>fructus</span> <span class='ocrx_word' id='word_1_196' title='bbox 916 2085 1037 2144; x_wconf 88' lang='lat' dir='ltr'>amissus</span> <span class='ocrx_word' id='word_1_197' title='bbox 1072 2090 1127 2143; x_wconf 92' lang='grc' dir='ltr'><strong>εει.</strong></span> <span class='ocrx_word' id='word_1_198' title='bbox 1179 2080 1230 2141; x_wconf 83' lang='grc' dir='ltr'>Αι-</span> 
     </span>
     <span class='ocr_line' id='line_1_24' title="bbox 227 2166 1231 2246; baseline 0 -22"><span class='ocrx_word' id='word_1_199' title='bbox 227 2168 275 2245; x_wconf 88' lang='lat' dir='ltr'>qui</span> <span class='ocrx_word' id='word_1_200' title='bbox 297 2166 456 2246; x_wconf 91' lang='lat' dir='ltr'>plerosque</span> <span class='ocrx_word' id='word_1_201' title='bbox 478 2167 579 2228; x_wconf 89' lang='lat' dir='ltr'>videas</span> <span class='ocrx_word' id='word_1_202' title='bbox 603 2168 759 2228; x_wconf 89' lang='lat' dir='ltr'>haerentes</span> <span class='ocrx_word' id='word_1_203' title='bbox 787 2169 865 2228; x_wconf 89' lang='lat' dir='ltr'>circa</span> <span class='ocrx_word' id='word_1_204' title='bbox 895 2167 1025 2245; x_wconf 89' lang='lat' dir='ltr'>singula,</span> <span class='ocrx_word' id='word_1_205' title='bbox 1053 2175 1082 2228; x_wconf 91' lang='lat' dir='ltr'>et</span> <span class='ocrx_word' id='word_1_206' title='bbox 1103 2166 1170 2228; x_wconf 92' lang='lat' dir='ltr'>dum</span> <span class='ocrx_word' id='word_1_207' title='bbox 1190 2167 1231 2226; x_wconf 94' lang='lat' dir='ltr'>iu·</span> 
     </span>
     <span class='ocr_line' id='line_1_25' title="bbox 225 2249 1231 2331; baseline -0.001 -21"><span class='ocrx_word' id='word_1_208' title='bbox 225 2251 343 2310; x_wconf 83' lang='lat' dir='ltr'>veuiuut</span> <span class='ocrx_word' id='word_1_209' title='bbox 371 2260 400 2310; x_wconf 94' lang='lat' dir='ltr'>et</span> <span class='ocrx_word' id='word_1_210' title='bbox 428 2250 492 2310; x_wconf 90' lang='lat' dir='ltr'>dnm</span> <span class='ocrx_word' id='word_1_211' title='bbox 520 2252 635 2312; x_wconf 83' lang='lat' dir='ltr'>iuventa</span> <span class='ocrx_word' id='word_1_212' title='bbox 662 2252 825 2331; x_wconf 89' lang='lat' dir='ltr'>ponderant</span> <span class='ocrx_word' id='word_1_213' title='bbox 852 2269 887 2311; x_wconf 90' lang='lat' dir='ltr'>ac</span> <span class='ocrx_word' id='word_1_214' title='bbox 912 2252 1104 2312; x_wconf 88' lang='lat' dir='ltr'>dimetiuntur.</span> <span class='ocrx_word' id='word_1_215' title='bbox 1145 2249 1231 2324; x_wconf 81' lang='lat' dir='ltr'>Quod</span> 
     </span>
     <span class='ocr_line' id='line_1_26' title="bbox 226 2333 1231 2414; baseline 0.001 -22"><span class='ocrx_word' id='word_1_216' title='bbox 226 2334 251 2392; x_wconf 94' lang='lat' dir='ltr'>si</span> <span class='ocrx_word' id='word_1_217' title='bbox 273 2333 381 2393; x_wconf 92' lang='lat' dir='ltr'>idcirco</span> <span class='ocrx_word' id='word_1_218' title='bbox 403 2335 503 2410; x_wconf 85' lang='lat' dir='ltr'>lieret,</span> <span class='ocrx_word' id='word_1_219' title='bbox 526 2344 558 2394; x_wconf 91' lang='lat' dir='ltr'>ut</span> <span class='ocrx_word' id='word_1_220' title='bbox 581 2353 698 2414; x_wconf 89' lang='lat' dir='ltr'>semper</span> <span class='ocrx_word' id='word_1_221' title='bbox 716 2336 830 2414; x_wconf 90' lang='lat' dir='ltr'>optimis</span> <span class='ocrx_word' id='word_1_222' title='bbox 853 2343 1015 2395; x_wconf 89' lang='lat' dir='ltr'>uterentur:</span> <span class='ocrx_word' id='word_1_223' title='bbox 1042 2334 1231 2395; x_wconf 88' lang='lat' dir='ltr'>abominanda</span> 
     </span>
     <span class='ocr_line' id='line_1_27' title="bbox 226 2418 1231 2496; baseline 0.001 -20"><span class='ocrx_word' id='word_1_224' title='bbox 226 2425 321 2477; x_wconf 89' lang='lat' dir='ltr'>tamen</span> <span class='ocrx_word' id='word_1_225' title='bbox 350 2418 424 2478; x_wconf 91' lang='lat' dir='ltr'>haec</span> <span class='ocrx_word' id='word_1_226' title='bbox 449 2418 604 2479; x_wconf 86' lang='lat' dir='ltr'>infelicitas</span> <span class='ocrx_word' id='word_1_227' title='bbox 632 2428 711 2494; x_wconf 88' lang='lat' dir='ltr'>erat,</span> <span class='ocrx_word' id='word_1_228' title='bbox 742 2437 816 2496; x_wconf 89' lang='lat' dir='ltr'>quae</span> <span class='ocrx_word' id='word_1_229' title='bbox 844 2427 873 2477; x_wconf 93' lang='grc' dir='ltr'>ει</span> <span class='ocrx_word' id='word_1_230' title='bbox 901 2436 1014 2478; x_wconf 89' lang='lat' dir='ltr'>cursum</span> <span class='ocrx_word' id='word_1_231' title='bbox 1040 2418 1155 2479; x_wconf 91' lang='lat' dir='ltr'>dicendi</span> <span class='ocrx_word' id='word_1_232' title='bbox 1184 2435 1231 2477; x_wconf 92' lang='lat' dir='ltr'>re·</span> 
     </span>
     <span class='ocr_line' id='line_1_28' title="bbox 226 2500 1229 2579; baseline 0.001 -21"><span class='ocrx_word' id='word_1_233' title='bbox 226 2500 320 2560; x_wconf 84' lang='lat' dir='ltr'>frenat</span> <span class='ocrx_word' id='word_1_234' title='bbox 343 2510 372 2560; x_wconf 90' lang='lat' dir='ltr'>et</span> <span class='ocrx_word' id='word_1_235' title='bbox 392 2502 520 2562; x_wconf 87' lang='lat' dir='ltr'>calorem</span> <span class='ocrx_word' id='word_1_236' title='bbox 542 2504 724 2579; x_wconf 84' lang='lat' dir='ltr'>cogitationis</span> <span class='ocrx_word' id='word_1_237' title='bbox 747 2503 886 2579; x_wconf 89' lang='lat' dir='ltr'>extinguit</span> <span class='ocrx_word' id='word_1_238' title='bbox 906 2520 987 2562; x_wconf 90' lang='lat' dir='ltr'>mora</span> <span class='ocrx_word' id='word_1_239' title='bbox 1009 2510 1038 2561; x_wconf 92' lang='grc' dir='ltr'>ει</span> <span class='ocrx_word' id='word_1_240' title='bbox 1060 2501 1229 2561; x_wconf 84' lang='lat' dir='ltr'>diffidentia.</span> 
     </span>
     <span class='ocr_line' id='line_1_29' title="bbox 185 2582 1230 2664; baseline 0.003 -25"><span class='ocrx_word' id='word_1_241' title='bbox 185 2582 316 2642; x_wconf 78' lang='lat' dir='ltr'>28lliser</span> <span class='ocrx_word' id='word_1_242' title='bbox 338 2586 412 2644; x_wconf 89' lang='lat' dir='ltr'>enim</span> <span class='ocrx_word' id='word_1_243' title='bbox 430 2594 476 2661; x_wconf 90' lang='lat' dir='ltr'>et,</span> <span class='ocrx_word' id='word_1_244' title='bbox 498 2594 529 2645; x_wconf 93' lang='lat' dir='ltr'>ut</span> <span class='ocrx_word' id='word_1_245' title='bbox 545 2587 587 2644; x_wconf 91' lang='lat' dir='ltr'>sic</span> <span class='ocrx_word' id='word_1_246' title='bbox 606 2586 713 2662; x_wconf 86' lang='lat' dir='ltr'>dicam,</span> <span class='ocrx_word' id='word_1_247' title='bbox 736 2604 848 2664; x_wconf 93' lang='lat' dir='ltr'>pauper</span> <span class='ocrx_word' id='word_1_248' title='bbox 865 2596 964 2646; x_wconf 90' lang='lat' dir='ltr'>orator</span> <span class='ocrx_word' id='word_1_249' title='bbox 980 2596 1040 2661; x_wconf 91' lang='lat' dir='ltr'>est,</span> <span class='ocrx_word' id='word_1_250' title='bbox 1057 2588 1105 2663; x_wconf 96' lang='lat' dir='ltr'>qui</span> <span class='ocrx_word' id='word_1_251' title='bbox 1123 2584 1230 2643; x_wconf 93' lang='lat' dir='ltr'>nullum</span> 
     </span>
     <span class='ocr_line' id='line_1_30' title="bbox 226 2666 1229 2748; baseline 0.002 -24"><span class='ocrx_word' id='word_1_252' title='bbox 226 2666 346 2726; x_wconf 90' lang='lat' dir='ltr'>verbum</span> <span class='ocrx_word' id='word_1_253' title='bbox 364 2685 458 2747; x_wconf 93' lang='lat' dir='ltr'>aequo</span> <span class='ocrx_word' id='word_1_254' title='bbox 475 2670 567 2728; x_wconf 89' lang='lat' dir='ltr'>animo</span> <span class='ocrx_word' id='word_1_255' title='bbox 584 2669 708 2746; x_wconf 87' lang='lat' dir='ltr'>perdere</span> <span class='ocrx_word' id='word_1_256' title='bbox 724 2678 832 2747; x_wconf 87' lang='lat' dir='ltr'>potest.</span> <span class='ocrx_word' id='word_1_257' title='bbox 859 2669 917 2729; x_wconf 90' lang='lat' dir='ltr'>Sed</span> <span class='ocrx_word' id='word_1_258' title='bbox 933 2689 969 2729; x_wconf 89' lang='lat' dir='ltr'>ue</span> <span class='ocrx_word' id='word_1_259' title='bbox 984 2669 1088 2748; x_wconf 91' lang='lat' dir='ltr'>perdet</span> <span class='ocrx_word' id='word_1_260' title='bbox 1104 2668 1229 2747; x_wconf 83' lang='lat' dir='ltr'>quidem,</span> 
     </span>
     <span class='ocr_line' id='line_1_31' title="bbox 226 2751 1229 2830; baseline 0.001 -22"><span class='ocrx_word' id='word_1_261' title='bbox 226 2751 274 2828; x_wconf 91' lang='lat' dir='ltr'>qui</span> <span class='ocrx_word' id='word_1_262' title='bbox 300 2752 441 2810; x_wconf 90' lang='lat' dir='ltr'>rationem</span> <span class='ocrx_word' id='word_1_263' title='bbox 467 2752 623 2830; x_wconf 92' lang='lat' dir='ltr'>eloquendi</span> <span class='ocrx_word' id='word_1_264' title='bbox 648 2754 769 2830; x_wconf 90' lang='lat' dir='ltr'>primum</span> <span class='ocrx_word' id='word_1_265' title='bbox 796 2756 984 2830; x_wconf 83' lang='lat' dir='ltr'>cognoverit,</span> <span class='ocrx_word' id='word_1_266' title='bbox 1011 2762 1070 2812; x_wconf 93' lang='lat' dir='ltr'>tum</span> <span class='ocrx_word' id='word_1_267' title='bbox 1101 2752 1229 2823; x_wconf 75' lang='lat' dir='ltr'>lectione</span> 
     </span>
     <span class='ocr_line' id='line_1_32' title="bbox 225 2833 1228 2915; baseline 0.003 -25"><span class='ocrx_word' id='word_1_268' title='bbox 225 2833 312 2892; x_wconf 93' lang='lat' dir='ltr'>multa</span> <span class='ocrx_word' id='word_1_269' title='bbox 335 2843 364 2893; x_wconf 89' lang='lat' dir='ltr'>et</span> <span class='ocrx_word' id='word_1_270' title='bbox 384 2835 489 2895; x_wconf 89' lang='lat' dir='ltr'>idonea</span> <span class='ocrx_word' id='word_1_271' title='bbox 513 2838 661 2914; x_wconf 91' lang='lat' dir='ltr'>copiosam</span> <span class='ocrx_word' id='word_1_272' title='bbox 683 2835 737 2895; x_wconf 88' lang='lat' dir='ltr'>sibi</span> <span class='ocrx_word' id='word_1_273' title='bbox 752 2836 907 2896; x_wconf 91' lang='lat' dir='ltr'>verborum</span> <span class='ocrx_word' id='word_1_274' title='bbox 921 2835 1135 2915; x_wconf 89' lang='lat' dir='ltr'>supellectilem</span> <span class='ocrx_word' id='word_1_275' title='bbox 1152 2851 1228 2894; x_wconf 88' lang='lat' dir='ltr'>corn-</span> 
     </span>
     <span class='ocr_line' id='line_1_33' title="bbox 225 2917 1229 2995; baseline 0 -19"><span class='ocrx_word' id='word_1_276' title='bbox 225 2919 333 2994; x_wconf 90' lang='lat' dir='ltr'>pararit</span> <span class='ocrx_word' id='word_1_277' title='bbox 362 2927 392 2976; x_wconf 92' lang='grc' dir='ltr'>ει</span> <span class='ocrx_word' id='word_1_278' title='bbox 418 2917 484 2977; x_wconf 94' lang='lat' dir='ltr'>huic</span> <span class='ocrx_word' id='word_1_279' title='bbox 512 2919 674 2980; x_wconf 89' lang='lat' dir='ltr'>adhibuerit</span> <span class='ocrx_word' id='word_1_280' title='bbox 697 2929 788 2979; x_wconf 90' lang='lat' dir='ltr'>artem</span> <span class='ocrx_word' id='word_1_281' title='bbox 814 2921 995 2995; x_wconf 87' lang='lat' dir='ltr'>collocandi,</span> <span class='ocrx_word' id='word_1_282' title='bbox 1021 2919 1126 2980; x_wconf 90' lang='lat' dir='ltr'>deinde</span> <span class='ocrx_word' id='word_1_283' title='bbox 1155 2917 1229 2978; x_wconf 89' lang='lat' dir='ltr'>hacc</span> 
     </span>
     <span class='ocr_line' id='line_1_34' title="bbox 226 3001 1228 3082; baseline 0.002 -24"><span class='ocrx_word' id='word_1_284' title='bbox 226 3001 319 3060; x_wconf 92' lang='lat' dir='ltr'>omnia</span> <span class='ocrx_word' id='word_1_285' title='bbox 335 3003 545 3062; x_wconf 86' lang='lat' dir='ltr'>exercitatione</span> <span class='ocrx_word' id='word_1_286' title='bbox 560 3004 682 3082; x_wconf 89' lang='lat' dir='ltr'>plurima</span> <span class='ocrx_word' id='word_1_287' title='bbox 697 3003 857 3080; x_wconf 90' lang='lat' dir='ltr'>roborarit,</span> <span class='ocrx_word' id='word_1_288' title='bbox 873 3013 903 3063; x_wconf 91' lang='lat' dir='ltr'>ut</span> <span class='ocrx_word' id='word_1_289' title='bbox 919 3022 1035 3082; x_wconf 91' lang='lat' dir='ltr'>semper</span> <span class='ocrx_word' id='word_1_290' title='bbox 1051 3005 1080 3063; x_wconf 93' lang='lat' dir='ltr'>iu</span> <span class='ocrx_word' id='word_1_291' title='bbox 1094 3010 1228 3082; x_wconf 91' lang='lat' dir='ltr'>promptu</span> 
     </span>
     <span class='ocr_line' id='line_1_35' title="bbox 183 3085 1229 3167; baseline 0.004 -27"><span class='ocrx_word' id='word_1_292' title='bbox 183 3085 282 3142; x_wconf 74' lang='lat' dir='ltr'>t9sint</span> <span class='ocrx_word' id='word_1_293' title='bbox 306 3094 334 3144; x_wconf 92' lang='lat' dir='ltr'>et</span> <span class='ocrx_word' id='word_1_294' title='bbox 355 3094 421 3145; x_wconf 90' lang='lat' dir='ltr'>aute</span> <span class='ocrx_word' id='word_1_295' title='bbox 442 3086 555 3146; x_wconf 86' lang='lat' dir='ltr'>oculos.</span> <span class='ocrx_word' id='word_1_296' title='bbox 598 3086 728 3166; x_wconf 89' lang='lat' dir='ltr'>Namque</span> <span class='ocrx_word' id='word_1_297' title='bbox 748 3088 806 3148; x_wconf 91' lang='lat' dir='ltr'>hoc</span> <span class='ocrx_word' id='word_1_298' title='bbox 827 3089 875 3167; x_wconf 92' lang='lat' dir='ltr'>qui</span> <span class='ocrx_word' id='word_1_299' title='bbox 897 3088 1020 3164; x_wconf 88' lang='lat' dir='ltr'>iecerit,</span> <span class='ocrx_word' id='word_1_300' title='bbox 1043 3089 1070 3146; x_wconf 91' lang='lat' dir='ltr'>ei</span> <span class='ocrx_word' id='word_1_301' title='bbox 1091 3105 1140 3146; x_wconf 89' lang='lat' dir='ltr'>res</span> <span class='ocrx_word' id='word_1_302' title='bbox 1165 3102 1229 3145; x_wconf 93' lang='lat' dir='ltr'>cum</span> 
     </span>
     <span class='ocr_line' id='line_1_36' title="bbox 225 3168 1229 3251; baseline 0.002 -26"><span class='ocrx_word' id='word_1_303' title='bbox 225 3168 386 3228; x_wconf 91' lang='lat' dir='ltr'>nominihus</span> <span class='ocrx_word' id='word_1_304' title='bbox 407 3171 466 3228; x_wconf 92' lang='lat' dir='ltr'>suis</span> <span class='ocrx_word' id='word_1_305' title='bbox 488 3180 652 3230; x_wconf 91' lang='lat' dir='ltr'>occurrent.</span> <span class='ocrx_word' id='word_1_306' title='bbox 693 3172 751 3232; x_wconf 89' lang='lat' dir='ltr'>Sed</span> <span class='ocrx_word' id='word_1_307' title='bbox 767 3189 840 3251; x_wconf 92' lang='lat' dir='ltr'>opus</span> <span class='ocrx_word' id='word_1_308' title='bbox 857 3180 902 3231; x_wconf 91' lang='lat' dir='ltr'>est</span> <span class='ocrx_word' id='word_1_309' title='bbox 922 3171 1016 3231; x_wconf 88' lang='lat' dir='ltr'>studio</span> <span class='ocrx_word' id='word_1_310' title='bbox 1032 3170 1229 3249; x_wconf 88' lang='lat' dir='ltr'>praecedente</span> 
     </span>
     <span class='ocr_line' id='line_1_37' title="bbox 226 3253 1226 3334; baseline 0.003 -26"><span class='ocrx_word' id='word_1_311' title='bbox 226 3258 256 3309; x_wconf 90' lang='lat' dir='ltr'>et</span> <span class='ocrx_word' id='word_1_312' title='bbox 270 3254 412 3330; x_wconf 88' lang='lat' dir='ltr'>acquisita</span> <span class='ocrx_word' id='word_1_313' title='bbox 428 3253 564 3314; x_wconf 86' lang='lat' dir='ltr'>facultate</span> <span class='ocrx_word' id='word_1_314' title='bbox 586 3263 615 3314; x_wconf 93' lang='lat' dir='ltr'>et</span> <span class='ocrx_word' id='word_1_315' title='bbox 636 3257 718 3332; x_wconf 89' lang='lat' dir='ltr'>quasi</span> <span class='ocrx_word' id='word_1_316' title='bbox 738 3257 877 3334; x_wconf 89' lang='lat' dir='ltr'>reposita.</span> <span class='ocrx_word' id='word_1_317' title='bbox 914 3254 1044 3334; x_wconf 89' lang='lat' dir='ltr'>Namque</span> <span class='ocrx_word' id='word_1_318' title='bbox 1070 3255 1125 3314; x_wconf 89' lang='lat' dir='ltr'>ista</span> <span class='ocrx_word' id='word_1_319' title='bbox 1141 3270 1226 3332; x_wconf 89' lang='lat' dir='ltr'>quae·</span> 
     </span>
    </p>
   </div>
   <div class='ocr_carea' id='block_1_3' title="bbox 224 3333 1226 3501">
    <p class='ocr_par' dir='ltr' id='par_1_3' title="bbox 224 3333 1226 3501">
     <span class='ocr_line' id='line_1_38' title="bbox 225 3333 1226 3416; baseline 0.003 -25"><span class='ocrx_word' id='word_1_320' title='bbox 225 3333 322 3411; x_wconf 88' lang='lat' dir='ltr'>rendi,</span> <span class='ocrx_word' id='word_1_321' title='bbox 340 3337 498 3413; x_wconf 91' lang='lat' dir='ltr'>iudicandi,</span> <span class='ocrx_word' id='word_1_322' title='bbox 522 3338 706 3416; x_wconf 90' lang='lat' dir='ltr'>comparandi</span> <span class='ocrx_word' id='word_1_323' title='bbox 722 3341 870 3414; x_wconf 82' lang='lat' dir='ltr'>anxietas,</span> <span class='ocrx_word' id='word_1_324' title='bbox 893 3339 958 3399; x_wconf 90' lang='lat' dir='ltr'>dum</span> <span class='ocrx_word' id='word_1_325' title='bbox 974 3339 1126 3413; x_wconf 91' lang='lat' dir='ltr'>discimus,</span> <span class='ocrx_word' id='word_1_326' title='bbox 1150 3335 1226 3396; x_wconf 88' lang='lat' dir='ltr'>adhi-</span> 
     </span>
     <span class='ocr_line' id='line_1_39' title="bbox 224 3414 1226 3501; baseline 0.003 -26"><span class='ocrx_word' id='word_1_327' title='bbox 224 3414 318 3477; x_wconf 86' lang='lat' dir='ltr'>benda</span> <span class='ocrx_word' id='word_1_328' title='bbox 337 3429 397 3496; x_wconf 87' lang='lat' dir='ltr'>est,</span> <span class='ocrx_word' id='word_1_329' title='bbox 408 3438 471 3486; x_wconf 78' lang='lat' dir='ltr'>¹uon</span> <span class='ocrx_word' id='word_1_330' title='bbox 487 3421 551 3481; x_wconf 90' lang='lat' dir='ltr'>durn</span> <span class='ocrx_word' id='word_1_331' title='bbox 567 3420 696 3481; x_wconf 88' lang='lat' dir='ltr'>dicimus.</span> <span class='ocrx_word' id='word_1_332' title='bbox 725 3421 844 3501; x_wconf 79' lang='lat' dir='ltr'>Alioqui</span> <span class='ocrx_word' id='word_1_333' title='bbox 859 3424 949 3498; x_wconf 91' lang='lat' dir='ltr'>sicut,</span> <span class='ocrx_word' id='word_1_334' title='bbox 967 3424 1015 3500; x_wconf 93' lang='lat' dir='ltr'>qui</span> <span class='ocrx_word' id='word_1_335' title='bbox 1030 3420 1226 3500; x_wconf 86' lang='lat' dir='ltr'>patrimonium</span> 
     </span>
    </p>
   </div>
   <div class='ocr_carea' id='block_1_4' title="bbox 0 0 1288 4026">
    <p class='ocr_par' dir='ltr' id='par_1_4' title="bbox 0 0 1288 4026">
     <span class='ocr_line' id='line_1_40' title="bbox 0 0 1288 4026; baseline 0 0"><span class='ocrx_word' id='word_1_336' title='bbox 0 0 1288 4026; x_wconf 95' lang='lat' dir='ltr'> </span> 
     </span>
    </p>
   </div>
  </div>
 </body>
</html>
