2566 4026
162 138 223 203 184
484 150 854 213 u.ssa.ou1xu1n1uu1

160 307 264 385 dicem,
285 305 480 384 mitigandum,
500 305 710 367 concitandum.
751 306 835 380 Quod
860 306 980 368 liberius
999 307 1048 368 hic
1069 316 1098 370 et
1113 326 1163 371 re·

117 392 318 456 lohemeutius
333 391 397 450 lieri
417 398 534 468 potest,
558 391 625 469 quia
650 390 739 450 iudici
758 407 845 450 causa
864 392 920 452 iam
935 401 1003 452 nota
1025 402 1078 452 εει.
1109 393 1165 456 llic

158 477 245 553 igitur
263 474 345 535 velut
369 474 521 549 lomentis,
543 475 567 533 si
586 473 654 553 quid
672 474 727 534 erit
746 492 894 553 asperum,
916 476 1163 557 praemolliemus,

158 576 216 637 quo
232 558 347 619 iacilius
366 576 451 618 aures
469 557 594 618 iudicum
611 575 685 638 quae
707 566 775 636 post
796 561 975 637 proposituri
991 561 1097 620 erimus
1115 561 1163 622 ad-

157 643 283 719 mittant,
309 660 346 702 ne
369 644 473 702 iustum
495 640 617 701 oderint.
662 641 739 703 Nihil
764 644 838 702 enim
860 643 948 704 iacile
969 644 1164 722 persuadetur

116 727 262 790 lliuvitis.
305 724 370 799 Quo
398 725 466 785 loco
494 734 588 786 tamen
614 726 716 786 iudicis
738 741 856 805 quoque
886 727 1035 788 noscenda
1062 737 1163 788 natura

158 818 217 886 εει,
240 811 295 869 iuri
319 810 410 886 magis
435 827 470 870 an
490 826 584 888 aequo
606 811 643 869 sit
658 811 823 888 appositum
841 812 963 890 proinde
980 813 1054 871 enim
1070 813 1162 889 magis

156 893 315 955 autminus
339 894 394 953 erit
425 892 483 953 hoc
505 894 712 954 necessarium.
764 890 902 954 Ceterum
931 913 979 955 res
1006 896 1109 955 eadem
1134 905 1162 954 et

156 985 225 1056 post
240 979 440 1055 quaestionem
454 979 649 1056 perorationis
668 977 733 1036 vice
749 978 887 1055 iungitur.

115 1072 147 1125 12
238 1059 319 1121 llanc
336 1070 447 1139 partem
459 1059 642 1142 παρέκβασιν
657 1070 765 1121 vocant
783 1060 898 1139 Graeci,
917 1061 1009 1123 Latini
1029 1080 1159 1140 egres-

156 1163 229 1205 sum
251 1145 300 1205 vel
324 1147 599 1223 egressionem
638 1145 697 1205 Sed
720 1144 775 1204 hae
800 1155 865 1205 sunt
891 1145 1008 1224 plures,
1038 1154 1068 1205 ut
1089 1144 1159 1219 dixi,

156 1246 230 1308 quae
252 1248 305 1308 per
320 1239 409 1289 totam
425 1247 541 1290 causam
558 1230 656 1290 varios
672 1228 779 1288 habeut
800 1248 958 1306 excursus,
981 1239 1012 1289 ut
1027 1229 1091 1289 laus
1107 1228 1158 1288 ho·

155 1315 259 1373 minum
277 1313 485 1391 locorumque,
511 1322 542 1373 ut
557 1313 716 1392 descriptio
735 1314 902 1390 regionum,
927 1314 1072 1392 expositio
1090 1330 1159 1391 qua·

115 1397 273 1462 larundam
288 1416 385 1458 rerum
401 1407 564 1475 gestarum,
581 1406 612 1456 ut
632 1397 742 1457 laetitia
763 1396 934 1458 fabularum.
969 1397 1034 1471 Quo
1052 1415 1089 1456 ex
1107 1415 1159 1474 ge·

155 1500 227 1541 nere
249 1483 342 1541 estin
367 1481 546 1541 orationibus
570 1490 670 1542 contra
692 1480 816 1541 Verrem
849 1481 1020 1560 compositis
1041 1480 1160 1541 Siciliae

154 1564 228 1640 laus,
246 1564 438 1643 Proserpinae
455 1574 568 1643 raptus;
592 1582 646 1643 pro
665 1562 697 1625 C.
716 1563 854 1625 Cornelio
870 1565 1020 1644 popularis
1037 1565 1088 1624 illa
1103 1565 1159 1622 vir·

154 1657 245 1708 tutum
263 1646 315 1708 Gn.
333 1648 463 1727 Pompeii
479 1650 729 1725 commemoratio,
751 1650 779 1708 in
796 1667 880 1727 quam
901 1649 952 1709 illc
967 1649 1079 1709 divinus
1095 1665 1159 1707 ora·

155 1741 211 1807 tor,
230 1731 311 1791 velut
328 1734 443 1792 nomine
457 1734 523 1811 ipso
539 1732 620 1792 ducis
639 1751 740 1792 cursus
756 1733 871 1793 dicendi
887 1741 1052 1808 teneretur,
1075 1731 1158 1790 abru-

112 1822 146 1880 14
155 1825 223 1895 pto,
241 1834 326 1894 quem
340 1816 544 1891 inchoaverat,
566 1833 700 1876 sermone
718 1817 852 1877 devertit.
885 1816 930 1877 Ac
945 1825 1034 1875 totum
1050 1814 1159 1894 παρέα-

153 1901 239 1980 βασις
263 1910 326 1978 εει,
353 1910 383 1960 ut
405 1919 469 1960 mea
485 1900 671 1978 quidemiert
696 1901 811 1979 opinio,
835 1900 994 1960 alicuius
1016 1901 1072 1958 rei
1096 1897 1158 1957 sed

154 1985 195 2045 ad
220 1984 428 2045 utilitatem
451 2001 587 2044 causae
608 1985 832 2063 pertinentis
863 1993 972 2044 extra
993 1983 1157 2045 ordinem

155 2086 361 2128 excurrens
382 2069 570 2128 tractatio.
606 2068 793 2146 Quapropter
812 2084 871 2127 non
885 2067 988 2144 video,
1012 2085 1063 2126 cur
1081 2066 1156 2126 hunc

155 2154 182 2212 ei
197 2153 376 2230 potissimum
391 2152 487 2213 locum
501 2152 664 2229 assignent,
686 2153 734 2231 qui
751 2169 847 2211 rerum
863 2152 993 2211 ordinem
1010 2151 1155 2228 sequitur;

154 2252 211 2294 non
225 2238 317 2312 magis
335 2253 419 2314 quam
432 2235 523 2312 illud,
547 2254 598 2297 cur
618 2236 676 2296 hoc
694 2253 799 2296 nomen
822 2237 860 2296 ita
881 2235 994 2295 demum
1010 2235 1159 2313 proprium

153 2328 264 2399 putent,
281 2322 308 2380 si
320 2320 428 2398 aliquid
447 2321 475 2379 in
489 2320 623 2397 digressu
638 2322 675 2381 sit
690 2319 905 2398 exponendum,
925 2339 988 2380 cum
1006 2327 1048 2378 tot
1066 2317 1158 2376 modis

112 2411 269 2466 15arecto
290 2405 393 2464 itinere
408 2404 535 2465 declinet
553 2405 656 2464 oratio.
692 2402 765 2463 Nam
788 2404 927 2482 quidquid
949 2404 1053 2464 dicitur
1074 2418 1157 2480 prae·

153 2498 198 2548 ter
217 2487 283 2547 illas
299 2490 441 2566 quinque,
467 2506 537 2566 quas
557 2487 695 2564 fecimus,
720 2497 834 2566 partes,
858 2489 991 2565 egressio
1011 2491 1072 2561 est,
1088 2484 1157 2543 indi-

153 2573 268 2649 gnatio,
284 2573 449 2648 miseratio,
466 2572 584 2646 invidia,
604 2571 781 2647 convicium,
799 2573 961 2645 excusatio,
980 2569 1156 2642 conciliatio,

152 2653 370 2716 maledictorum
386 2655 531 2717 refutatio.
563 2654 672 2715 Similia
687 2654 750 2729 bis,
771 2671 845 2731 quae
873 2671 930 2712 non
945 2661 1009 2711 sunt
1026 2652 1054 2710 in
1069 2668 1157 2728 quae-

153 2740 259 2814 stione,
276 2741 366 2798 omnis
382 2739 582 2818 amplificatio,
598 2739 728 2814 minutio,
753 2754 837 2796 omne
855 2736 977 2796 allectus
990 2753 1098 2813 genum
1115 2743 1156 2792 at·

154 2840 210 2900 que
230 2841 265 2882 ea
288 2825 409 2883 maxime
436 2822 587 2884 iucundam
606 2831 635 2881 et
650 2830 780 2881 ornatam
795 2820 903 2882 iaciunt
919 2821 1096 2895 orationem,
1120 2817 1156 2877 de

152 2906 287 2982 luxuria,
318 2907 355 2968 de
376 2908 510 2982 avaritia,
532 2904 569 2965 de
588 2905 750 2984 religione,
777 2904 813 2965 de
841 2904 961 2974 officiis;
990 2922 1064 2983 quae
1094 2921 1158 2961 cum

153 2991 209 3049 siut
234 2991 410 3068 argumentis
434 2990 566 3050 subiecta
591 2991 723 3050 similium
749 3009 861 3068 rerum,
889 2990 956 3068 quia
986 2987 1155 3060 cohaerent,

112 3086 144 3142 16
154 3075 257 3151 egredi
274 3091 331 3134 non
345 3074 487 3134 ridentur.
520 3074 558 3135 Et
576 3074 697 3153 plurima
712 3085 794 3151 sunt,
818 3091 892 3152 quae
912 3071 1001 3132 rebus
1022 3069 1091 3128 nihil
1109 3086 1156 3127 εε·

154 3175 218 3217 cum
235 3157 460 3219 cohaerentibus
476 3161 658 3236 inseruntur,
676 3158 779 3238 quibus
795 3158 882 3218 iudex
896 3155 1040 3229 relicitur,
1059 3152 1156 3213 admo·

153 3248 246 3314 netur,
263 3241 409 3320 placatur,
425 3252 561 3320 rogatur,
579 3244 721 3304 laudatur.
754 3238 975 3300 Innumerabilia
991 3246 1057 3297 sunt
1071 3236 1156 3326 haec,

154 3338 274 3400 quorum
288 3324 343 3384 alia
360 3327 404 3385 sic
419 3336 592 3406 praeparata
609 3327 774 3400 aderimus,
792 3323 931 3402 quaedam
946 3341 984 3382 ex
999 3322 1156 3382 occasione

155 3405 201 3465 sel
217 3424 254 3466 ex
268 3410 445 3469 necessitate
461 3411 607 3487 ducimus,
630 3411 655 3469 si
672 3406 839 3490 quidnobis
857 3406 1011 3486 agentibus
1026 3406 1093 3466 novi
1108 3421 1155 3464 ac·
