2566 4026
158 139 220 201 ata
491 149 852 211 u.rso.omxu1u1sur

156 326 269 387 opere,
293 307 382 383 dixit,
403 305 460 367 sed
474 313 628 384 satagere.
664 304 718 365 Est
741 307 816 365 enim
836 305 943 366 dictum
958 323 1013 384 per
1028 324 1061 366 se
1076 305 1163 368 urbo·

155 410 233 467 num,
250 399 410 470 cotapere,
434 390 546 448 etiamsi
558 388 637 449 nulla
650 388 742 449 subsit
759 389 879 449 alterius
893 388 977 449 verbi
994 388 1161 451 similitudo.

116 473 240 540 mutum
256 483 285 534 et
306 472 419 534 adiecta
437 480 466 532 et
481 471 611 533 detracta
627 473 805 550 aspiratione
827 482 856 532 et
870 473 970 533 divisis
987 472 1163 535 coniunctis·

158 574 214 639 que
236 556 335 619 verbis
356 557 488 617 similiter
510 560 627 634 saepius
650 556 770 634 frigida,
791 555 945 635 aliquando
967 566 1063 617 tamen
1086 559 1162 618 reci·

156 642 272 722 pienda.
306 640 474 719 Eademque
490 640 623 700 condicio
642 649 687 699 est
702 642 730 700 in
749 642 803 717 iis,
825 658 898 718 quae
920 641 1161 701 anominibus

156 726 314 786 trahuntur.
351 724 440 785 Multa
458 742 496 784 ex
511 723 568 784 boo
587 722 692 784 Cicero
708 725 737 782 iu
750 723 889 800 Verrem,
914 724 968 785 sed
988 732 1018 783 ut
1039 723 1074 784 ab
1097 725 1162 785 aliis

156 810 242 886 dicta,
258 808 344 869 modo
357 809 511 888 sutorum,
530 815 563 869 ut
584 810 685 869 omnio
700 817 857 878 uerreret;
881 809 958 886 [cum
973 808 1120 869 diceretur
1135 809 1162 868 ei

154 892 283 972 Verres]
305 893 392 952 modo
406 891 544 969 Herculi,
561 910 645 970 quem
663 891 854 970 expilaverat,
872 893 1071 954 molestiorem
1082 910 1162 970 opro

155 977 361 1057 Erymanthio
373 977 490 1056 [nicom
510 976 597 1036 modo
608 977 721 1038 molam
737 975 949 1053 Sacerdotem,
966 977 1019 1054 qui
1032 985 1095 1037 tom
1109 997 1161 1039 nc·

156 1077 248 1140 quom
263 1079 383 1123 verrem
394 1061 568 1139 reliquisset
572 1081 586 1130 ,·
600 1061 666 1139 quia
678 1059 830 1120 Sacerdoti
841 1059 951 1119 Verres
963 1069 1160 1120 successerat.

112 1153 147 1207 56
156 1144 281 1207 Praebet
300 1152 394 1204 tamen
417 1144 571 1223 aliquando
591 1145 777 1204 occasionem
801 1143 941 1221 quaedam
962 1143 1089 1203 felicitas
1104 1143 1162 1204 boc

157 1246 274 1307 quoque
289 1247 400 1306 genere
415 1227 490 1288 bene
506 1227 620 1288 utendi:
636 1236 666 1288 ut
682 1244 736 1306 pro
752 1226 877 1287 Caecina
890 1225 995 1286 Cicero
1011 1229 1041 1285 iu
1056 1235 1161 1287 testem

156 1313 226 1372 Sex.
247 1310 379 1373 Clodium
393 1312 604 1387 Phormionem,
623 1309 688 1373 Nec
698 1313 798 1373 minus
809 1313 908 1391 niper,
924 1312 1025 1388 iuquit,
1037 1330 1096 1372 nec
1106 1311 1161 1371 mi·

154 1416 214 1456 nno
230 1396 387 1474 confidens
402 1413 494 1474 quom
509 1404 554 1458 est
566 1397 618 1458 ille
635 1395 835 1457 Terentianus
850 1394 997 1458 Phormio.

113 1487 147 1542 st
240 1479 364 1539 Acriora
391 1481 478 1557 igitur
502 1489 567 1539 sunt
591 1488 620 1540 et
642 1478 841 1556 elegantiora,
868 1496 942 1556 quae
958 1477 1108 1538 trahuntur
1123 1494 1162 1538 ex

155 1565 184 1623 vi
200 1581 305 1622 rerum.
342 1563 373 1623 In
393 1564 437 1623 his
458 1565 579 1624 maxime
607 1563 686 1622 valet
708 1563 936 1639 similitudo,
960 1563 985 1621 si
1009 1570 1105 1621 tamen
1125 1560 1161 1621 ed

156 1645 264 1724 aliquid
279 1647 398 1706 interius
415 1647 567 1726 leviusque
582 1646 739 1714 reseratum
760 1665 833 1725 quae
849 1648 904 1706 iam
919 1655 1038 1706 ueteres
1057 1644 1101 1704 illi
1117 1646 1160 1704 io·

157 1729 312 1807 cabautor,
336 1731 384 1808 qui
406 1730 556 1791 Lentulum
574 1729 766 1808 Spintherem
787 1740 815 1790 et
830 1731 996 1807 Scipionem
1011 1727 1160 1807 Serapio·

155 1832 224 1874 nem
245 1831 313 1872 esse
333 1814 476 1874 dixerunt.
514 1814 572 1874 Sed
591 1831 625 1873 ea
640 1831 698 1873 non
717 1813 752 1874 ab
771 1814 931 1874 hominibus
950 1812 1036 1873 modo
1052 1813 1160 1890 petitur

154 1915 255 1956 rerum
278 1898 363 1957 etiam
381 1897 416 1958 ab
443 1897 628 1974 animalibus,
652 1907 683 1957 ut
704 1898 788 1957 uobis
808 1899 907 1976 pueris
928 1897 1024 1957 Iunius
1039 1896 1159 1973 Bassus,

113 1981 240 2044 bithomo
257 1981 384 2058 inprimis
401 1983 495 2058 dicax,
511 1979 626 2042 Asinus
636 1982 727 2044 olbus
741 1982 909 2042 vocabatur.
942 1981 980 2040 Et
993 1982 1159 2040 Sarmentus

157 2083 209 2124 seu
229 2064 259 2123 P.
282 2064 402 2124 Blessus
426 2065 543 2141 lulium,
570 2066 712 2125 hominem
734 2068 845 2142 nigrum
862 2075 890 2124 et
902 2083 1028 2125 macrum
1044 2072 1073 2122 et
1091 2081 1159 2142 pau·

157 2148 232 2224 dum,
246 2147 372 2225 fibulam
386 2149 523 2228 ferream
540 2150 619 2209 dixit.
651 2147 735 2222 Quod
753 2167 827 2209 nuuc
842 2151 916 2208 risus
931 2146 1050 2226 petendi
1066 2165 1160 2224 genus

115 2232 418 2309 obfrequeutissimum
447 2242 501 2293 est.
549 2231 711 2293 Adhibetur
740 2242 835 2294 autem
862 2232 1016 2292 similitudo
1046 2232 1161 2290 interim

157 2315 268 2394 palam,
290 2319 402 2376 interim
424 2319 512 2378 inseri
533 2317 611 2376 solet
630 2318 805 2396 parabolae;
827 2320 906 2376 cuius
927 2325 972 2376 est
990 2316 1110 2393 generis
1131 2313 1160 2375 id

157 2398 296 2477 Augusti,
319 2403 367 2480 qui
382 2402 463 2462 militi
479 2401 609 2462 libellum
629 2402 727 2462 timide
748 2402 924 2480 porrigenti,
946 2398 1035 2476 Noli,
1057 2400 1159 2477 iuquit,

114 2485 272 2562 (iutimare,
293 2488 497 2562 praecinerem
514 2487 674 2565 elephanto
690 2486 755 2546 des.
795 2485 866 2545 Sunt
889 2484 1029 2562 quaedam
1043 2485 1107 2543 veri
1122 2483 1160 2542 si·

157 2566 247 2636 milia;
271 2569 347 2628 unde
366 2569 498 2630 Vatinius
520 2569 590 2628 dixit
613 2568 670 2628 hoc
691 2569 814 2646 dictum,
834 2587 897 2628 cum
913 2587 992 2642 reus,
1009 2575 1116 2645 agente
1132 2567 1161 2625 iu

158 2667 223 2708 euru
241 2649 349 2724 Calvo,
374 2653 498 2713 frontem
521 2652 642 2712 candido
657 2652 772 2711 sudario
794 2661 941 2729 tergeret,
964 2652 1052 2729 idque
1067 2653 1162 2729 ipsum

158 2733 354 2791 accusatorio
369 2733 502 2793 invidiam
519 2743 650 2809 vocaret,
669 2732 815 2806 Onnmois
830 2755 902 2797 rens
916 2754 999 2810 snm,
1015 2735 1117 2812 inquit,
1132 2738 1162 2794 et

115 2827 148 2882 61
155 2833 267 2895 portem
293 2813 461 2877 condidam
482 2818 549 2877 edo.
597 2817 699 2877 Adhuc
726 2829 771 2878 est
792 2819 925 2878 subtilior
945 2819 995 2877 illa
1017 2836 1054 2877 ex
1075 2816 1161 2876 simili

158 2898 325 2969 translatio„
349 2918 427 2976 cum,
450 2901 571 2978 quodin
588 2900 689 2960 aliare
708 2902 770 2961 lieri
788 2902 882 2979 solet,
904 2902 933 2960 in
952 2902 1036 2961 aliam
1050 2909 1159 2960 mutua·

157 3001 229 3041 mur,
260 2981 303 3041 Ea
318 2983 429 3042 dicatur
445 3002 514 3043 sane
535 2984 660 3044 fictio:
677 2993 707 3044 ut
724 2983 921 3065 Chrysippus,
941 3003 1005 3045 eum
1020 2986 1048 3044 iu
1063 2986 1159 3044 trium·

158 3067 216 3144 pho
238 3064 372 3126 Caesaris
394 3068 503 3127 eborea
525 3068 631 3145 oppida
655 3077 753 3127 essent
775 3070 928 3145 translata,
952 3079 980 3129 et
1005 3077 1074 3147 post
1097 3068 1159 3128 dies

158 3167 268 3226 paucos
291 3148 372 3209 Fabii
390 3149 503 3210 Maximi
524 3151 638 3227 lignea,
661 3153 767 3215 thecas
789 3174 857 3215 esse
878 3155 1059 3232 oppidorum
1082 3148 1159 3213 Coe·

158 3235 241 3293 soris
256 3232 335 3291 dixit.
366 3232 402 3293 Et
418 3235 497 3294 Pedo
514 3235 549 3293 de
566 3235 752 3312 mirmillone,
771 3239 819 3315 qui
834 3239 980 3298 retiarium
997 3253 1158 3313 couseque-

115 3314 241 3378 oabatur
261 3334 316 3374 nec
341 3317 481 3394 feriebat,
505 3317 626 3394 Vicum,
655 3320 758 3397 iuquit,
783 3339 897 3398 capere
917 3322 989 3382 uult.
1030 3318 1160 3397 Iungitur

161 3398 352 3478 amphiboliae
368 3401 532 3480 similitudo,
554 3411 584 3460 ut
601 3421 616 3461 a
633 3402 664 3461 L.
682 3402 787 3480 Galba,
808 3406 856 3484 qui
872 3405 958 3483 pilam
975 3402 1159 3481 negligenter
