2566 4026
203 186 262 248 tta
524 197 560 242 u.
576 195 654 243 rau.
672 195 892 254 ouuuuuumur

199 353 266 431 sint,
284 369 358 431 quae
373 353 401 411 in
417 359 537 410 auctore
553 367 670 430 quoque
682 351 840 431 praecipua
853 353 955 412 uirtus¹
991 352 1050 413 Sed
1065 356 1208 433 persequi

153 436 330 515 &singulos
350 435 450 495 infiniti
468 435 557 495 fuerit
572 437 682 514 operis.
722 435 837 515 Quippe
855 454 918 495 cum
934 438 961 495 in
976 435 1064 495 Bruto
1080 435 1119 496 Μ.
1137 437 1207 498 Tul·

197 523 252 583 lius
267 529 311 580 tot
331 520 446 580 milibus
472 538 608 580 versuum
629 519 666 578 de
686 519 822 580 Romanis
845 529 953 580 tantum
974 520 1139 581 oratoribus
1162 522 1206 583 lo·

198 614 302 685 quatur
323 613 352 664 et
367 613 462 664 tamen
477 603 514 663 de
531 604 661 663 omnibus
678 606 780 664 aetatis
797 623 878 681 suae,
892 603 1062 682 quibuscum
1074 605 1205 683 vivebat,

198 691 331 767 exceptis
353 686 481 748 Caesare
496 697 583 767 atque
599 687 757 765 llaroello,
774 689 919 748 silentium
935 689 1045 766 egerit:
1069 691 1134 774 quis
1151 691 1207 751 erit

197 775 310 850 modus,
334 773 359 832 sl
377 781 406 832 et
421 773 489 833 illos
506 773 599 851 etqui
618 782 722 851 postea
737 774 852 833 fuerunt
867 782 897 832 ct
912 771 1041 833 Graecos
1058 790 1160 833 omnes
1178 783 1208 834 et

151 869 189 923 39
196 856 411 936 philosophos?
446 855 511 916 Fuit
531 858 618 934 igitur
637 856 766 918 brevitas
783 857 833 918 illa
856 859 1015 933 tutissima,
1039 875 1113 935 quae
1129 858 1207 935 apud

195 941 304 1002 Livium
320 943 348 999 iu
364 941 490 1019 epistola
507 942 543 1001 ad
558 941 647 1000 lilium
662 943 786 1021 scripta,
816 943 959 1020 lependos
974 941 1207 1004 Demosthenem

195 1033 287 1104 otone
303 1022 498 1102 Ciceronem,
521 1035 583 1087 tom·
601 1027 661 1101 a'to,
682 1034 716 1087 ot
730 1028 856 1104 potsque
871 1035 949 1088 esset
962 1024 1161 1087 Demostheni
1178 1033 1208 1087 et

151 1119 187 1173 40
194 1106 337 1172 Ciceroni
353 1107 625 1176 annumerabor
641 1118 792 1170 esttamen
804 1108 1009 1170 dissimulanda
1024 1111 1116 1169 nostri
1132 1126 1206 1188 quo·

196 1212 253 1273 que
268 1194 365 1254 iudicii
380 1210 498 1252 summa.
536 1192 649 1253 Paucos
666 1195 740 1253 enim
754 1193 803 1252 vel
818 1195 915 1271 potius
932 1195 982 1252 vix
999 1192 1088 1253 ullum
1104 1211 1142 1253 ex
1160 1193 1205 1254 bis

196 1279 243 1355 qui
254 1285 428 1336 vetustatem
444 1276 625 1354 pertulerunt
641 1279 774 1336 existimo
791 1294 881 1356 posse
897 1279 1031 1354 reperiri,
1048 1279 1116 1354 quin
1131 1277 1204 1339 iudi-

195 1361 269 1421 cium
284 1359 487 1420 adhibentibus
504 1359 641 1420 allaturus
664 1363 701 1419 sit
716 1361 846 1421 utilitatis
862 1360 987 1438 aliquid,
1011 1379 1075 1420 oum
1100 1380 1133 1421 se
1157 1359 1204 1421 ct-

195 1463 265 1504 cero
283 1444 319 1506 ab
335 1444 393 1504 illis
409 1460 525 1523 quoque
540 1445 742 1503 vetustissimis
757 1442 939 1519 auctoribus,
964 1446 1124 1521 ingeniosis
1141 1447 1204 1523 qui·

194 1529 259 1588 dem
286 1528 337 1589 sed
361 1536 423 1587 arte
446 1527 627 1603 carentibus,
648 1527 800 1606 plurimum
821 1528 946 1588 fateatur
966 1528 1100 1588 adiutum.
1139 1527 1204 1588 Neo

156 1612 282 1674 ilmulto
301 1612 378 1671 aliud
402 1611 439 1670 de
456 1613 539 1670 novis
561 1612 665 1670 sentio.
705 1610 817 1685 Quotus
840 1613 914 1671 enim
936 1613 1060 1690 quisque
1079 1614 1203 1672 inveniri

194 1705 251 1754 tam
274 1695 392 1754 demens
415 1704 529 1773 potest,
559 1697 607 1772 qni
635 1714 671 1754 ne
698 1697 809 1756 minima
835 1695 948 1773 quidem
971 1695 1093 1755 alicuius
1121 1705 1202 1756 certe

195 1778 299 1837 fiducia
314 1779 403 1855 partis
425 1780 591 1838 memoriam
606 1781 785 1858 posteritatis
801 1776 983 1857 speraverit?
1019 1778 1075 1853 Qui
1095 1781 1120 1838 si
1138 1781 1202 1858 quis

195 1869 255 1920 est:
279 1862 352 1920 intra
373 1862 482 1938 primos
506 1864 600 1922 statim
620 1881 723 1922 versus
747 1863 980 1942 deprehendetur
1001 1871 1030 1922 et
1048 1864 1131 1922 eitius
1147 1879 1202 1921 nos

194 1945 326 2020 dimittet,
344 1962 428 2023 quam
443 1953 474 2004 ut
490 1947 552 2005 eius
570 1946 654 2006 nobis
669 1964 773 2024 magno
790 1948 928 2026 temporis
943 1947 1114 2006 detrimento
1132 1962 1201 2006 cou-

150 2035 249 2090 ltstet
272 2030 510 2106 experimentum.
554 2030 613 2091 Sed
634 2047 692 2090 non
707 2031 848 2108 'quidquid
876 2030 912 2090 ad
938 2031 1062 2109 aliquam
1088 2038 1201 2109 partein

194 2113 334 2171 scientiae
352 2114 493 2191 pertinet,
517 2116 647 2190 protinus
673 2113 708 2174 ad
732 2114 892 2174 faciendam
910 2114 996 2174 etiam
1011 2112 1141 2192 phrasin,
1164 2113 1201 2174 de

194 2213 249 2274 qua
270 2195 429 2273 loquimur,
446 2198 702 2258 accommodatum.

277 2280 385 2340 Verum
402 2290 554 2358 antequam
566 2281 602 2341 de
618 2281 739 2358 singulis
756 2280 870 2361 loquar,
886 2299 978 2360 pauca
995 2283 1023 2341 in
1034 2283 1200 2342 universum

148 2363 228 2427 atde
245 2365 386 2424 varietate
404 2366 570 2443 opinionum
585 2365 706 2425 dicenda
724 2375 797 2425 sunt.
834 2364 905 2425 Nam
922 2364 1035 2442 quidam
1050 2364 1133 2424 solos
1148 2383 1200 2425 ve-

193 2456 272 2507 teres
289 2448 432 2525 legendos
448 2457 548 2526 putant
563 2467 658 2526 neque
673 2450 702 2507 in
720 2448 786 2509 ullis
800 2449 864 2508 aliis
880 2466 947 2508 esse
962 2447 1121 2508 naturalem
1137 2448 1199 2508 elo·

194 2533 338 2608 quentiam
356 2540 385 2591 et
397 2531 486 2591 robur
502 2533 571 2591 viris
587 2532 702 2609 dignum
713 2532 899 2601 arbitrantur:
916 2532 989 2593 alios
1005 2550 1110 2592 recens
1125 2531 1199 2592 haec

193 2615 312 2674 lascivia
329 2615 513 2692 deliciaeque
535 2625 564 2675 et
588 2617 681 2675 omnia
703 2616 739 2676 ad
754 2615 932 2694 voluptatem
946 2616 1132 2676 multitudinis
1149 2618 1199 2676 im·

148 2700 305 2777 superine
328 2701 490 2778 composita
516 2699 672 2759 delectant.
708 2699 841 2779 Ipsorum
863 2701 948 2760 etiam
965 2701 1012 2777 qui
1031 2708 1143 2760 rectum
1158 2699 1199 2760 di·

194 2782 278 2842 cendi
293 2801 387 2859 genus
404 2785 487 2860 sequi
504 2783 604 2843 volunt
620 2784 668 2843 alii
682 2801 785 2861 pressa
801 2783 912 2843 demum
930 2794 959 2845 et
971 2785 1067 2844 tenuia
1083 2792 1112 2843 et
1124 2800 1199 2862 quae

191 2867 335 2925 minimum
351 2865 386 2926 ab
402 2885 455 2925 usu
474 2869 618 2927 cotidiano
636 2868 789 2944 recedant,
812 2886 882 2928 sana
899 2877 928 2928 et
946 2887 1018 2927 vere
1033 2867 1130 2927 Attica
1147 2885 1198 2946 pu·

192 2958 266 3018 tant;
284 2951 423 3027 quosdam
440 2950 545 3011 elatior
562 2953 669 3028 ingenii
688 2953 731 3011 vis
750 2961 779 3011 et
792 2953 884 3028 magis
901 2954 1044 3011 concitata
1060 2960 1090 3011 et
1111 2950 1199 3030 plena

192 3034 310 3110 spiritus
329 3036 420 3114 capit;
438 3044 503 3094 sunt
524 3037 608 3095 etiarn
624 3036 698 3096 lenis
716 3044 745 3095 et
760 3036 840 3095 nitidi
861 3043 890 3095 et
905 3037 1059 3114 compositi
1079 3035 1198 3112 generis

191 3134 249 3176 non
266 3121 351 3196 pauci
366 3127 519 3178 amatores.
552 3119 596 3179 De
619 3138 675 3199 qua
689 3116 849 3180 differentia
862 3120 1001 3181 disseram
1019 3119 1197 3196 diligentius,

193 3218 257 3259 cum
274 3202 309 3261 de
325 3221 436 3279 genere
454 3204 568 3262 dicendi
584 3204 779 3280 quaerendum
795 3205 858 3263 erit.
894 3203 1010 3263 Interim
1027 3202 1197 3279 summatim,

193 3284 260 3359 quid
280 3294 341 3345 eta
359 3304 414 3363 qua
431 3286 558 3346 lectione
581 3295 684 3364 petere
701 3289 830 3366 possint,
851 3288 899 3364 qui
919 3287 1089 3346 confirmare
1105 3285 1197 3346 lacul-

149 3373 183 3427 45
192 3374 280 3425 tatem
296 3369 408 3428 dicendi
423 3369 539 3445 volent,
561 3371 707 3447 attingam.
745 3371 858 3430 Paucos
883 3373 957 3430 enim
974 3371 1055 3449 (sunt
1070 3371 1196 3430 emiuen-

192 3449 307 3529 tissimi)
327 3471 490 3532 excerpere
507 3455 536 3513 in
557 3454 649 3514 animo
671 3464 725 3515 est.
755 3453 855 3514 Facile
873 3463 918 3514 est
932 3463 1026 3514 autem
1047 3452 1197 3531 studiosis,
