2566 4026
208 193 266 255 170
518 204 569 265 tu.
581 203 660 250 nan.
677 202 898 262 comninetur

205 361 287 440 Ergo
303 362 424 440 primum
437 369 493 435 est,
507 367 537 419 ut
555 357 633 437 quod
645 358 803 418 imitaturus
816 367 861 418 est
876 358 999 436 quisque
1014 355 1159 433 intelligat
1172 365 1212 432 et,

206 463 296 527 quare
313 444 420 504 bonum
435 445 482 518 sit,
499 444 580 503 sciat.

163 541 197 597 19
288 527 359 588 Tum
380 529 409 586 in
430 527 617 605 suscipiendo
641 543 731 585 onere
756 524 888 588 consulat
915 541 982 584 suas
1004 524 1093 583 vires.
1140 522 1213 584 Nam

205 613 346 694 quaedam
368 622 433 672 sunt
454 611 618 687 imitabilia,
646 610 749 687 quibus
770 619 818 679 aut
841 609 987 668 infirmitas
1012 617 1132 667 naturae
1156 625 1214 666 non

205 699 330 759 sufficiat
346 705 395 756 aut
409 696 562 756 diversitas
575 702 729 773 repugnet.
760 692 816 770 Ne,
833 695 878 753 eui
891 701 977 752 tenne
988 694 1135 770 ingenium
1147 694 1213 766 erit,

205 781 270 843 sola
284 781 357 841 velit
371 780 457 840 fortia
475 788 505 839 et
519 779 655 858 abrupta;
680 780 725 839 eui
737 779 814 838 forte
830 778 944 854 quidem
967 775 1020 836 sed
1035 775 1213 851 indomitum,

205 883 303 927 amore
326 863 493 924 subtilitatis
514 873 544 925 et
563 866 620 923 vim
648 880 728 922 suam
749 862 853 942 perdat
874 871 902 921 et
928 859 1103 938 elegantiam
1129 877 1215 937 quam

205 951 285 1028 cupit
306 965 364 1007 non
384 957 566 1026 assequatur.
603 946 680 1007 Nihil
710 956 756 1006 est
778 948 852 1006 enim
874 955 931 1005 tam
954 944 1109 1019 indecens,
1129 961 1215 1022 quam

162 1045 267 1100 iocum
282 1031 380 1092 mollia
402 1032 473 1092 dure
488 1033 566 1092 liunt.
596 1031 694 1110 Atque
710 1048 767 1108 ego
783 1030 826 1090 illi
843 1029 1049 1108 praeceptori,
1069 1046 1155 1106 quem
1174 1029 1214 1086 in·

205 1117 358 1178 stituebam
374 1118 402 1175 iu
416 1116 490 1176 libro
503 1115 644 1191 secundo,
661 1115 771 1175 credidi
786 1131 843 1175 non
857 1131 892 1173 ea
910 1113 974 1173 sola
990 1112 1123 1172 docenda
1135 1129 1214 1186 esse,

206 1202 241 1262 ad
264 1218 501 1279 quaequomque
523 1199 731 1278 discipulorum
751 1206 851 1259 natura
872 1198 1064 1276 compositum
1084 1196 1214 1261 viderem

205 1304 269 1346 nam
290 1286 314 1343 is
336 1293 366 1344 et
388 1285 524 1345 adiuvare
548 1284 653 1360 debet,
682 1300 756 1361 quae
784 1284 813 1342 in
841 1298 959 1360 quoque
986 1297 1087 1342 eornm
1107 1279 1215 1342 invenit

204 1370 291 1445 bona,
315 1377 354 1444 et,
376 1377 510 1446 quantum
526 1368 589 1428 lieri
606 1376 714 1446 potest,
729 1366 857 1427 adiicere
870 1384 944 1445 quae
957 1366 1061 1427 desunt
1077 1376 1106 1426 et
1118 1385 1214 1426 emen·

206 1454 276 1514 dare
294 1452 435 1531 quaedam
450 1461 479 1511 et
493 1461 621 1520 mutare;
640 1461 740 1512 rector
756 1451 831 1510 enim
847 1451 1067 1517 cstalienorum
1082 1452 1214 1529 ingenio·

205 1556 267 1597 rum
288 1546 376 1614 atque
398 1535 547 1596 formator.
592 1535 746 1596 Difficilius
769 1544 815 1595 est
836 1544 964 1595 naturam
985 1553 1065 1595 suam
1091 1535 1213 1612 fingere.

162 1632 194 1684 21
205 1621 264 1681 Sed
282 1638 319 1678 ne
335 1619 385 1679 ille
404 1619 519 1696 quidem
541 1621 654 1697 doctor,
672 1637 834 1698 quanquam
851 1620 944 1679 omnia
964 1636 1038 1698 quae
1056 1628 1138 1679 recta
1151 1627 1216 1677 sunt

204 1703 277 1764 velit
298 1721 366 1762 esse
383 1705 486 1762 inanis
503 1703 680 1763 auditoribus
697 1721 781 1781 quam
796 1705 980 1783 plenissima,
1006 1704 1034 1762 in
1055 1721 1092 1763 eo
1108 1712 1214 1777 tamen,

207 1789 252 1847 eui
268 1795 397 1846 naturam
413 1786 530 1847 obstare
545 1787 660 1864 viderit,
681 1787 834 1848 laborabit.

289 1870 321 1930 ld
344 1887 460 1948 quoque
480 1871 642 1947 vitandum,
666 1873 694 1931 in
716 1889 773 1950 qno
795 1890 899 1950 magna
919 1889 987 1950 pars
1008 1880 1101 1948 errat,
1128 1889 1166 1931 ue
1188 1874 1215 1931 in

206 1959 337 2014 oratione
353 1962 456 2032 poetas
473 1954 557 2014 nobis
574 1963 603 2015 et
618 1955 791 2032 historicos,
808 1956 910 2016 inillis
927 1955 1065 2034 operibus
1082 1965 1215 2016 oratores

162 2048 254 2101 aiant
271 2037 484 2098 declamatores
502 2038 654 2100 imitandos
674 2049 817 2118 putemus.
854 2041 912 2100 Sua
935 2041 1040 2118 cuique
1062 2041 1215 2118 proposita

206 2123 271 2198 lex,
294 2140 363 2181 suns
388 2123 494 2201 cuique
515 2123 607 2183 decor
629 2132 683 2184 est.
722 2123 794 2183 Nam
815 2142 871 2184 nec
894 2124 1045 2183 comoedia
1067 2124 1215 2183 cothurnis

207 2207 349 2282 assurgit,
383 2224 439 2266 nec
469 2216 569 2267 eontra
593 2208 744 2284 tragoedia
768 2207 890 2267 succnlo
910 2207 1080 2284 ingreditur.
1121 2207 1216 2267 Habet

206 2300 301 2351 tamen
324 2291 416 2349 omnis
443 2291 610 2369 eloquentia
637 2291 745 2369 aliquid
779 2308 941 2359 commune;
969 2293 1111 2350 imitemur
1138 2292 1215 2369 quod

165 2382 357 2436 23commune
375 2384 429 2434 est.
463 2374 558 2435 Etiam
580 2376 638 2435 hoc
658 2375 735 2435 solet
750 2374 923 2435 incommodi
939 2375 1074 2434 accidere
1091 2377 1141 2450 iis,
1167 2377 1215 2454 qui

207 2477 240 2517 se
256 2460 303 2517 uni
319 2458 405 2519 alicui
420 2461 522 2536 generi
541 2458 723 2533 dediderunt,
740 2468 781 2534 ut,
794 2460 819 2518 si
834 2459 976 2537 asperitas
992 2459 1026 2517 iis
1042 2458 1151 2536 placuit
1164 2459 1214 2519 ali·

209 2544 307 2617 cuius,
330 2541 405 2601 hanc
423 2545 509 2602 etiam
530 2544 559 2602 in
579 2542 637 2602 leni
654 2560 688 2602 ac
705 2543 828 2602 remisso
854 2559 1004 2603 causarum
1024 2561 1136 2619 genere
1157 2560 1215 2602 non

211 2633 330 2694 exuant;
348 2627 373 2684 si
390 2628 514 2686 tenuitas
530 2644 565 2686 ac
578 2626 750 2701 incunditas,
765 2627 794 2684 in
806 2629 918 2704 asperis
933 2626 1130 2705 gravibusque
1148 2645 1214 2687 cau·

207 2711 246 2768 sis
263 2707 386 2796 pondeqi
404 2727 499 2768 rerum
515 2727 615 2787 parum
636 2710 847 2788 respondeant:
874 2729 938 2770 cum
961 2711 998 2768 sit
1019 2712 1135 2771 diversa
1156 2728 1215 2771 non

207 2810 356 2852 causarum
379 2792 465 2853 modo
487 2795 561 2852 inter
584 2795 662 2872 ipsas
689 2794 822 2854 condicio
849 2795 902 2854 sed
927 2796 956 2852 in
981 2795 1103 2872 singulis
1129 2797 1214 2854 etiam

208 2879 301 2936 causis
321 2877 458 2953 partium,
478 2879 592 2956 sintque
609 2877 664 2937 alia
682 2878 786 2938 leniter
801 2877 856 2938 alia
874 2896 978 2956 aspere
996 2879 1052 2938 alia
1069 2880 1214 2939 concitate

208 2960 263 3019 alia
279 2962 418 3036 remisse,
441 2960 496 3021 alia
512 2961 636 3022 docendi
652 2961 708 3023 alia
727 2962 861 3022 movendi
875 2964 969 3039 gratia
984 2961 1121 3030 dicenda;
1142 2980 1213 3040 quo·

164 3055 269 3104 atrum
287 3045 410 3103 omnium
425 3044 570 3105 dissimilis
591 3056 678 3125 atque
699 3047 814 3107 diversa
829 3048 903 3106 inter
923 3064 955 3105 se
974 3047 1047 3106 ratio
1064 3055 1119 3106 est.
1158 3046 1213 3105 lta·

208 3144 264 3204 que
286 3146 322 3186 ne
344 3128 401 3188 hoc
421 3129 535 3206 quidem
551 3133 709 3206 suaserim,
732 3133 779 3191 uni
803 3149 835 3191 se
859 3130 944 3191 alicui
966 3131 1104 3208 proprie,
1127 3149 1213 3209 quem

207 3228 261 3287 per
277 3213 371 3272 omnia
384 3222 538 3290 sequatur,
555 3214 700 3275 addicere.
733 3212 862 3274 Omnium
875 3214 1106 3291 perfectissimus
1123 3213 1212 3276 Grae·

208 3310 306 3352 corum
323 3295 547 3374 Demosthenes,
564 3298 671 3376 aliquid
683 3309 776 3358 tamen
793 3299 890 3378 aliquo
902 3300 929 3357 iu
947 3299 1015 3358 loco
1031 3298 1133 3358 melius
1152 3298 1212 3374 alii,

208 3377 330 3454 plurima
344 3380 404 3440 ille.
437 3381 496 3441 Sed
512 3399 569 3441 non
584 3384 632 3460 qui
647 3383 768 3442 maxime
786 3383 935 3443 imitandus
956 3392 985 3442 ct
1002 3383 1083 3444 solus
1101 3383 1210 3443 imitan-

165 3461 259 3524 nodus
277 3471 331 3521 est.
363 3462 438 3536 Quid
453 3463 546 3543 ergo?
562 3483 619 3525 non
635 3475 680 3526 est
691 3467 761 3528 satis
773 3469 867 3528 omnia
882 3468 926 3527 sic
936 3466 1047 3544 dicere,
1064 3466 1209 3546 quomodo
