2566 4026
156 151 197 213 36
472 158 837 218 u.ras.oo1nu1u1au1

155 318 334 379 reformidat.
359 314 430 376 Sunt
445 316 493 392 qui
506 315 563 373 vim
578 315 675 391 potius
688 315 781 373 intuiti
797 317 1027 394 om‘pt'uutiouem
1040 325 1159 378 vocent.

113 403 237 469 29Haec
251 401 340 461 habet
355 397 510 477 aliquando
526 415 607 456 usum
629 399 841 476 necessarium,
867 402 1001 478 quotiens
1016 402 1160 479 interpre-

156 489 265 547 tatione
280 503 346 560 res,
371 484 406 544 de
423 501 479 562 qua
496 483 659 561 quaeritur,
682 491 765 559 eget:
787 492 819 542 ut
840 483 878 543 lli.
896 481 1012 544 (laelius
1035 503 1070 544 se
1093 503 1162 545 esse

156 572 301 631 hominem
317 569 404 648 frupi
422 567 485 627 vult
510 565 652 646 probare,
677 582 734 625 non
757 568 823 644 quia
845 568 992 628 abstinens
1016 571 1053 629 sit
1081 569 1160 645 (nam

156 656 185 715 id
206 674 242 714 ne
262 654 376 713 mentiri
399 651 514 730 quidem
536 652 667 730 poterat)
691 652 744 711 sed
765 653 832 730 quia
850 652 928 711 utilis
948 653 1045 713 multis
1065 653 1094 712 id
1116 661 1161 711 est

157 741 340 813 fructuosus,
368 736 444 795 unde
466 737 503 794 sit
526 735 612 794 ducta
636 735 815 814 frupalitas.
856 736 986 814 Ideoque
1008 739 1038 796 in
1061 736 1159 796 delini-

114 823 282 883 30tionibus
302 822 466 898 assignatur
488 818 683 895 etymologiae
706 820 799 880 locus.
839 819 1049 900 Nonnunquam
1075 823 1160 880 etiam

156 907 280 968 barbara
302 906 337 966 ab
353 904 511 964 emendatis
533 912 652 962 conatur
673 904 858 981 discernere,
880 914 911 963 ut
928 922 1007 982 cum,
1034 904 1160 983 Trique-

157 1003 236 1053 tram
257 990 313 1050 dici
329 989 456 1050 Siciliam
473 1006 508 1047 an
526 986 747 1065 Tripuedram,
770 989 930 1049 meridiem
945 1008 982 1049 an
996 992 1160 1052 medidiem

114 1079 147 1132 31
158 1084 304 1156 oporteat,
317 1074 476 1153 quaeritur,
488 1071 603 1150 aliaque
616 1088 690 1150 quae
704 1072 904 1132 consuetudini
920 1075 1060 1133 serviunt.
1083 1072 1159 1132 Gon-

159 1166 228 1221 tinct
246 1168 341 1219 autem
360 1159 388 1217 in
407 1175 440 1216 se
454 1155 571 1216 multam
592 1157 799 1234 eruditionem,
819 1159 882 1220 sive
900 1176 938 1218 ex
956 1156 1077 1219 Graecis
1097 1167 1159 1219 orta

157 1253 329 1319 tractemus,
353 1259 428 1320 quae
445 1249 511 1299 sunt
528 1241 650 1319 plurima
669 1242 886 1322 praecipueque
903 1240 1027 1302 Aeolica
1047 1244 1160 1302 ratione

159 1330 220 1408 (cui
242 1336 287 1388 est
308 1342 404 1385 sermo
426 1332 528 1384 noster
548 1325 723 1404 simillimas)
746 1325 906 1403 declinata,
928 1329 992 1386 sive
1011 1345 1048 1385 ex
1069 1325 1159 1385 histo·

157 1415 262 1472 riarum
278 1419 410 1469 veterum
426 1409 527 1467 notitia
545 1410 658 1469 nomina
674 1408 835 1486 hominum,
854 1410 1002 1486 locorum,
1021 1411 1158 1488 gentium,

157 1495 270 1555 urbium
286 1493 482 1571 requiramus,
507 1492 583 1551 unde
600 1491 708 1569 Bruti,
730 1492 923 1571 Publicolae,
944 1493 1086 1574 Pptltt'ci?
1111 1512 1161 1553 cur

158 1577 294 1653 Latium,
316 1575 427 1651 ltalia,
450 1574 676 1638 Beneventum?
704 1594 779 1655 quae
800 1576 982 1656 Capitolium
1003 1587 1031 1637 et
1054 1578 1160 1637 collem

160 1661 351 1736 Quirinalem
374 1668 403 1719 et
424 1656 592 1737 Arpiletum
615 1659 779 1739 appellandi
798 1660 893 1721 ratio?

115 1755 150 1808 32
242 1745 301 1804 lam
327 1743 378 1804 illa
398 1745 524 1817 minora,
551 1745 579 1802 in
607 1744 710 1822 quibus
737 1747 860 1806 maxime
884 1745 1005 1807 studiosi
1032 1748 1095 1805 eius
1117 1749 1160 1805 rei

157 1831 329 1907 fatigantur,
358 1845 433 1905 quae
454 1826 603 1905 paululum
626 1828 769 1888 declinata
795 1833 877 1890 varie
903 1839 933 1890 et
961 1830 1160 1909 multipliciter

159 1915 194 1975 ad
215 1915 367 1973 veritatem
388 1911 529 1971 reducunt
551 1921 599 1970 aut
621 1915 764 1991 correptis
788 1923 836 1974 aut
859 1917 1020 1992 porrectis,
1044 1923 1092 1974 aut
1112 1914 1159 1973 ad·

158 1999 243 2059 iectis
262 2006 310 2057 aut
332 1996 486 2072 detractis,
509 2005 557 2055 aut
579 1999 747 2073 permutatis
770 1997 874 2057 litteris
893 1999 1062 2074 syllabisve.
1091 1997 1161 2057 lndc

158 2083 256 2161 pravis
277 2080 401 2158 ingeniis
427 2079 463 2139 ad
486 2079 654 2139 foedissima
676 2097 770 2159 usque
792 2081 915 2142 ludibria
939 2083 1081 2142 labuntur.
1118 2082 1160 2140 Sit

160 2167 235 2226 enim
258 2162 371 2226 Oousul
397 2181 413 2222 a
436 2163 615 2223 consulendo
642 2165 691 2224 vel
718 2183 734 2224 a
761 2165 929 2236 iudicando;
958 2184 1021 2224 nam
1048 2175 1077 2225 et
1103 2165 1162 2224 hoo

161 2250 320 2311 consulere
340 2256 458 2306 veteres
480 2257 676 2325 vocaverunt,
705 2250 781 2310 uude
809 2249 902 2310 adhuc
925 2258 1055 2310 remanet
1077 2250 1160 2325 illud,

117 2340 251 2411 &tropat
267 2332 338 2393 boui
355 2332 498 2392 consulas·
514 2332 547 2391 id>
563 2341 608 2391 est
628 2333 736 2393 bonum
757 2335 878 2394 iudices.
911 2333 1040 2396 Seuctui
1056 2350 1161 2394 nomen

160 2418 274 2477 dederit
292 2424 389 2491 aetas,
410 2413 474 2474 nam
490 2416 577 2475 iidem
588 2415 698 2480 Patres
715 2426 795 2495 sunt,
820 2427 850 2478 ct
866 2437 925 2480 rea
940 2429 1043 2482 rector
1060 2428 1089 2480 et
1107 2419 1162 2478 alia

159 2502 282 2580 plurima
301 2499 471 2568 indubitata
495 2518 551 2560 nee
569 2501 717 2561 abnuerim
734 2504 855 2580 tepulae
873 2506 1057 2580 regulaeque
1076 2512 1105 2561 et
1123 2504 1161 2560 si·

158 2585 267 2645 milium
288 2585 332 2644 his
355 2585 505 2643 rationem.
539 2583 597 2643 lam
618 2587 655 2644 sit
674 2593 703 2644 et
721 2586 833 2646 classic
851 2603 868 2644 a
887 2585 1007 2643 calando
1027 2594 1056 2643 et
1072 2585 1162 2661 lepus

117 2672 274 2748 satrapes
296 2677 325 2728 et
346 2668 453 2746 culpes
462 2669 594 2746 volipes:
619 2670 740 2727 etiamne
763 2686 780 2727 a
803 2669 953 2727 contrariis
971 2667 1067 2744 aliqua
1084 2669 1160 2726 siue-

160 2773 222 2814 mus
243 2753 334 2828 trahi,
356 2760 387 2809 ut
409 2752 513 2827 lucus,
537 2753 603 2828 quia
623 2751 723 2811 umbra
744 2767 853 2830 opacus
873 2767 973 2828 parum
992 2752 1107 2819 luccam
1132 2760 1162 2810 et

160 2838 268 2913 ludus,
298 2837 364 2914 quia
386 2836 423 2894 sit
445 2835 614 2912 longissime
637 2837 760 2904 alusu;
790 2843 819 2894 et
836 2833 935 2912 Ditis,
962 2837 1028 2913 quia
1047 2837 1161 2895 minime

163 2922 270 2982 dioec?
303 2921 425 2979 etiamne
452 2919 599 2979 bominem
624 2919 781 2998 appellari,
811 2920 877 2997 quia
902 2920 939 2978 sit
965 2921 1054 2980 bumo
1079 2929 1161 2979 natus

163 3002 261 3081 (quasi
282 3019 355 3062 vero
375 3018 433 3061 non
455 3001 584 3061 omnibus
606 3002 774 3063 animalibus
797 3003 898 3062 eadem
921 3005 1021 3081 origo,
1050 3012 1098 3063 aut
1119 3003 1161 3062 illi

162 3087 245 3164 primi
267 3086 406 3146 mortales
429 3095 495 3146 ante
516 3103 619 3146 nomen
641 3089 830 3166 imposuerint
852 3096 949 3147 terrae
972 3107 1056 3166 quam
1078 3087 1161 3167 sibi),

118 3179 190 3234 atet
210 3171 306 3231 carba
327 3169 362 3230 alt
384 3171 657 3232 irreverberato?
685 3172 857 3249 Pergamus:
887 3174 931 3231 sio
958 3174 1161 3251 perveniemus

89 3310 98 3327 ,
163 3270 310 3332 eousque,
338 3263 369 3312 ut
393 3256 482 3315 stella
502 3253 614 3313 luminis
636 3257 719 3317 stilla
743 3256 891 3331 credatur,
916 3259 997 3317 cuius
1021 3255 1147 3331 etymolo

162 3341 228 3416 giae
249 3347 397 3398 auctorem
419 3338 527 3398 clarum
548 3355 618 3398 sane
640 3341 669 3400 in
687 3340 790 3400 litteris
807 3342 946 3400 nominari
963 3343 991 3399 in
1011 3358 1047 3399 ea
1067 3348 1161 3418 parte,

120 3430 219 3500 Siqua
241 3440 257 3481 a
276 3439 322 3480 me
345 3421 577 3501 reprehenditur,
607 3425 787 3485 inhumanum
810 3433 864 3484 est.
913 3423 969 3499 Qui
995 3441 1067 3484 vero
1094 3424 1162 3485 talia
