2566 4026
381 163 876 232 1Nsu.01tn'r01t.LIB.V‚13·ld·
1050 153 1111 215 241

111 335 161 388 est
187 323 238 384 illa
260 323 377 397 Scauri,
405 321 441 380 de
464 339 519 400 qua
543 339 629 400 supra
652 320 725 389 dixi;
750 322 817 399 quin
837 323 939 381 nescio
967 339 1003 381 an
1029 323 1114 383 etiam

112 409 313 488 frequentior,
337 404 385 464 ubi
401 407 468 485 quid
484 415 615 482 negatur.
647 405 808 465 Videndum
825 407 984 483 praecipue
999 407 1114 487 utrique

113 493 206 574 parti,
227 491 276 551 ubi
300 492 337 549 sit
358 490 401 548 rei
422 508 540 549 summa.
589 488 661 549 Nam
681 489 744 549 fere
769 489 890 564 accidit,
913 491 993 549 utin
1019 492 1114 549 causis

112 576 204 636 multa
218 574 359 648 dicantur,
376 573 412 633 de
428 575 528 651 paucis
544 574 695 634 iudicetur.

199 658 231 718 ln
252 659 296 719 bis
316 656 457 736 probandi
480 656 682 736 refutandique
704 659 776 718 ratio
799 667 860 733 est,
885 657 937 717 sed
956 656 1114 718 adiuvanda
1122 666 1158 720 56

112 742 224 804 viribus
239 743 361 802 dicentis
379 750 408 799 et
423 741 559 800 ornanda.
592 740 763 814 ¹Quamlibet
785 743 859 801 enim
881 743 938 800 sint
960 740 995 802 ad
1017 741 1115 801 dicen·

113 828 192 902 dum,
206 825 283 904 quod
298 826 442 901 volumus,
460 826 694 886 accommodata:
710 828 805 885 ieiuna
821 835 915 885 tamen
932 834 1014 884 erunt
1030 834 1059 883 et
1074 826 1114 883 in·

113 911 206 991 firma,
222 910 277 970 nisi
293 910 403 969 maiore
422 907 545 987 quodam
561 911 685 969 oratoris
704 912 806 988 spiritu
821 910 985 987 implentur.
1017 906 1114 981 Quare
1125 914 1157 968 57

115 992 209 1054 atilli
234 1009 442 1052 communes
466 993 540 1052 loci
566 993 602 1051 de
625 993 763 1068 testibus,
788 992 825 1052 de
841 993 957 1067 tabulis,
977 992 1013 1052 de
1030 1010 1115 1069 argu-

114 1078 218 1137 mentis
241 1075 363 1152 aliisque
387 1075 527 1145 similibus
552 1094 684 1152 magnam
704 1077 761 1135 vim
783 1075 882 1135 animis
905 1076 1031 1136 iudicum
1045 1074 1115 1135 affe·

114 1168 194 1228 runt;
218 1168 248 1218 et
269 1157 298 1218 bi
318 1160 445 1236 proprii,
470 1158 573 1236 quibus
597 1159 703 1218 lactum
725 1159 862 1238 quodque
885 1159 1050 1234 laudamus,
1068 1168 1116 1218 aut

114 1251 217 1304 contra
233 1244 337 1301 iustum
352 1242 400 1301 vel
418 1243 551 1301 iniustum
566 1241 723 1318 docemus,
740 1243 829 1301 mains
845 1243 1011 1318 autminus,
1031 1260 1115 1321 aspe-

113 1328 175 1386 rius
192 1334 240 1386 ant
253 1327 358 1385 mitius.
398 1325 445 1385 Ειι
466 1325 509 1384 his
531 1335 625 1385 autem
641 1326 690 1386 alii
706 1325 741 1385 ad
757 1328 1003 1403 comparationem
1017 1327 1115 1403 singu-

114 1409 210 1470 lorum
226 1418 458 1487 argumentorum
479 1409 602 1484 faciunt,
619 1409 667 1468 alii
689 1409 725 1468 ad
748 1410 882 1487 plurium,
906 1408 955 1470 alii
976 1409 1012 1470 ad
1027 1411 1115 1469 totius

114 1510 224 1553 causae
246 1493 469 1552 inclinationem.
516 1491 561 1551 Ex
583 1493 685 1571 quibus
708 1501 773 1550 sunt
796 1495 844 1571 qul
866 1502 1042 1572 praeparent
1057 1494 1159 1554 ani-ae

113 1594 191 1637 mum
212 1576 331 1652 iudicis,
357 1586 422 1635 sunt
439 1578 487 1654 qui
503 1576 681 1636 confirment.
720 1575 780 1635 Sed
796 1578 980 1655 praeparatio
999 1594 1115 1656 quoque

113 1668 163 1721 ant
180 1660 359 1723 confirmatio
372 1660 525 1738 aliquando
540 1661 628 1719 totius
641 1677 747 1719 causae
763 1669 808 1718 est
819 1660 972 1739 aliquando
982 1662 1115 1739 partium,

114 1751 145 1803 et
158 1743 298 1821 proinde,
314 1752 346 1801 ut
364 1746 467 1821 cuique
485 1745 674 1819 conveniunt,
691 1743 878 1803 subiicienda.
921 1743 1052 1823 Ideoque
1066 1745 1158 1803 mi·59

115 1844 177 1902 ror,
194 1827 269 1885 inter
283 1827 355 1886 duos
372 1827 549 1887 diversarum
568 1836 714 1887 sectarum
728 1827 809 1887 velut
827 1827 918 1887 duces
933 1844 991 1887 non
1006 1828 1114 1888 medio·

113 1911 157 1971 cri
185 1911 371 1970 contentione
398 1912 574 1988 quaesitum,
602 1911 760 1988 singulisne
789 1911 1006 1989 quaestionibus
1029 1911 1115 1970 subii-

114 1992 210 2056 ciendi
233 2002 331 2052 essent
351 1994 426 2068 loci,
443 2003 474 2053 ut
495 1994 650 2054 Theodoro
670 1995 785 2073 placet,
807 2013 842 2054 an
865 1996 944 2073 prius
967 1994 1116 2055 docendus

114 2076 203 2137 iudex
226 2095 310 2155 quam
334 2077 509 2153 movendus,
532 2088 562 2137 ut
581 2079 723 2156 praecipit
744 2077 960 2155 Apollodorum
984 2088 1117 2158 tanquam

114 2160 238 2238 perierit
251 2160 327 2220 haec
341 2162 414 2220 ratio
430 2162 534 2237 media,
552 2172 581 2221 et
596 2162 664 2221 nihil
683 2179 747 2222 cum
762 2163 852 2239 ipsius
872 2180 978 2222 causae
993 2163 1116 2223 utilitate

115 2245 152 2303 eit
176 2243 403 2305 deliberandum.
440 2244 519 2304 llaec
542 2245 676 2306 accidunt
697 2244 758 2321 his,
778 2246 826 2322 qui
848 2247 1046 2325 praecipiunt,
1068 2245 1116 2324 qui

114 2327 171 2404 ipsi
186 2343 245 2387 non
261 2327 399 2387 dicuntia
414 2327 490 2404 foro,
508 2337 642 2403 martes,
661 2346 677 2388 a
693 2329 805 2388 securis
816 2331 979 2409 otiosisque
998 2344 1116 2406 compo-

115 2411 208 2487 sitae,
229 2412 294 2489 ipsa
316 2429 431 2489 pugnae
454 2413 631 2472 necessitate
659 2412 818 2471 turbentur.
865 2413 997 2493 Namque
1018 2419 1157 2472 omnesoo

115 2494 190 2569 iere,
212 2496 260 2572 qui
276 2495 372 2571 legem
389 2495 503 2555 dicendi
519 2497 601 2574 qnasi
617 2495 758 2574 quaedam
774 2498 911 2572 mysteria
926 2496 1116 2571 tradiderunt,

114 2579 204 2637 certis
222 2594 280 2637 non
295 2579 529 2638 inveniendorum
543 2578 629 2638 modo
642 2588 874 2657 argumentorum
889 2580 964 2640 locis
979 2580 1032 2641 sed
1049 2595 1117 2638 con·

114 2660 322 2721 cludendorum
341 2680 458 2740 quoque
475 2679 528 2720 nos
544 2663 712 2741 praeceptis
733 2663 932 2740 illigaverunt:
955 2663 991 2724 dc
1014 2662 1117 2743 quibos

114 2742 287 2803 brevissime
308 2746 513 2822 praelocutus,
533 2745 600 2824 quid
621 2747 686 2824 ipse
706 2747 845 2822 sentiam,
868 2746 898 2807 id
913 2755 959 2806 est
974 2747 1042 2825 qnid
1057 2748 1116 2806 cla·

114 2828 246 2887 rissimos
263 2838 394 2888 oratores
412 2828 522 2889 iecisse
538 2828 662 2905 videam,
679 2846 737 2888 non
752 2829 868 2890 tacebo.

115 2976 192 3038 OlllD
218 2960 427 3030 ΕΝΤΗΥΜΕΜΑ
449 2981 491 3029 ΕΤ
515 2979 720 3039 nocturnum
745 2980 860 3039 QUIBUS
884 2982 1031 3035 consum*
1054 2983 1117 3033 EPI-

298 3064 460 3124 carnemt,
484 3065 525 3115 ET
544 3062 699 3122 QUOMODO
718 3066 942 3121 REFELLATUR.

198 3158 277 3220 xlv.
309 3160 399 3238 Igitur
421 3162 653 3237 enthymema
677 3171 705 3222 et
731 3171 929 3240 argumentum
954 3164 1063 3241 ipsum,
1088 3161 1117 3222 id

115 3253 161 3304 est
181 3261 261 3320 rem,
292 3263 367 3324 quae
393 3244 556 3323 probationi
579 3246 697 3306 alterins
724 3245 891 3322 adhibetur,
906 3245 1064 3325 appellant
1087 3254 1116 3305 et

115 3328 276 3405 argumenti
303 3329 512 3397 elocutionem
538 3347 602 3390 eam
624 3346 713 3406 vero,
739 3339 769 3389 ut
794 3330 870 3406 dixi,
893 3329 1053 3408 duplicem:
1078 3347 1117 3390 ex

118 3411 459 3490 consequentibus,
477 3413 554 3491 quod
569 3412 657 3474 babet
673 3415 904 3492 propositlonem
922 3413 1115 3473 coniunctam·
1159 3471 1161 3475 ,

157 3514 186 3552 ιι.
196 3515 221 3553 r.
236 3514 348 3561 oornrn.
913 3495 951 3561 16
