2566 4026
151 129 192 192 78
472 144 509 192 m.
524 144 603 192 nnn.
620 144 840 204 omunrnrnnr

83 340 89 347 -
151 309 279 362 tractare
295 302 508 379 permittamus,
534 310 564 361 nt
582 301 766 379 expatientur
782 312 812 363 et
827 305 973 380 gaudeant
990 306 1112 367 materia
1128 315 1159 366 et

123 385 235 467 6quasi
250 384 279 443 in
297 400 405 464 corpus
424 381 510 444 eant?
540 384 603 444 Erit
619 387 773 464 optimum;
796 388 850 447 sed
867 398 947 449 certe
964 390 1020 449 sint
1035 390 1158 467 grandia

152 477 182 530 et
198 468 306 528 tumida
321 485 379 527 non
394 469 482 529 stulta
499 471 585 530 etiarn
608 478 637 528 et
660 471 821 530 acrioribus
843 472 936 532 oculis
952 475 1073 532 intuenti
1089 474 1157 533 ridi·

153 552 233 614 cula:
254 560 303 628 ut,
328 554 352 611 si
370 554 426 613 iam
443 554 604 614 cedendum
623 562 684 629 est,
706 555 827 633 impleat
846 574 880 615 se
903 557 1083 617 declamator
1105 556 1157 616 ali·

152 638 283 716 quando,
306 637 372 696 dum
387 639 477 713 sciat,
501 646 532 697 ut
554 639 776 716 quadrupedes,
804 657 868 699 cum
890 641 975 701 viridi
990 641 1099 721 pabulo
1116 641 1158 700 di·

151 729 264 780 stentae
280 730 356 797 sunt,
373 722 521 800 sanguinis
538 722 720 782 detractione
745 732 881 783 curantur
909 733 938 784 et
953 726 997 784 sic
1018 726 1054 785 ad
1073 724 1157 784 cibos

150 805 260 864 viribus
278 806 487 865 conservandis
503 807 627 866 idoneos
643 806 782 867 redeunt:
806 809 845 867 ita
868 808 923 867 sibi
939 826 1057 887 quoque
1074 817 1157 868 tenu·

152 889 241 949 andas
257 889 370 969 adipes,
388 899 418 949 et
433 889 571 969 quidquid
582 890 710 949 humoris
722 892 852 970 corrupti
869 894 1058 967 contraxerit,
1077 893 1157 951 emit·

122 972 278 1048 ttendum,
297 975 322 1033 si
338 991 406 1033 esse
422 991 509 1034 sanus
525 992 560 1034 ac
575 974 712 1033 robustus
729 975 820 1035 volet.
860 975 980 1055 Alioqui
996 986 1090 1035 tumor
1105 975 1158 1034 ille

151 1059 242 1116 inanis
260 1059 353 1136 primo
370 1059 567 1137 cuiuscunque
583 1060 647 1118 veri
668 1060 768 1138 operis
785 1068 889 1119 conatu
908 1059 1156 1137 deprehendetur.

152 1141 257 1202 'lotum
278 1150 374 1202 autem
396 1141 577 1204 declamandi
599 1159 673 1220 opus
696 1143 744 1222 qui
765 1143 912 1203 diversum
935 1145 1011 1203 omni
1033 1143 1121 1202 modo
1140 1159 1156 1200 a

151 1226 317 1287 forensibus
342 1227 437 1286 causis
465 1228 644 1302 existimant,
667 1226 695 1286 bi
717 1227 854 1304 prolecto
875 1247 911 1287 ne
935 1229 1076 1287 rationem
1094 1227 1157 1303 qui-

123 1311 228 1386 aden,
248 1328 304 1390 qna
320 1311 375 1371 ista
388 1312 562 1370 exercitatio
578 1313 694 1370 inventa
706 1312 754 1386 sit,
772 1313 936 1389 pervident.
963 1309 1035 1370 Nam
1050 1311 1075 1368 si
1091 1310 1159 1368 loro

153 1412 211 1454 non
231 1404 403 1472 praeparat:
428 1403 476 1454 aut
498 1397 635 1455 scenicae
658 1396 845 1455 ostentationi
867 1404 916 1456 aut
931 1396 1059 1454 furiosae
1075 1394 1157 1452 voci·

152 1479 289 1538 serationi
304 1478 477 1537 simillimum
494 1487 548 1537 est.
586 1478 662 1551 Quid
685 1480 759 1538 enim
776 1480 877 1539 attinet
892 1480 1017 1540 iudicem
1033 1495 1157 1557 praepa·

152 1581 237 1638 rare,
260 1564 309 1641 qui
333 1561 429 1622 nullus
456 1571 516 1630 est;
538 1580 674 1639 narrare,
698 1564 775 1641 quod
798 1581 899 1623 omnes
922 1564 1015 1623 sciant
1035 1561 1157 1629 lalsum;

152 1644 342 1725 probationes
365 1645 505 1706 adbibere
529 1664 651 1722 causae,
674 1648 711 1706 dc
734 1665 790 1725 qua
806 1665 890 1707 nemo
908 1649 944 1706 sit
959 1647 1157 1724 pronuntiatu-

152 1728 224 1790 rus?
258 1729 295 1790 Et
318 1729 393 1790 haec
415 1729 531 1810 quidem
555 1732 649 1790 otiosa
671 1739 792 1799 tantum;
815 1731 893 1791 allici
915 1739 986 1790 vcro
1004 1739 1033 1789 et
1050 1731 1091 1788 ira
1107 1729 1157 1788 vel

152 1815 230 1874 luctu
248 1831 440 1893 permovere,
468 1816 548 1874 cuius
565 1825 610 1875 est
627 1814 758 1890 ludibrii,
781 1815 835 1874 nisi
854 1814 1024 1893 quibusdam
1039 1829 1157 1890 pugnae

153 1899 315 1960 simulacris
331 1898 368 1959 ad
391 1917 492 1958 verum
511 1898 665 1958 discrimen
687 1900 839 1978 aciemque
860 1901 964 1959 iustam
988 1896 1157 1957 consuesci-

124 1980 236 2044 9mus?
265 1982 344 2043 Nilnil
368 2000 440 2060 ergo
457 1984 532 2042 inter
549 1984 668 2044 forense
686 2001 779 2061 genus
796 1983 911 2044 dicendi
929 1992 1016 2062 atque
1031 1981 1090 2040 hoc
1105 1979 1156 2039 de-

153 2068 351 2128 clamatorium
374 2063 527 2126 intererit?
566 2068 596 2128 Si
619 2067 770 2146 profectus
792 2069 886 2144 gratia
910 2067 1048 2142 dicimus,
1075 2063 1156 2122 nihil.

151 2151 324 2231 Utinamque
341 2152 426 2212 adiici
442 2150 478 2211 ad
491 2153 729 2212 consuetudinem
744 2160 858 2229 posset,
875 2159 906 2210 ut
917 2149 1078 2209 nominibus
1092 2154 1155 2206 ute·

152 2254 259 2312 remur,
277 2244 307 2294 et
323 2235 486 2314 perplexae
504 2237 596 2312 magis
613 2246 642 2295 et
658 2236 800 2313 longioris
816 2236 971 2315 aliquando
988 2242 1070 2293 actus
1087 2247 1155 2290 con-

152 2321 315 2380 troversiae
331 2319 520 2397 fingerentur,
537 2328 566 2378 et
577 2319 667 2380 verba
683 2322 711 2378 in
726 2339 780 2379 usu
797 2320 942 2380 cotidiano
954 2317 1050 2398 posita
1064 2315 1157 2374 minus

152 2407 331 2478 timeremus,
350 2413 380 2463 et
395 2405 479 2463 iocos
495 2405 627 2464 inserere
644 2406 732 2464 moris
750 2414 845 2473 esset;
863 2423 939 2485 quae
955 2419 1020 2477 nos,
1037 2398 1157 2479 quamli-

152 2489 203 2549 bet
224 2508 278 2568 per
301 2489 356 2548 alia
380 2489 408 2547 in
431 2487 541 2547 scholis
564 2491 718 2550 exercitati
734 2489 839 2564 simus,
862 2491 973 2548 tirones
989 2488 1017 2545 in
1033 2486 1097 2544 loro
1116 2484 1157 2541 in·

112 2575 279 2634 lovaniunt.
320 2573 351 2633 Si
373 2573 495 2632 veroin
518 2575 743 2632 ostentationem
765 2581 951 2650 comparetur
971 2567 1156 2640 declamatio,

153 2676 223 2718 sane
240 2657 358 2736 paulum
380 2656 489 2735 aliquid
504 2657 645 2717 inclinare
662 2658 697 2718 ad
718 2656 896 2716 voluntatem
913 2651 1086 2714 audientium
1105 2649 1155 2706 de·

112 2746 143 2798 11
153 2743 263 2803 bemus.
296 2740 369 2801 Nam
385 2749 415 2801 et
430 2742 458 2798 in
474 2741 508 2799 iis
524 2740 703 2816 actionibus,
727 2758 801 2819 quae
823 2739 851 2796 in
872 2737 969 2814 aliqua
987 2735 1048 2792 sine
1068 2730 1155 2790 dubio

153 2828 276 2887 veritate
291 2834 445 2885 versantur
460 2825 513 2884 sed
531 2834 596 2885 sunt
612 2827 648 2885 ad
665 2823 836 2903 popularem
854 2828 970 2898 aptatae
984 2815 1155 2876 delectatio·

152 2929 229 2986 nem,
247 2910 349 2990 quales
365 2908 488 2987 legimus
504 2911 719 2987 panegyricos,
736 2915 885 2983 totumque
902 2903 959 2963 hoc
976 2903 1155 2962 demonstra·

153 2996 240 3054 tivum
268 3011 378 3072 genus,
407 2994 581 3072 permittitur
608 2991 747 3053 adhibere
771 2989 837 3068 plus
865 2988 959 3048 cultus
983 3000 1156 3061 omnemque

153 3087 254 3154 artem,
272 3096 347 3157 quae
363 3077 456 3137 latere
469 3077 642 3155 plerumque
658 3078 686 3134 in
701 3075 815 3134 iudiciis
832 3072 931 3148 debet,
948 3088 1006 3130 non
1023 3066 1157 3128 confiteri

111 3164 144 3216 12
152 3162 238 3221 modo
256 3162 309 3221 sed
325 3170 474 3221 ostentare
487 3162 573 3220 ctiam
586 3158 747 3220 bominibus
761 3159 789 3217 in
800 3157 858 3216 hoc
871 3156 1030 3217 advocatis.
1058 3150 1156 3223 Quare

154 3245 347 3321 declamatio,
374 3246 509 3325 quoniam
530 3253 576 3304 est
597 3243 768 3303 iudiciorum
785 3242 1030 3317 consiliorumque
1047 3237 1155 3310 imago,

153 3330 254 3390 similis
271 3348 339 3390 esse
356 3330 445 3390 debet
460 3329 589 3396 veritati;
615 3328 750 3406 quoniam
768 3335 863 3387 autem
880 3325 987 3403 aliquid
1002 3324 1031 3381 in
1056 3337 1089 3378 se
1107 3318 1156 3377 ha-

113 3414 203 3474 13bet
225 3406 435 3492 ἐπιδεικτικὸν,
455 3412 583 3472 nonnihil
606 3411 661 3471 sibi
682 3414 784 3472 nitoris
806 3428 966 3471 assumere.
1004 3404 1090 3479 Quod
1115 3401 1155 3461 ia·
