2566 4026
358 218 361 224 ·
392 203 481 251 tusr.
499 204 647 253 onerose.
664 206 733 254 urs.
746 207 798 274 ru,
812 204 839 257 a.
1056 201 1116 260 117

115 367 145 417 et
166 358 316 436 deinceps.
345 356 400 418 llla
420 375 492 417 vero
513 358 588 436 apud
604 355 777 420 Ciceronem
793 363 864 421 mira
879 362 1033 441 figurarum
1046 368 1159 432 mix-40

115 450 179 501 tura
194 440 434 519 deprehenditur,
460 443 488 500 in
505 459 560 519 qua
580 451 609 502 et
628 445 721 522 prima
736 443 828 504 verbo
844 445 932 523 longo
949 457 1018 526 post
1030 452 1116 510 iuter·

114 525 193 587 vallo
209 524 350 585 redditum
366 533 412 584 est
427 525 571 601 ultimum,
593 535 623 586 et
637 526 730 587 media
744 529 843 605 primis
859 538 889 588 et
903 530 1004 592 mediis
1019 533 1116 594 ultima

115 619 292 686 songmunt:
321 608 460 670 Vestrum
485 611 547 671 iam
568 611 619 671 bie
641 612 758 690 [aetum
779 613 1033 693 deprehenditur,
1055 616 1117 678 Pa-

113 701 178 756 tres
196 695 377 771 conscripti,
395 713 456 755 aaa
471 711 587 764 meum·
608 713 647 756 aa
667 696 905 773 putatorumom
925 701 1047 778 quidem
1066 702 1114 780 so*

115 784 211 853 etum,
233 796 354 854 aerum,
376 784 408 838 ut
429 779 512 854 diui,
533 797 593 841 uara
611 797 708 840 meum
722 781 779 841 sed
795 787 937 842 oestrum.
964 782 1046 844 llano
1060 785 1159 848 ire-41

115 863 295 942 quentiorem
310 863 514 940 repetitionem
527 854 642 940 πλοκὴν
656 872 779 940 vooant,
803 882 877 942 quae
893 865 924 926 lit
940 884 977 926 ex
992 869 1116 945 permix-

114 947 152 1006 tis
167 945 284 1022 liguris,
302 954 435 1024 utsupra
450 945 525 1021 dixi,
545 955 634 1025 utque
649 965 682 1007 se
698 946 785 1008 habet
798 949 923 1026 epistola
939 951 976 1010 ad
990 951 1117 1026 Brutum,

115 1027 182 1109 qu
194 1048 263 1090 oum
272 1031 304 1090 iu
312 1032 448 1108 qratiam
463 1032 610 1092 redierim
620 1050 689 1093 oum
701 1029 801 1111 Appio
814 1031 960 1110 Claudio,
976 1043 1006 1097 et
1016 1036 1118 1096 redie-

114 1115 174 1174 rim
192 1132 252 1193 per
270 1111 325 1174 Oa.
340 1113 529 1192 Pompeiam,
552 1124 582 1175 et
596 1134 651 1196 eqo
669 1135 743 1196 erqo
759 1134 827 1179 oum
838 1119 993 1179 redierim.
1036 1117 1074 1179 b't
1092 1119 1161 1183 inat

115 1198 217 1258 lisdem
226 1199 376 1258 sententiis
389 1197 585 1258 erebrioribus
597 1208 703 1260 mutata
714 1200 955 1261 declinationibus
965 1203 1119 1268 iteratione

116 1281 287 1342 verborum:
311 1291 342 1342 ut
357 1282 433 1362 apud
451 1282 591 1359 Bersium,

529 1400 572 1415 -·-
589 1365 690 1446 Usque
704 1368 822 1431 adeone

179 1449 270 1511 Scire
287 1456 371 1511 tuum
385 1451 460 1511 rubii
479 1459 534 1528 est,
555 1453 616 1512 uisi
635 1459 664 1512 te
683 1453 764 1513 seire
780 1452 839 1514 boo
857 1453 937 1513 soiat
958 1452 1058 1513 aber?

117 1532 156 1594 Et
178 1533 254 1613 apud
280 1532 466 1595 Ciceronem:
495 1532 602 1615 Neque
627 1537 704 1596 euim
727 1542 870 1613 poteraut
896 1535 1013 1597 iudicio
1042 1542 1072 1598 et
1091 1536 1122 1596 lu‘

116 1619 278 1695 damnari,
300 1621 353 1697 qui
372 1620 564 1683 iudicabant.
604 1619 666 1687 ,Sed
682 1637 784 1679 sensus
800 1636 916 1700 quoque
934 1621 1004 1695 toti,
1023 1624 1163 1697 quem-4³

118 1701 269 1764 admodum
287 1712 463 1780 coeperunt,
482 1703 630 1764 desinunt:
653 1701 741 1766 Veuit
758 1723 798 1764 ea
816 1701 901 1765 Asia.
944 1701 1008 1765 Hor
1021 1706 1122 1782 ipsum

118 1805 210 1868 quam
232 1789 363 1848 uorum?
400 1786 551 1850 Tribunus
564 1789 756 1867 plebisoeuit
777 1805 817 1849 ea
831 1785 916 1848 Asia.
961 1786 994 1847 ln
1019 1787 1121 1848 eadem

116 1881 212 1931 tamen
238 1870 361 1949 periodo
387 1879 416 1930 et
440 1871 559 1931 verbum
583 1873 710 1933 ultimum
730 1873 822 1950 primo
843 1873 986 1948 refertur,
1007 1872 1122 1931 tertium

117 1958 173 2015 iam
188 1956 216 2013 in
231 1971 383 2030 sermone,
402 1955 544 2015 adiectum
562 1967 607 2016 est
623 1959 710 2016 enim:
734 1955 945 2018 Verumtamen
959 1958 1049 2017 veuit.
1076 1954 1121 2015 ln·

118 2039 202 2099 terim
217 2040 359 2097 sententia
375 2039 479 2099 eodem
489 2043 630 2118 repetitur
640 2040 796 2101 verborum
808 2036 926 2100 ordine?
943 2038 1025 2111 Quto
1038 2037 1122 2101 Cleo·

118 2141 221 2184 meaos
236 2123 344 2201 faeere
361 2125 478 2200 potuit?
515 2121 583 2185 Nou
605 2127 683 2185 euim
702 2142 827 2202 possum
842 2140 1023 2203 pernequam
1046 2123 1122 2183 iusi-

118 2207 238 2268 mulare
259 2207 348 2284 salso.
393 2204 490 2283 Quid,
515 2209 656 2287 iuquam,
681 2206 855 2269 Cleomenes
877 2208 985 2286 faeere
1005 2206 1124 2284 potuit?

119 2290 227 2351 Prioris
244 2292 405 2351 sententiae
419 2291 539 2351 verbum
556 2291 683 2351 ultimum
705 2307 740 2350 aa
759 2291 908 2369 sequentis
925 2287 1045 2366 primum
1065 2287 1120 2346 ire·
1131 2294 1166 2349 ts

120 2382 243 2452 quemer
253 2374 390 2452 estidem,
398 2392 455 2453 quo
464 2374 578 2453 quidem
590 2375 737 2435 sobemate
748 2380 978 2451 utunturpoetae
991 2371 1122 2448 saepius:

204 2456 362 2535 Pierides,
383 2478 437 2521 oos
451 2460 529 2521 bueo
548 2460 670 2538 facietis
692 2459 827 2519 murima
847 2455 945 2530 Gallo,

205 2541 307 2619 Gallo,
331 2544 418 2604 cuius
438 2561 525 2604 omar
540 2550 656 2604 tautum
672 2543 745 2604 mibi
763 2541 875 2603 erescit
888 2542 920 2601 iu
939 2539 1041 2599 boras.

78 2629 81 2634 '
121 2625 180 2685 Sed
194 2645 231 2686 ne
247 2635 380 2686 oratores
397 2627 511 2705 quidem
526 2644 607 2687 raro:
627 2625 687 2688 Hie
703 2635 804 2688 tameu
817 2626 909 2694 visits
923 2622 1019 2684 uiuit?
1037 2620 1126 2682 immo

121 2728 194 2771 aero
215 2712 305 2771 etiam
325 2712 358 2771 iu
378 2717 516 2772 senatum
534 2713 623 2772 seuit.
665 2709 847 2790 Aliquando,
864 2710 939 2768 siout
953 2707 982 2765 in
1000 2705 1168 2782 gemina-tt

121 2794 202 2852 tione
222 2793 377 2854 verborum
397 2793 535 2870 diximus,
558 2796 637 2855 initia
659 2811 775 2873 quoque
794 2802 823 2853 et
841 2791 989 2853 clausulae
1010 2797 1125 2848 senten·

121 2877 223 2936 tiarum
244 2877 308 2937 aliis
332 2877 384 2937 sed
406 2895 463 2937 uon
484 2878 541 2938 alio
564 2877 747 2940 tendentibus
761 2876 860 2937 verbis
877 2877 953 2935 inter
967 2893 1000 2934 se
1022 2888 1126 2932 conso·

120 2968 199 3021 nant.
242 2960 324 3021 Initia
339 2961 395 3021 hoo
410 2961 511 3021 modo:
529 2961 712 3025 Dediderim
728 2962 877 3040 perimitis
895 2959 1048 3033 omuibus,
1070 2956 1127 3017 ob·

121 3047 243 3106 tulerim
267 3047 404 3123 insidiis,
434 3047 597 3108 obiecerim
620 3048 767 3108 invidiae.
823 3044 934 3104 Rursus
959 3039 1126 3102 clausulae:

122 3128 230 3188 ibidem
247 3130 358 3206 statim,
382 3128 443 3192 Vos
457 3132 536 3191 euim
552 3133 717 3207 statuistis,
732 3149 786 3192 aas
799 3128 979 3191 senteutiam
994 3125 1128 3199 drusus,

121 3231 177 3274 aas
189 3214 362 3274 iudicastis.
404 3212 468 3273 lloe
488 3215 537 3275 alii
553 3213 759 3293 ouuavupiav,
777 3213 826 3273 alii
842 3211 1127 3273 disiunctionemvo-

125 3306 204 3365 oant;
228 3308 396 3375 utrumque,
416 3300 526 3358 etiamsi
541 3308 586 3359 est
601 3298 762 3375 diversum,
779 3306 876 3365 reete;
898 3313 963 3355 nam
979 3301 1024 3353 est
1038 3291 1127 3351 nomi·

123 3399 190 3440 num
214 3382 290 3441 idem
315 3382 534 3457 significantium
555 3384 712 3462 separatio.
765 3380 986 3458 congregantur
1012 3392 1129 3455 quoque

123 3464 214 3525 verba
226 3465 301 3525 idem
313 3465 503 3544 significantia
542 3465 707 3538 Quaeram
719 3467 764 3528 ito
774 3467 850 3542 siut,
866 3462 1017 3537 Catilium,
1033 3478 1131 3540 perqe
