2566 4026
369 200 459 250 nasu.
474 200 705 249 cainonem.
719 201 785 263 xm,
799 199 840 252 10.
1056 189 1117 252 269

114 368 165 421 aut
187 357 290 419 alienis
309 354 425 431 verbis,
452 372 516 415 cnm
539 373 591 416 sua
613 355 717 434 cuique
740 355 796 415 sint
820 357 966 434 assignata
984 354 1118 418 uomina?

114 443 250 521 Denique
271 440 498 518 antiquissimum
516 458 661 519 quemque
678 441 802 500 maxime
818 440 975 501 secundum
990 449 1162 506 naturamtt

115 528 226 588 dixisse
245 523 436 589 contendunt:
459 540 527 582 mox
548 525 645 602 poetis
664 522 819 584 similiores
837 526 985 602 extitisse,
1009 526 1120 584 etiamsi

114 613 249 691 parcius,
277 607 363 668 simili
387 615 483 666 tamen
506 608 636 683 ratione,
663 607 738 668 laisa
765 616 795 667 et
819 608 978 687 impropria
998 609 1120 668 virtutes

115 695 266 755 ducentes.
296 690 360 765 Qua
373 691 403 750 in
418 690 612 768 disputatione
626 691 754 752 nonnihil
768 693 832 751 veri
848 700 904 768 est,
919 693 1048 772 ideoque
1063 709 1121 751 non

114 787 173 839 tam
193 776 315 857 procul,
338 793 423 854 quam
444 774 475 834 lit
496 774 717 856 aquibusdam,
743 775 941 836 recedendum
962 777 1121 855 apropriis

115 870 204 940 atque
220 858 427 921 communibus.
461 859 492 918 Si
509 861 572 938 quis
588 868 699 935 tamen,
722 868 753 918 nt
768 862 796 919 in
817 860 885 920 loco
902 860 960 921 dixi
976 861 1164 938 composi-43

115 946 219 1021 tionis,
242 945 278 1005 ad
293 944 478 1019 necessaria,
495 943 599 1023 quibus
616 943 687 1005 nihil
703 944 794 1004 minus
812 953 873 1020 est,
896 943 1004 1023 aliquid
1019 943 1123 1003 melius

115 1030 272 1090 adiecerit:
294 1046 352 1089 non
370 1028 425 1087 erit
438 1026 494 1087 hac
510 1027 652 1088 calumnia
667 1028 935 1106 reprehendendus.
966 1027 1039 1088 Nam
1055 1026 1123 1087 mihi

115 1114 201 1175 aliam
218 1112 359 1192 quandam
376 1111 491 1172 videtur
507 1110 617 1172 habere
636 1120 765 1172 naturam
780 1130 877 1172 sermo
893 1113 1023 1190 vulgaris
1039 1112 1124 1173 aliam

115 1199 170 1257 viri
186 1197 353 1276 eloquentis
372 1195 480 1264 cratim
508 1196 556 1255 cui
571 1197 596 1255 si
613 1213 662 1255 res
681 1196 768 1257 modo
790 1198 919 1258 iudicare
937 1197 1008 1257 satis
1027 1204 1122 1256 esset:

116 1281 187 1341 nihil
208 1280 284 1340 ultra
300 1278 457 1339 verborum
475 1280 685 1358 proprietatem
709 1280 890 1351 elaboraret;
914 1280 967 1341 sed
988 1299 1052 1340 cnm
1073 1279 1123 1339 de·

116 1364 186 1425 beat
203 1363 370 1440 delectare,
392 1380 529 1439 movere,
553 1366 582 1423 in
603 1363 741 1443 plurimas
759 1366 881 1425 animum
897 1365 1040 1426 audientis
1056 1381 1123 1442 spe·

117 1451 179 1508 cies
194 1447 366 1526 impellere:
394 1456 491 1507 utetur
509 1447 554 1508 his
576 1465 693 1527 quoque
714 1448 881 1526 adiutoriis,
909 1466 984 1528 quae
1007 1445 1123 1507 suntab

118 1532 220 1593 eadem
235 1530 318 1591 nohis
336 1548 478 1592 concessa
494 1541 604 1592 natura.
634 1531 708 1593 Nam
723 1541 753 1592 et
768 1533 896 1594 lacertos
913 1533 1166 1593 exercitatioue44

118 1617 321 1692 constringere
346 1624 374 1675 et
400 1633 509 1692 augere
531 1617 611 1676 vires
633 1624 663 1676 et
685 1617 816 1677 colorem
835 1617 969 1692 trahere,
991 1615 1124 1679 naturale

118 1709 173 1759 est.
204 1698 336 1778 ldeoque
352 1701 380 1758 in
397 1699 528 1759 omnihus
545 1700 681 1778 gentibus
704 1701 776 1761 alius
794 1701 851 1762 alio
869 1701 1020 1762 iucundior
1034 1698 1123 1760 habe-

117 1793 164 1844 tur
180 1792 209 1843 et
225 1783 373 1863 loquendo
390 1783 482 1844 dulcis
498 1786 600 1862 magis.
634 1782 720 1858 Quod
735 1787 760 1843 si
775 1787 1000 1845 noneveuiret:
1023 1801 1124 1845 omues

116 1886 204 1947 pares
220 1876 330 1944 essent,
349 1877 377 1928 et
390 1868 466 1928 idem
481 1885 582 1928 omnes
598 1869 732 1939 decerem
749 1879 778 1930 at
793 1869 949 1948 loquuntur
961 1879 991 1930 et
1007 1877 1125 1929 servant

117 1969 307 2030 personarum
323 1953 488 2012 discrimen.
515 1951 569 2028 lta,
587 1971 644 2031 quo
661 1955 784 2032 quisque
802 1954 868 2033 plus
886 1954 976 2014 elficit
988 1952 1123 2028 diceudo,

116 2035 175 2093 hoc
190 2037 282 2110 magis
298 2034 456 2094 secundum
473 2044 602 2095 naturam
618 2037 804 2116 eloquentiae
822 2037 900 2097 dicit.
938 2035 1168 2116 Quapropter45

118 2134 155 2176 ne
173 2116 230 2175 illis
250 2117 365 2194 quidem
380 2118 496 2176 nimium
511 2136 661 2196 repugno,
679 2121 727 2198 qui
743 2120 866 2180 dandum
882 2128 983 2198 putant
997 2120 1126 2181 nonnihil

119 2202 205 2260 etiam
229 2198 410 2278 temporibus
436 2208 522 2279 atque
549 2201 665 2262 auribus
689 2202 805 2262 nitidius
823 2203 932 2283 aliquid
948 2210 1034 2282 atque
1056 2204 1126 2262 elie·

119 2285 193 2344 etius
221 2283 444 2362 postulantibus.
481 2283 582 2364 ltaque
608 2303 665 2345 non
691 2286 785 2346 solum
812 2286 848 2347 ad
874 2288 990 2365 priores
1015 2284 1126 2346 Catone

119 2366 320 2447 Gracchisque
338 2367 391 2427 sed
415 2387 451 2427 ne
468 2368 503 2428 ad
524 2369 578 2429 hos
600 2370 716 2450 quidem
740 2370 821 2447 ipsos
843 2378 990 2430 oratorem
1006 2370 1127 2448 alligan-

118 2452 185 2512 dum
205 2461 285 2530 puto.
317 2452 414 2530 Atque
429 2453 457 2514 id
473 2453 582 2514 iecisse
601 2451 639 2514 ld.
654 2453 778 2515 Tullium
793 2453 891 2531 video,
907 2461 939 2512 ut
953 2471 1016 2513 cum
1033 2455 1128 2514 omnia

118 2536 234 2597 utilitati
247 2545 305 2596 tum
316 2545 429 2614 partem
443 2538 583 2616 quandam
595 2539 784 2600 delectationi
800 2538 897 2607 daret;
915 2547 1020 2598 comet
1034 2539 1128 2617 ipsam

118 2638 152 2681 se
168 2639 229 2679 rem
244 2638 334 2698 agere
350 2620 474 2699 diceret,
492 2632 595 2699 ageret
611 2633 706 2685 antem
721 2625 845 2684 maxime
861 2623 1026 2701 litigatoris.
1056 2619 1129 2681 Nam

117 2705 176 2763 hoc
194 2707 259 2783 ipso
275 2704 425 2783 proderat,
442 2707 520 2784 quod
536 2707 682 2785 placebat.
714 2707 760 2769 Ad
778 2707 858 2767 cuius
876 2706 1042 2787 voluptates
1059 2705 1170 2766 nihi146

119 2787 254 2867 equidem
271 2789 349 2867 quod
364 2788 431 2849 addi
447 2791 542 2868 possit
556 2792 688 2868 invenio,
705 2793 760 2852 nisi
775 2800 806 2852 ut
821 2809 925 2851 sensus
941 2809 995 2851 nos
1013 2790 1129 2870 quidem

118 2872 247 2932 dicamus
265 2872 376 2951 plures.
413 2870 519 2952 Neque
543 2877 617 2935 enim
638 2893 696 2935 non
716 2876 780 2936 lieri
803 2884 903 2955 potest
927 2876 1007 2937 salva
1024 2883 1128 2936 tracta·

119 2957 199 3017 tione
219 2974 326 3016 causae
349 2965 379 3016 et
395 2957 509 3017 dicendi
532 2960 721 3037 anctoritate,
746 2961 771 3020 si
793 2978 850 3020 non
874 2961 979 3021 crebra
996 2960 1071 3020 haec
1085 2958 1127 3018 lu·

119 3041 195 3098 mina
216 3049 245 3099 et
268 3042 402 3101 continua
423 3041 531 3100 luerint
552 3051 581 3102 et
597 3044 720 3103 invicem
741 3045 904 3105 offecerint.
939 3043 999 3104 Sed
1014 3062 1060 3102 me
1078 3043 1171 3103 hali

121 3130 223 3182 etenus
237 3123 390 3184 cedentem
402 3142 488 3184 nemo
501 3125 670 3204 insequatur
684 3129 768 3189 ultra.
789 3129 836 3190 Do
852 3130 989 3209 tempori,
1006 3147 1042 3187 ne
1054 3126 1128 3186 hirta

120 3214 191 3282 toga
213 3209 265 3282 sit,
290 3225 349 3267 nou
372 3217 403 3268 ut
425 3210 535 3278 serica;
562 3229 599 3270 ne
621 3212 764 3271 intonsum
780 3222 881 3292 capnt,
904 3231 961 3274 uon
976 3215 1005 3274 in
1020 3211 1128 3291 gradus

120 3298 210 3369 atque
230 3291 332 3351 anulos
354 3302 514 3372 comptum;
542 3313 606 3354 cum
631 3313 667 3355 eo
686 3298 781 3374 quod,
804 3299 829 3356 si
850 3315 908 3357 non
928 3299 964 3360 ad
987 3297 1129 3360 luxuriam

120 3392 156 3434 ac
171 3373 318 3435 libidinem
333 3377 463 3456 referas,
489 3379 592 3440 eadem
608 3381 791 3458 speciosiora
815 3397 932 3459 quoque
954 3383 1026 3458 sint,
1053 3399 1128 3461 quae

120 3458 299 3520 honestiora.
335 3459 470 3524 Ceterum
493 3463 566 3541 hoc,
590 3464 669 3545 quod
691 3464 780 3543 vulgo
804 3467 1172 3527 sententiosum-48
1223 3495 1225 3499 ·
