<?xml version="1.0" encoding="UTF-8"?>
<!DOCTYPE html PUBLIC "-//W3C//DTD XHTML 1.0 Transitional//EN"
    "http://www.w3.org/TR/xhtml1/DTD/xhtml1-transitional.dtd">
<html xmlns="http://www.w3.org/1999/xhtml" xml:lang="en" lang="en">
 <head>
  <title>
</title>
<meta http-equiv="Content-Type" content="text/html;charset=utf-8" />
  <meta name='ocr-system' content='tesseract 3.04.00' />
  <meta name='ocr-capabilities' content='ocr_page ocr_carea ocr_par ocr_line ocrx_word'/>
</head>
<body>
  <div class='ocr_page' id='page_1' title='image "./mfabiiquintilia00bonngoog/mfabiiquintilia00bonngoog_0296.png"; bbox 0 0 2566 4026; ppageno 0'>
   <div class='ocr_carea' id='block_1_1' title="bbox 329 217 1068 296">
    <p class='ocr_par' dir='ltr' id='par_1_1' title="bbox 329 217 1068 296">
     <span class='ocr_line' id='line_1_1' title="bbox 329 217 1068 296; baseline 0 -17"><span class='ocrx_word' id='word_1_1' title='bbox 329 231 418 280; x_wconf 76' lang='lat' dir='ltr'><strong>man.</strong></span> <span class='ocrx_word' id='word_1_2' title='bbox 436 230 585 279; x_wconf 79' lang='lat' dir='ltr'><strong>aaaron.</strong></span> <span class='ocrx_word' id='word_1_3' title='bbox 603 231 672 278; x_wconf 83' lang='lat' dir='ltr'><strong>run.</strong></span> <span class='ocrx_word' id='word_1_4' title='bbox 688 230 741 296; x_wconf 90' lang='lat' dir='ltr'><strong>vr,</strong></span> <span class='ocrx_word' id='word_1_5' title='bbox 756 226 783 280; x_wconf 81' lang='lat' dir='ltr'><strong>a.</strong></span> <span class='ocrx_word' id='word_1_6' title='bbox 1005 217 1068 280; x_wconf 83' lang='lat'><strong>269</strong></span> 
     </span>
    </p>
   </div>
   <div class='ocr_carea' id='block_1_2' title="bbox 62 383 1121 3565">
    <p class='ocr_par' dir='ltr' id='par_1_2' title="bbox 62 383 1121 3565">
     <span class='ocr_line' id='line_1_2' title="bbox 64 383 1067 465; baseline -0.004 -17"><span class='ocrx_word' id='word_1_7' title='bbox 64 387 183 448; x_wconf 89' lang='lat' dir='ltr'><strong>allatum</strong></span> <span class='ocrx_word' id='word_1_8' title='bbox 205 385 354 462; x_wconf 84' lang='lat' dir='ltr'><strong>videatur,</strong></span> <span class='ocrx_word' id='word_1_9' title='bbox 384 387 463 465; x_wconf 94' lang='lat' dir='ltr'><strong>quod</strong></span> <span class='ocrx_word' id='word_1_10' title='bbox 484 385 615 446; x_wconf 80' lang='lat' dir='ltr'><strong>dicimus.</strong></span> <span class='ocrx_word' id='word_1_11' title='bbox 660 383 733 446; x_wconf 85' lang='lat' dir='ltr'><strong>Nam</strong></span> <span class='ocrx_word' id='word_1_12' title='bbox 762 384 902 445; x_wconf 87' lang='lat' dir='ltr'><strong>adversus</strong></span> <span class='ocrx_word' id='word_1_13' title='bbox 931 387 1067 462; x_wconf 88' lang='lat' dir='ltr'><strong>miseros,</strong></span> 
     </span>
     <span class='ocr_line' id='line_1_3' title="bbox 63 468 1068 548; baseline -0.002 -16"><span class='ocrx_word' id='word_1_14' title='bbox 63 473 139 531; x_wconf 91' lang='lat' dir='ltr'><strong>sicut</strong></span> <span class='ocrx_word' id='word_1_15' title='bbox 156 488 244 548; x_wconf 92' lang='lat' dir='ltr'><strong>supra</strong></span> <span class='ocrx_word' id='word_1_16' title='bbox 260 470 407 547; x_wconf 81' lang='lat' dir='ltr'><strong>dixeram,</strong></span> <span class='ocrx_word' id='word_1_17' title='bbox 428 470 596 531; x_wconf 91' lang='lat' dir='ltr'><strong>inhumanus</strong></span> <span class='ocrx_word' id='word_1_18' title='bbox 615 477 660 529; x_wconf 88' lang='lat' dir='ltr'><strong>est</strong></span> <span class='ocrx_word' id='word_1_19' title='bbox 678 469 771 529; x_wconf 90' lang='lat' dir='ltr'><strong>iocus.</strong></span> <span class='ocrx_word' id='word_1_20' title='bbox 812 468 871 529; x_wconf 87' lang='lat' dir='ltr'><strong>Sed</strong></span> <span class='ocrx_word' id='word_1_21' title='bbox 894 468 1008 547; x_wconf 90' lang='lat' dir='ltr'><strong>quidam</strong></span> <span class='ocrx_word' id='word_1_22' title='bbox 1029 470 1068 530; x_wconf 90' lang='lat' dir='ltr'><strong>ita</strong></span> 
     </span>
     <span class='ocr_line' id='line_1_4' title="bbox 62 552 1068 632; baseline -0.001 -17"><span class='ocrx_word' id='word_1_23' title='bbox 62 564 131 615; x_wconf 88' lang='lat' dir='ltr'><strong>sunt</strong></span> <span class='ocrx_word' id='word_1_24' title='bbox 147 563 288 632; x_wconf 82' lang='lat' dir='ltr'><strong>receptae</strong></span> <span class='ocrx_word' id='word_1_25' title='bbox 309 555 488 613; x_wconf 78' lang='lat' dir='ltr'><strong>auctoritatis</strong></span> <span class='ocrx_word' id='word_1_26' title='bbox 505 573 540 614; x_wconf 91' lang='lat' dir='ltr'><strong>ac</strong></span> <span class='ocrx_word' id='word_1_27' title='bbox 555 563 642 614; x_wconf 88' lang='lat' dir='ltr'><strong>notae</strong></span> <span class='ocrx_word' id='word_1_28' title='bbox 661 552 873 628; x_wconf 85' lang='lat' dir='ltr'><strong>verecundiae,</strong></span> <span class='ocrx_word' id='word_1_29' title='bbox 889 561 920 612; x_wconf 91' lang='lat' dir='ltr'><strong>ut</strong></span> <span class='ocrx_word' id='word_1_30' title='bbox 936 555 1068 614; x_wconf 91' lang='lat' dir='ltr'><strong>nocitura</strong></span> 
     </span>
     <span class='ocr_line' id='line_1_5' title="bbox 63 637 1068 716; baseline -0.002 -18"><span class='ocrx_word' id='word_1_31' title='bbox 63 640 102 698; x_wconf 87' lang='lat' dir='ltr'><strong>sit</strong></span> <span class='ocrx_word' id='word_1_32' title='bbox 120 639 150 697; x_wconf 89' lang='lat' dir='ltr'><strong>in</strong></span> <span class='ocrx_word' id='word_1_33' title='bbox 167 654 219 697; x_wconf 94' lang='lat' dir='ltr'><strong>eos</strong></span> <span class='ocrx_word' id='word_1_34' title='bbox 236 637 350 696; x_wconf 91' lang='lat' dir='ltr'><strong>dicendi</strong></span> <span class='ocrx_word' id='word_1_35' title='bbox 366 637 534 716; x_wconf 78' lang='lat' dir='ltr'><strong>petulantia</strong></span> <span class='ocrx_word' id='word_1_36' title='bbox 561 637 633 697; x_wconf 90' lang='lat' dir='ltr'><strong>Nam</strong></span> <span class='ocrx_word' id='word_1_37' title='bbox 648 637 796 697; x_wconf 89' lang='lat' dir='ltr'><strong>deamieis</strong></span> <span class='ocrx_word' id='word_1_38' title='bbox 810 639 1068 716; x_wconf 71' lang='lat' dir='ltr'><strong>itempraeceptum</strong></span> 
     </span>
     <span class='ocr_line' id='line_1_6' title="bbox 65 719 1110 800; baseline -0.002 -18"><span class='ocrx_word' id='word_1_39' title='bbox 65 730 120 782; x_wconf 89' lang='lat' dir='ltr'><strong>est.</strong></span> <span class='ocrx_word' id='word_1_40' title='bbox 153 719 227 781; x_wconf 94' lang='lat' dir='ltr'><strong>lllud</strong></span> <span class='ocrx_word' id='word_1_41' title='bbox 243 737 300 779; x_wconf 93' lang='lat' dir='ltr'><strong>non</strong></span> <span class='ocrx_word' id='word_1_42' title='bbox 316 721 353 781; x_wconf 90' lang='lat' dir='ltr'><strong>ad</strong></span> <span class='ocrx_word' id='word_1_43' title='bbox 369 723 467 782; x_wconf 91' lang='lat' dir='ltr'><strong>orandi</strong></span> <span class='ocrx_word' id='word_1_44' title='bbox 483 721 547 782; x_wconf 84' lang='lat' dir='ltr'><strong>iere</strong></span> <span class='ocrx_word' id='word_1_45' title='bbox 564 721 715 782; x_wconf 91' lang='lat' dir='ltr'><strong>eonsilium</strong></span> <span class='ocrx_word' id='word_1_46' title='bbox 739 720 792 780; x_wconf 90' lang='lat' dir='ltr'><strong>sed</strong></span> <span class='ocrx_word' id='word_1_47' title='bbox 811 720 848 781; x_wconf 86' lang='lat' dir='ltr'><strong>ad</strong></span> <span class='ocrx_word' id='word_1_48' title='bbox 863 720 985 781; x_wconf 90' lang='lat' dir='ltr'><strong>bominis</strong></span> <span class='ocrx_word' id='word_1_49' title='bbox 1001 733 1110 800; x_wconf 74' lang='lat' dir='ltr'><strong>per-34</strong></span> 
     </span>
     <span class='ocr_line' id='line_1_7' title="bbox 63 803 1068 884; baseline -0.001 -19"><span class='ocrx_word' id='word_1_50' title='bbox 63 807 152 865; x_wconf 89' lang='lat' dir='ltr'><strong>tinet:</strong></span> <span class='ocrx_word' id='word_1_51' title='bbox 175 803 303 864; x_wconf 89' lang='lat' dir='ltr'><strong>lacessat</strong></span> <span class='ocrx_word' id='word_1_52' title='bbox 317 805 375 865; x_wconf 90' lang='lat' dir='ltr'><strong>boc</strong></span> <span class='ocrx_word' id='word_1_53' title='bbox 389 805 492 882; x_wconf 90' lang='lat' dir='ltr'><strong>modo,</strong></span> <span class='ocrx_word' id='word_1_54' title='bbox 514 810 599 884; x_wconf 82' lang='lat' dir='ltr'><strong>quem</strong></span> <span class='ocrx_word' id='word_1_55' title='bbox 615 805 734 864; x_wconf 86' lang='lat' dir='ltr'><strong>laedere</strong></span> <span class='ocrx_word' id='word_1_56' title='bbox 749 806 787 864; x_wconf 90' lang='lat' dir='ltr'><strong>sit</strong></span> <span class='ocrx_word' id='word_1_57' title='bbox 801 804 1014 884; x_wconf 90' lang='lat' dir='ltr'><strong>periculosum,</strong></span> <span class='ocrx_word' id='word_1_58' title='bbox 1031 823 1068 864; x_wconf 88' lang='lat' dir='ltr'><strong>ne</strong></span> 
     </span>
     <span class='ocr_line' id='line_1_8' title="bbox 62 888 1067 969; baseline -0.001 -20"><span class='ocrx_word' id='word_1_59' title='bbox 62 897 114 949; x_wconf 88' lang='lat' dir='ltr'><strong>aut</strong></span> <span class='ocrx_word' id='word_1_60' title='bbox 129 889 294 948; x_wconf 83' lang='lat' dir='ltr'><strong>inimicitiae</strong></span> <span class='ocrx_word' id='word_1_61' title='bbox 304 907 410 965; x_wconf 87' lang='lat' dir='ltr'><strong>graves</strong></span> <span class='ocrx_word' id='word_1_62' title='bbox 421 891 608 969; x_wconf 89' lang='lat' dir='ltr'><strong>insequantur</strong></span> <span class='ocrx_word' id='word_1_63' title='bbox 623 897 671 948; x_wconf 88' lang='lat' dir='ltr'><strong>aut</strong></span> <span class='ocrx_word' id='word_1_64' title='bbox 682 889 773 967; x_wconf 89' lang='lat' dir='ltr'><strong>turpis</strong></span> <span class='ocrx_word' id='word_1_65' title='bbox 789 888 960 949; x_wconf 81' lang='lat' dir='ltr'><strong>satisfactio.</strong></span> <span class='ocrx_word' id='word_1_66' title='bbox 990 888 1067 949; x_wconf 83' lang='lat' dir='ltr'><strong>Male</strong></span> 
     </span>
     <span class='ocr_line' id='line_1_9' title="bbox 63 973 1067 1051; baseline -0.001 -17"><span class='ocrx_word' id='word_1_67' title='bbox 63 975 151 1034; x_wconf 88' lang='lat' dir='ltr'><strong>ctiam</strong></span> <span class='ocrx_word' id='word_1_68' title='bbox 168 973 288 1048; x_wconf 92' lang='lat' dir='ltr'><strong>dicitur,</strong></span> <span class='ocrx_word' id='word_1_69' title='bbox 314 973 391 1050; x_wconf 95' lang='lat' dir='ltr'><strong>quod</strong></span> <span class='ocrx_word' id='word_1_70' title='bbox 412 975 440 1032; x_wconf 91' lang='lat' dir='ltr'><strong>in</strong></span> <span class='ocrx_word' id='word_1_71' title='bbox 455 973 556 1051; x_wconf 92' lang='lat' dir='ltr'><strong>plures</strong></span> <span class='ocrx_word' id='word_1_72' title='bbox 571 974 722 1048; x_wconf 84' lang='lat' dir='ltr'><strong>convenit,</strong></span> <span class='ocrx_word' id='word_1_73' title='bbox 738 973 763 1031; x_wconf 93' lang='lat' dir='ltr'><strong>si</strong></span> <span class='ocrx_word' id='word_1_74' title='bbox 778 981 827 1032; x_wconf 88' lang='lat' dir='ltr'><strong>aut</strong></span> <span class='ocrx_word' id='word_1_75' title='bbox 840 973 972 1032; x_wconf 89' lang='lat' dir='ltr'><strong>nationes</strong></span> <span class='ocrx_word' id='word_1_76' title='bbox 988 981 1067 1033; x_wconf 87' lang='lat' dir='ltr'><strong>totae</strong></span> 
     </span>
     <span class='ocr_line' id='line_1_10' title="bbox 63 1055 1064 1117; baseline -0.001 0"><span class='ocrx_word' id='word_1_77' title='bbox 63 1059 246 1117; x_wconf 85' lang='lat' dir='ltr'><strong>incessantur</strong></span> <span class='ocrx_word' id='word_1_78' title='bbox 269 1065 317 1115; x_wconf 91' lang='lat' dir='ltr'><strong>aut</strong></span> <span class='ocrx_word' id='word_1_79' title='bbox 342 1055 458 1116; x_wconf 88' lang='lat' dir='ltr'><strong>ordines</strong></span> <span class='ocrx_word' id='word_1_80' title='bbox 489 1067 537 1117; x_wconf 91' lang='lat' dir='ltr'><strong>aut</strong></span> <span class='ocrx_word' id='word_1_81' title='bbox 558 1057 691 1117; x_wconf 91' lang='lat' dir='ltr'><strong>condicio</strong></span> <span class='ocrx_word' id='word_1_82' title='bbox 712 1065 759 1115; x_wconf 90' lang='lat' dir='ltr'><strong>aut</strong></span> <span class='ocrx_word' id='word_1_83' title='bbox 781 1055 875 1115; x_wconf 88' lang='lat' dir='ltr'><strong>studia</strong></span> <span class='ocrx_word' id='word_1_84' title='bbox 901 1056 1064 1116; x_wconf 83' lang='lat' dir='ltr'><strong>multorum.</strong></span> 
     </span>
     <span class='ocr_line' id='line_1_11' title="bbox 63 1138 1109 1218; baseline -0.001 -17"><span class='ocrx_word' id='word_1_85' title='bbox 63 1139 118 1217; x_wconf 81' lang='lat' dir='ltr'><strong>Ea,</strong></span> <span class='ocrx_word' id='word_1_86' title='bbox 136 1158 210 1217; x_wconf 90' lang='lat' dir='ltr'><strong>quae</strong></span> <span class='ocrx_word' id='word_1_87' title='bbox 226 1138 303 1199; x_wconf 90' lang='lat' dir='ltr'><strong>dicet</strong></span> <span class='ocrx_word' id='word_1_88' title='bbox 318 1142 362 1199; x_wconf 87' lang='lat' dir='ltr'><strong>vir</strong></span> <span class='ocrx_word' id='word_1_89' title='bbox 379 1139 490 1218; x_wconf 90' lang='lat' dir='ltr'><strong>bonus,</strong></span> <span class='ocrx_word' id='word_1_90' title='bbox 514 1143 607 1201; x_wconf 89' lang='lat' dir='ltr'><strong>omnia</strong></span> <span class='ocrx_word' id='word_1_91' title='bbox 624 1139 704 1200; x_wconf 86' lang='lat' dir='ltr'><strong>salva</strong></span> <span class='ocrx_word' id='word_1_92' title='bbox 722 1140 860 1217; x_wconf 79' lang='lat' dir='ltr'><strong>dignitate</strong></span> <span class='ocrx_word' id='word_1_93' title='bbox 875 1156 910 1199; x_wconf 86' lang='lat' dir='ltr'><strong>ac</strong></span> <span class='ocrx_word' id='word_1_94' title='bbox 925 1153 1109 1207; x_wconf 77' lang='lat' dir='ltr'><strong>vercona-35</strong></span> 
     </span>
     <span class='ocr_line' id='line_1_12' title="bbox 62 1222 1066 1303; baseline 0 -20"><span class='ocrx_word' id='word_1_95' title='bbox 62 1223 111 1284; x_wconf 88' lang='lat' dir='ltr'><strong>dia</strong></span> <span class='ocrx_word' id='word_1_96' title='bbox 126 1224 213 1283; x_wconf 87' lang='lat' dir='ltr'><strong>dicet.</strong></span> <span class='ocrx_word' id='word_1_97' title='bbox 250 1222 371 1283; x_wconf 91' lang='lat' dir='ltr'><strong>Nimium</strong></span> <span class='ocrx_word' id='word_1_98' title='bbox 395 1227 469 1283; x_wconf 90' lang='lat' dir='ltr'><strong>enim</strong></span> <span class='ocrx_word' id='word_1_99' title='bbox 486 1226 561 1284; x_wconf 92' lang='lat' dir='ltr'><strong>risus</strong></span> <span class='ocrx_word' id='word_1_100' title='bbox 580 1225 703 1303; x_wconf 91' lang='lat' dir='ltr'><strong>pretium</strong></span> <span class='ocrx_word' id='word_1_101' title='bbox 719 1232 780 1299; x_wconf 89' lang='lat' dir='ltr'><strong>est,</strong></span> <span class='ocrx_word' id='word_1_102' title='bbox 803 1224 828 1282; x_wconf 89' lang='lat' dir='ltr'><strong>si</strong></span> <span class='ocrx_word' id='word_1_103' title='bbox 848 1222 1000 1301; x_wconf 88' lang='lat' dir='ltr'><strong>probitatis</strong></span> <span class='ocrx_word' id='word_1_104' title='bbox 1016 1225 1066 1283; x_wconf 89' lang='lat' dir='ltr'><strong>im-</strong></span> 
     </span>
     <span class='ocr_line' id='line_1_13' title="bbox 63 1307 1121 1386; baseline -0.009 -19"><span class='ocrx_word' id='word_1_105' title='bbox 63 1307 171 1386; x_wconf 90' lang='lat' dir='ltr'><strong>pendio</strong></span> <span class='ocrx_word' id='word_1_106' title='bbox 190 1316 313 1367; x_wconf 90' lang='lat' dir='ltr'><strong>constat.</strong></span> <span class='ocrx_word' id='word_1_107' title='bbox 1083 1352 1121 1374; x_wconf 42' lang='lat' dir='ltr'><em>d</em></span> 
     </span>
     <span class='ocr_line' id='line_1_14' title="bbox 148 1390 1067 1471; baseline 0.003 -21"><span class='ocrx_word' id='word_1_108' title='bbox 148 1390 247 1450; x_wconf 85' lang='lat' dir='ltr'><strong>Unde</strong></span> <span class='ocrx_word' id='word_1_109' title='bbox 270 1400 363 1451; x_wconf 92' lang='lat' dir='ltr'><strong>autem</strong></span> <span class='ocrx_word' id='word_1_110' title='bbox 386 1391 558 1452; x_wconf 88' lang='lat' dir='ltr'><strong>concilietur</strong></span> <span class='ocrx_word' id='word_1_111' title='bbox 578 1393 653 1450; x_wconf 92' lang='lat' dir='ltr'><strong>risus</strong></span> <span class='ocrx_word' id='word_1_112' title='bbox 679 1400 709 1452; x_wconf 90' lang='lat' dir='ltr'><strong>et</strong></span> <span class='ocrx_word' id='word_1_113' title='bbox 732 1392 834 1471; x_wconf 93' lang='lat' dir='ltr'><strong>quibus</strong></span> <span class='ocrx_word' id='word_1_114' title='bbox 858 1410 896 1451; x_wconf 85' lang='lat' dir='ltr'><strong>ex</strong></span> <span class='ocrx_word' id='word_1_115' title='bbox 914 1390 989 1451; x_wconf 91' lang='lat' dir='ltr'><strong>locis</strong></span> <span class='ocrx_word' id='word_1_116' title='bbox 1007 1394 1067 1469; x_wconf 87' lang='lat' dir='ltr'><strong>peti</strong></span> 
     </span>
     <span class='ocr_line' id='line_1_15' title="bbox 62 1474 1066 1554; baseline -0.001 -18"><span class='ocrx_word' id='word_1_117' title='bbox 62 1475 170 1550; x_wconf 85' lang='lat' dir='ltr'><strong>soleat,</strong></span> <span class='ocrx_word' id='word_1_118' title='bbox 188 1474 384 1535; x_wconf 84' lang='lat' dir='ltr'><strong>difficillimum</strong></span> <span class='ocrx_word' id='word_1_119' title='bbox 401 1476 509 1535; x_wconf 89' lang='lat' dir='ltr'><strong>dicere.</strong></span> <span class='ocrx_word' id='word_1_120' title='bbox 549 1475 621 1535; x_wconf 91' lang='lat' dir='ltr'><strong>Nam</strong></span> <span class='ocrx_word' id='word_1_121' title='bbox 637 1477 661 1535; x_wconf 92' lang='lat' dir='ltr'><strong>si</strong></span> <span class='ocrx_word' id='word_1_122' title='bbox 681 1478 798 1554; x_wconf 85' lang='lat' dir='ltr'><strong>species</strong></span> <span class='ocrx_word' id='word_1_123' title='bbox 812 1493 912 1534; x_wconf 91' lang='lat' dir='ltr'><strong>omnes</strong></span> <span class='ocrx_word' id='word_1_124' title='bbox 926 1477 1066 1554; x_wconf 83' lang='lat' dir='ltr'><strong>persequi</strong></span> 
     </span>
     <span class='ocr_line' id='line_1_16' title="bbox 63 1558 1109 1638; baseline 0 -18"><span class='ocrx_word' id='word_1_125' title='bbox 63 1558 205 1620; x_wconf 82' lang='lat' dir='ltr'><strong>velimus:</strong></span> <span class='ocrx_word' id='word_1_126' title='bbox 222 1577 277 1618; x_wconf 89' lang='lat' dir='ltr'><strong>neo</strong></span> <span class='ocrx_word' id='word_1_127' title='bbox 294 1560 408 1619; x_wconf 89' lang='lat' dir='ltr'><strong>modum</strong></span> <span class='ocrx_word' id='word_1_128' title='bbox 423 1561 603 1638; x_wconf 88' lang='lat' dir='ltr'><strong>reperiemus</strong></span> <span class='ocrx_word' id='word_1_129' title='bbox 619 1567 648 1618; x_wconf 88' lang='lat' dir='ltr'><strong>et</strong></span> <span class='ocrx_word' id='word_1_130' title='bbox 663 1559 771 1621; x_wconf 82' lang='lat' dir='ltr'><strong>frustra</strong></span> <span class='ocrx_word' id='word_1_131' title='bbox 781 1558 986 1620; x_wconf 86' lang='lat' dir='ltr'><strong>laborabimus.</strong></span> <span class='ocrx_word' id='word_1_132' title='bbox 1008 1559 1109 1626; x_wconf 79' lang='lat' dir='ltr'><strong>rte-sa</strong></span> 
     </span>
     <span class='ocr_line' id='line_1_17' title="bbox 63 1643 1066 1722; baseline 0.001 -19"><span class='ocrx_word' id='word_1_133' title='bbox 63 1660 121 1722; x_wconf 92' lang='lat' dir='ltr'><strong>que</strong></span> <span class='ocrx_word' id='word_1_134' title='bbox 140 1643 214 1701; x_wconf 91' lang='lat' dir='ltr'><strong>enim</strong></span> <span class='ocrx_word' id='word_1_135' title='bbox 229 1645 320 1702; x_wconf 92' lang='lat' dir='ltr'><strong>minus</strong></span> <span class='ocrx_word' id='word_1_136' title='bbox 341 1645 487 1703; x_wconf 89' lang='lat' dir='ltr'><strong>numerosi</strong></span> <span class='ocrx_word' id='word_1_137' title='bbox 510 1652 574 1703; x_wconf 88' lang='lat' dir='ltr'><strong>sunt</strong></span> <span class='ocrx_word' id='word_1_138' title='bbox 597 1643 672 1720; x_wconf 93' lang='lat' dir='ltr'><strong>loci,</strong></span> <span class='ocrx_word' id='word_1_139' title='bbox 696 1662 734 1703; x_wconf 89' lang='lat' dir='ltr'><strong>ex</strong></span> <span class='ocrx_word' id='word_1_140' title='bbox 757 1644 860 1722; x_wconf 90' lang='lat' dir='ltr'><strong>quibus</strong></span> <span class='ocrx_word' id='word_1_141' title='bbox 882 1643 956 1703; x_wconf 90' lang='lat' dir='ltr'><strong>haec</strong></span> <span class='ocrx_word' id='word_1_142' title='bbox 979 1643 1066 1722; x_wconf 90' lang='lat' dir='ltr'><strong>dicta,</strong></span> 
     </span>
     <span class='ocr_line' id='line_1_18' title="bbox 64 1726 1065 1806; baseline 0.001 -19"><span class='ocrx_word' id='word_1_143' title='bbox 64 1744 149 1806; x_wconf 90' lang='lat' dir='ltr'><strong>quam</strong></span> <span class='ocrx_word' id='word_1_144' title='bbox 164 1726 216 1803; x_wconf 89' lang='lat' dir='ltr'><strong>illi,</strong></span> <span class='ocrx_word' id='word_1_145' title='bbox 237 1727 391 1805; x_wconf 82' lang='lat' dir='ltr'><strong>exquibus</strong></span> <span class='ocrx_word' id='word_1_146' title='bbox 408 1745 472 1804; x_wconf 89' lang='lat' dir='ltr'><strong>eae,</strong></span> <span class='ocrx_word' id='word_1_147' title='bbox 490 1746 561 1805; x_wconf 92' lang='lat' dir='ltr'><strong>quas</strong></span> <span class='ocrx_word' id='word_1_148' title='bbox 574 1730 731 1788; x_wconf 89' lang='lat' dir='ltr'><strong>sententias</strong></span> <span class='ocrx_word' id='word_1_149' title='bbox 747 1745 897 1805; x_wconf 81' lang='lat' dir='ltr'><strong>vocamus,</strong></span> <span class='ocrx_word' id='word_1_150' title='bbox 914 1728 1065 1805; x_wconf 91' lang='lat' dir='ltr'><strong>ducuntur,</strong></span> 
     </span>
     <span class='ocr_line' id='line_1_19' title="bbox 63 1809 1066 1890; baseline 0.001 -19"><span class='ocrx_word' id='word_1_151' title='bbox 63 1829 160 1888; x_wconf 90' lang='lat' dir='ltr'><strong>neque</strong></span> <span class='ocrx_word' id='word_1_152' title='bbox 178 1809 235 1869; x_wconf 87' lang='lat' dir='ltr'><strong>alii.</strong></span> <span class='ocrx_word' id='word_1_153' title='bbox 272 1810 344 1870; x_wconf 89' lang='lat' dir='ltr'><strong>Nam</strong></span> <span class='ocrx_word' id='word_1_154' title='bbox 365 1811 412 1870; x_wconf 89' lang='lat' dir='ltr'><strong>hic</strong></span> <span class='ocrx_word' id='word_1_155' title='bbox 432 1830 549 1890; x_wconf 87' lang='lat' dir='ltr'><strong>quoque</strong></span> <span class='ocrx_word' id='word_1_156' title='bbox 565 1821 610 1872; x_wconf 90' lang='lat' dir='ltr'><strong>est</strong></span> <span class='ocrx_word' id='word_1_157' title='bbox 625 1813 753 1872; x_wconf 79' lang='lat' dir='ltr'><strong>inventio</strong></span> <span class='ocrx_word' id='word_1_158' title='bbox 770 1821 799 1871; x_wconf 93' lang='grc' dir='ltr'><strong>ει</strong></span> <span class='ocrx_word' id='word_1_159' title='bbox 815 1812 961 1888; x_wconf 86' lang='lat' dir='ltr'><strong>elocutio,</strong></span> <span class='ocrx_word' id='word_1_160' title='bbox 979 1821 1066 1890; x_wconf 89' lang='lat' dir='ltr'><strong>atque</strong></span> 
     </span>
     <span class='ocr_line' id='line_1_20' title="bbox 63 1893 1108 1979; baseline 0.008 -26"><span class='ocrx_word' id='word_1_161' title='bbox 63 1896 155 1974; x_wconf 92' lang='lat' dir='ltr'><strong>ipsius</strong></span> <span class='ocrx_word' id='word_1_162' title='bbox 177 1893 414 1963; x_wconf 84' lang='lat' dir='ltr'><strong>elocutionis,vis</strong></span> <span class='ocrx_word' id='word_1_163' title='bbox 438 1895 495 1956; x_wconf 90' lang='lat' dir='ltr'><strong>alia</strong></span> <span class='ocrx_word' id='word_1_164' title='bbox 515 1898 543 1955; x_wconf 91' lang='lat' dir='ltr'><strong>in</strong></span> <span class='ocrx_word' id='word_1_165' title='bbox 569 1896 751 1979; x_wconf 72' lang='lat' dir='ltr'><strong>verbis,alia</strong></span> <span class='ocrx_word' id='word_1_166' title='bbox 776 1898 805 1956; x_wconf 95' lang='lat' dir='ltr'><strong>in</strong></span> <span class='ocrx_word' id='word_1_167' title='bbox 831 1897 943 1973; x_wconf 76' lang='lat' dir='ltr'><strong>liguris,</strong></span> <span class='ocrx_word' id='word_1_168' title='bbox 978 1894 1064 1955; x_wconf 85' lang='lat' dir='ltr'><strong>Risus</strong></span> <span class='ocrx_word' id='word_1_169' title='bbox 1074 1904 1108 1961; x_wconf 80' lang='lat' dir='ltr'><strong>at</strong></span> 
     </span>
     <span class='ocr_line' id='line_1_21' title="bbox 63 1979 1066 2058; baseline 0 -20"><span class='ocrx_word' id='word_1_170' title='bbox 63 1979 151 2057; x_wconf 88' lang='lat' dir='ltr'><strong>igitur</strong></span> <span class='ocrx_word' id='word_1_171' title='bbox 166 1979 294 2038; x_wconf 89' lang='lat' dir='ltr'><strong>oriuntur</strong></span> <span class='ocrx_word' id='word_1_172' title='bbox 309 1988 355 2038; x_wconf 89' lang='lat' dir='ltr'><strong>aut</strong></span> <span class='ocrx_word' id='word_1_173' title='bbox 373 1997 409 2038; x_wconf 88' lang='lat' dir='ltr'><strong>ex</strong></span> <span class='ocrx_word' id='word_1_174' title='bbox 424 1997 550 2058; x_wconf 90' lang='lat' dir='ltr'><strong>corpore</strong></span> <span class='ocrx_word' id='word_1_175' title='bbox 566 1982 645 2056; x_wconf 89' lang='lat' dir='ltr'><strong>eius,</strong></span> <span class='ocrx_word' id='word_1_176' title='bbox 661 1983 689 2039; x_wconf 90' lang='lat' dir='ltr'><strong>in</strong></span> <span class='ocrx_word' id='word_1_177' title='bbox 705 1998 790 2058; x_wconf 83' lang='lat' dir='ltr'><strong>quem</strong></span> <span class='ocrx_word' id='word_1_178' title='bbox 807 1981 943 2056; x_wconf 82' lang='lat' dir='ltr'><strong>dicimus,</strong></span> <span class='ocrx_word' id='word_1_179' title='bbox 961 1988 1008 2040; x_wconf 92' lang='lat' dir='ltr'><strong>aut</strong></span> <span class='ocrx_word' id='word_1_180' title='bbox 1029 1998 1066 2039; x_wconf 83' lang='lat' dir='ltr'><strong>ex</strong></span> 
     </span>
     <span class='ocr_line' id='line_1_22' title="bbox 64 2061 1065 2143; baseline 0.002 -21"><span class='ocrx_word' id='word_1_181' title='bbox 64 2064 170 2138; x_wconf 90' lang='lat' dir='ltr'><strong>animo,</strong></span> <span class='ocrx_word' id='word_1_182' title='bbox 190 2063 238 2139; x_wconf 93' lang='lat' dir='ltr'><strong>qui</strong></span> <span class='ocrx_word' id='word_1_183' title='bbox 253 2061 338 2122; x_wconf 88' lang='lat' dir='ltr'><strong>iactis</strong></span> <span class='ocrx_word' id='word_1_184' title='bbox 355 2062 390 2121; x_wconf 91' lang='lat' dir='ltr'><strong>ab</strong></span> <span class='ocrx_word' id='word_1_185' title='bbox 407 2080 443 2121; x_wconf 89' lang='lat' dir='ltr'><strong>eo</strong></span> <span class='ocrx_word' id='word_1_186' title='bbox 460 2065 603 2143; x_wconf 90' lang='lat' dir='ltr'><strong>dictisque</strong></span> <span class='ocrx_word' id='word_1_187' title='bbox 620 2064 779 2142; x_wconf 76' lang='lat' dir='ltr'><strong>colligitur,</strong></span> <span class='ocrx_word' id='word_1_188' title='bbox 798 2073 845 2124; x_wconf 91' lang='lat' dir='ltr'><strong>aut</strong></span> <span class='ocrx_word' id='word_1_189' title='bbox 865 2082 902 2124; x_wconf 88' lang='lat' dir='ltr'><strong>ex</strong></span> <span class='ocrx_word' id='word_1_190' title='bbox 917 2063 973 2140; x_wconf 91' lang='lat' dir='ltr'><strong>his,</strong></span> <span class='ocrx_word' id='word_1_191' title='bbox 991 2081 1065 2141; x_wconf 89' lang='lat' dir='ltr'><strong>quae</strong></span> 
     </span>
     <span class='ocr_line' id='line_1_23' title="bbox 63 2146 1063 2227; baseline 0.001 -21"><span class='ocrx_word' id='word_1_192' title='bbox 63 2155 129 2206; x_wconf 88' lang='lat' dir='ltr'><strong>sunt</strong></span> <span class='ocrx_word' id='word_1_193' title='bbox 149 2154 231 2205; x_wconf 90' lang='lat' dir='ltr'><strong>extra</strong></span> <span class='ocrx_word' id='word_1_194' title='bbox 252 2147 356 2223; x_wconf 91' lang='lat' dir='ltr'><strong>posita.</strong></span> <span class='ocrx_word' id='word_1_195' title='bbox 394 2146 470 2206; x_wconf 90' lang='lat' dir='ltr'><strong>lutra</strong></span> <span class='ocrx_word' id='word_1_196' title='bbox 495 2148 569 2208; x_wconf 90' lang='lat' dir='ltr'><strong>haec</strong></span> <span class='ocrx_word' id='word_1_197' title='bbox 596 2151 670 2207; x_wconf 88' lang='lat' dir='ltr'><strong>enim</strong></span> <span class='ocrx_word' id='word_1_198' title='bbox 693 2157 738 2207; x_wconf 90' lang='grc' dir='ltr'><strong>εει</strong></span> <span class='ocrx_word' id='word_1_199' title='bbox 760 2151 851 2207; x_wconf 92' lang='lat' dir='ltr'><strong>omnis</strong></span> <span class='ocrx_word' id='word_1_200' title='bbox 873 2149 1063 2227; x_wconf 85' lang='lat' dir='ltr'><strong>vituperatio;</strong></span> 
     </span>
     <span class='ocr_line' id='line_1_24' title="bbox 64 2230 1064 2308; baseline 0.001 -18"><span class='ocrx_word' id='word_1_201' title='bbox 64 2230 184 2308; x_wconf 90' lang='lat' dir='ltr'><strong>quaesi</strong></span> <span class='ocrx_word' id='word_1_202' title='bbox 205 2231 321 2306; x_wconf 81' lang='lat' dir='ltr'><strong>grauius</strong></span> <span class='ocrx_word' id='word_1_203' title='bbox 342 2232 437 2307; x_wconf 91' lang='lat' dir='ltr'><strong>posita</strong></span> <span class='ocrx_word' id='word_1_204' title='bbox 457 2233 508 2305; x_wconf 89' lang='lat' dir='ltr'><strong>sit,</strong></span> <span class='ocrx_word' id='word_1_205' title='bbox 531 2250 636 2291; x_wconf 88' lang='lat' dir='ltr'><strong>severa</strong></span> <span class='ocrx_word' id='word_1_206' title='bbox 657 2240 715 2298; x_wconf 89' lang='lat' dir='ltr'><strong>est;</strong></span> <span class='ocrx_word' id='word_1_207' title='bbox 744 2233 767 2290; x_wconf 91' lang='lat' dir='ltr'><strong>si</strong></span> <span class='ocrx_word' id='word_1_208' title='bbox 790 2230 900 2308; x_wconf 90' lang='lat' dir='ltr'><strong>levius,</strong></span> <span class='ocrx_word' id='word_1_209' title='bbox 932 2231 1064 2292; x_wconf 89' lang='lat' dir='ltr'><strong>ridicula.</strong></span> 
     </span>
     <span class='ocr_line' id='line_1_25' title="bbox 62 2313 1064 2375; baseline 0.001 -3"><span class='ocrx_word' id='word_1_210' title='bbox 62 2313 144 2373; x_wconf 88' lang='lat' dir='ltr'><strong>llaec</strong></span> <span class='ocrx_word' id='word_1_211' title='bbox 172 2321 219 2372; x_wconf 92' lang='lat' dir='ltr'><strong>aut</strong></span> <span class='ocrx_word' id='word_1_212' title='bbox 243 2314 488 2374; x_wconf 90' lang='lat' dir='ltr'><strong>ostenduntur</strong></span> <span class='ocrx_word' id='word_1_213' title='bbox 513 2324 561 2373; x_wconf 92' lang='lat' dir='ltr'><strong>aut</strong></span> <span class='ocrx_word' id='word_1_214' title='bbox 586 2323 789 2375; x_wconf 87' lang='lat' dir='ltr'><strong>narrantur</strong></span> <span class='ocrx_word' id='word_1_215' title='bbox 810 2323 857 2374; x_wconf 89' lang='lat' dir='ltr'><strong>aut</strong></span> <span class='ocrx_word' id='word_1_216' title='bbox 878 2315 977 2375; x_wconf 92' lang='lat' dir='ltr'><strong>dicto</strong></span> <span class='ocrx_word' id='word_1_217' title='bbox 999 2332 1064 2374; x_wconf 92' lang='lat' dir='ltr'><strong>no-</strong></span> 
     </span>
     <span class='ocr_line' id='line_1_26' title="bbox 64 2396 1108 2475; baseline 0.003 -19"><span class='ocrx_word' id='word_1_218' title='bbox 64 2407 201 2457; x_wconf 87' lang='lat' dir='ltr'><strong>tantur.</strong></span> <span class='ocrx_word' id='word_1_219' title='bbox 234 2396 339 2457; x_wconf 88' lang='lat' dir='ltr'><strong>Rarnm</strong></span> <span class='ocrx_word' id='word_1_220' title='bbox 359 2405 418 2471; x_wconf 90' lang='lat' dir='ltr'><strong>est,</strong></span> <span class='ocrx_word' id='word_1_221' title='bbox 447 2406 476 2455; x_wconf 93' lang='lat' dir='ltr'><strong>ut</strong></span> <span class='ocrx_word' id='word_1_222' title='bbox 493 2397 586 2456; x_wconf 91' lang='lat' dir='ltr'><strong>oculis</strong></span> <span class='ocrx_word' id='word_1_223' title='bbox 602 2397 746 2458; x_wconf 89' lang='lat' dir='ltr'><strong>subiicere</strong></span> <span class='ocrx_word' id='word_1_224' title='bbox 766 2400 930 2475; x_wconf 88' lang='lat' dir='ltr'><strong>contingat,</strong></span> <span class='ocrx_word' id='word_1_225' title='bbox 950 2408 981 2458; x_wconf 94' lang='lat' dir='ltr'><strong>ut</strong></span> <span class='ocrx_word' id='word_1_226' title='bbox 996 2399 1108 2459; x_wconf 78' lang='lat' dir='ltr'><strong>tacitae</strong></span> 
     </span>
     <span class='ocr_line' id='line_1_27' title="bbox 64 2478 1066 2560; baseline 0 -20"><span class='ocrx_word' id='word_1_227' title='bbox 64 2478 97 2540; x_wconf 81' lang='lat' dir='ltr'><strong>G.</strong></span> <span class='ocrx_word' id='word_1_228' title='bbox 115 2480 218 2549; x_wconf 91' lang='lat' dir='ltr'><strong>lulius;</strong></span> <span class='ocrx_word' id='word_1_229' title='bbox 240 2483 305 2558; x_wconf 92' lang='lat' dir='ltr'><strong>qui,</strong></span> <span class='ocrx_word' id='word_1_230' title='bbox 328 2500 390 2540; x_wconf 91' lang='lat' dir='ltr'><strong>cum</strong></span> <span class='ocrx_word' id='word_1_231' title='bbox 408 2480 512 2539; x_wconf 91' lang='lat' dir='ltr'><strong>Helvio</strong></span> <span class='ocrx_word' id='word_1_232' title='bbox 528 2480 659 2541; x_wconf 85' lang='lat' dir='ltr'><strong>Manciae</strong></span> <span class='ocrx_word' id='word_1_233' title='bbox 681 2483 797 2560; x_wconf 89' lang='lat' dir='ltr'><strong>saepius</strong></span> <span class='ocrx_word' id='word_1_234' title='bbox 815 2481 995 2560; x_wconf 87' lang='lat' dir='ltr'><strong>obstrepenti</strong></span> <span class='ocrx_word' id='word_1_235' title='bbox 1010 2481 1066 2540; x_wconf 91' lang='lat' dir='ltr'><strong>sibi</strong></span> 
     </span>
     <span class='ocr_line' id='line_1_28' title="bbox 63 2563 1066 2644; baseline 0.001 -21"><span class='ocrx_word' id='word_1_236' title='bbox 63 2564 194 2640; x_wconf 88' lang='lat' dir='ltr'><strong>diceret,</strong></span> <span class='ocrx_word' id='word_1_237' title='bbox 218 2563 319 2626; x_wconf 80' lang='lat' dir='ltr'><strong>Etiam</strong></span> <span class='ocrx_word' id='word_1_238' title='bbox 335 2567 508 2642; x_wconf 83' lang='lat' dir='ltr'><strong>ostendam,</strong></span> <span class='ocrx_word' id='word_1_239' title='bbox 529 2567 629 2642; x_wconf 80' lang='lat' dir='ltr'><strong>qualis</strong></span> <span class='ocrx_word' id='word_1_240' title='bbox 653 2566 711 2642; x_wconf 77' lang='lat' dir='ltr'><strong>ais,</strong></span> <span class='ocrx_word' id='word_1_241' title='bbox 738 2567 822 2644; x_wconf 92' lang='lat' dir='ltr'><strong>isque</strong></span> <span class='ocrx_word' id='word_1_242' title='bbox 843 2564 930 2641; x_wconf 86' lang='lat' dir='ltr'><strong>plane</strong></span> <span class='ocrx_word' id='word_1_243' title='bbox 945 2567 1066 2624; x_wconf 88' lang='lat' dir='ltr'><strong>instaret</strong></span> 
     </span>
     <span class='ocr_line' id='line_1_29' title="bbox 63 2648 1065 2726; baseline 0 -20"><span class='ocrx_word' id='word_1_244' title='bbox 63 2650 309 2725; x_wconf 84' lang='lat' dir='ltr'><strong>interrogatione,</strong></span> <span class='ocrx_word' id='word_1_245' title='bbox 332 2648 447 2726; x_wconf 91' lang='lat' dir='ltr'><strong>qualem</strong></span> <span class='ocrx_word' id='word_1_246' title='bbox 470 2667 503 2708; x_wconf 88' lang='lat' dir='ltr'><strong>se</strong></span> <span class='ocrx_word' id='word_1_247' title='bbox 526 2658 695 2709; x_wconf 90' lang='lat' dir='ltr'><strong>ostensurus</strong></span> <span class='ocrx_word' id='word_1_248' title='bbox 710 2658 806 2709; x_wconf 89' lang='lat' dir='ltr'><strong>esset:</strong></span> <span class='ocrx_word' id='word_1_249' title='bbox 834 2649 924 2725; x_wconf 81' lang='lat' dir='ltr'><strong>digito</strong></span> <span class='ocrx_word' id='word_1_250' title='bbox 947 2649 1065 2708; x_wconf 85' lang='lat' dir='ltr'><strong>demon-</strong></span> 
     </span>
     <span class='ocr_line' id='line_1_30' title="bbox 63 2730 1065 2808; baseline -0.001 -17"><span class='ocrx_word' id='word_1_251' title='bbox 63 2733 166 2791; x_wconf 88' lang='lat' dir='ltr'><strong>stravit</strong></span> <span class='ocrx_word' id='word_1_252' title='bbox 180 2734 331 2808; x_wconf 85' lang='lat' dir='ltr'><strong>imaginem</strong></span> <span class='ocrx_word' id='word_1_253' title='bbox 348 2731 422 2791; x_wconf 87' lang='lat' dir='ltr'><strong>Galli</strong></span> <span class='ocrx_word' id='word_1_254' title='bbox 442 2734 469 2789; x_wconf 93' lang='lat' dir='ltr'><strong>in</strong></span> <span class='ocrx_word' id='word_1_255' title='bbox 489 2741 572 2791; x_wconf 91' lang='lat' dir='ltr'><strong>scuto</strong></span> <span class='ocrx_word' id='word_1_256' title='bbox 593 2732 736 2791; x_wconf 86' lang='lat' dir='ltr'><strong>Cimbrico</strong></span> <span class='ocrx_word' id='word_1_257' title='bbox 752 2735 872 2808; x_wconf 87' lang='lat' dir='ltr'><strong>pictam,</strong></span> <span class='ocrx_word' id='word_1_258' title='bbox 890 2733 936 2789; x_wconf 90' lang='lat' dir='ltr'><strong>eui</strong></span> <span class='ocrx_word' id='word_1_259' title='bbox 952 2730 1065 2790; x_wconf 82' lang='lat' dir='ltr'><strong>Mancia</strong></span> 
     </span>
     <span class='ocr_line' id='line_1_31' title="bbox 62 2812 1063 2890; baseline -0.005 -15"><span class='ocrx_word' id='word_1_260' title='bbox 62 2825 122 2876; x_wconf 91' lang='lat' dir='ltr'><strong>tum</strong></span> <span class='ocrx_word' id='word_1_261' title='bbox 137 2815 296 2874; x_wconf 90' lang='lat' dir='ltr'><strong>simillimus</strong></span> <span class='ocrx_word' id='word_1_262' title='bbox 314 2824 358 2873; x_wconf 90' lang='lat' dir='ltr'><strong>est</strong></span> <span class='ocrx_word' id='word_1_263' title='bbox 372 2816 462 2874; x_wconf 89' lang='lat' dir='ltr'><strong>visus.</strong></span> <span class='ocrx_word' id='word_1_264' title='bbox 493 2815 643 2875; x_wconf 85' lang='lat' dir='ltr'><strong>Tabernae</strong></span> <span class='ocrx_word' id='word_1_265' title='bbox 659 2824 754 2874; x_wconf 91' lang='lat' dir='ltr'><strong>autem</strong></span> <span class='ocrx_word' id='word_1_266' title='bbox 770 2821 850 2872; x_wconf 91' lang='lat' dir='ltr'><strong>erant</strong></span> <span class='ocrx_word' id='word_1_267' title='bbox 867 2812 1063 2890; x_wconf 79' lang='lat' dir='ltr'><strong>circulorum,</strong></span> 
     </span>
     <span class='ocr_line' id='line_1_32' title="bbox 63 2895 1106 2975; baseline -0.005 -15"><span class='ocrx_word' id='word_1_268' title='bbox 63 2917 99 2960; x_wconf 88' lang='lat' dir='ltr'><strong>ac</strong></span> <span class='ocrx_word' id='word_1_269' title='bbox 113 2907 226 2958; x_wconf 91' lang='lat' dir='ltr'><strong>scutum</strong></span> <span class='ocrx_word' id='word_1_270' title='bbox 243 2898 314 2957; x_wconf 93' lang='lat' dir='ltr'><strong>illud</strong></span> <span class='ocrx_word' id='word_1_271' title='bbox 331 2900 405 2974; x_wconf 90' lang='lat' dir='ltr'><strong>signi</strong></span> <span class='ocrx_word' id='word_1_272' title='bbox 423 2900 515 2974; x_wconf 90' lang='lat' dir='ltr'><strong>gratia</strong></span> <span class='ocrx_word' id='word_1_273' title='bbox 530 2901 663 2975; x_wconf 89' lang='lat' dir='ltr'><strong>positum.</strong></span> <span class='ocrx_word' id='word_1_274' title='bbox 696 2896 872 2973; x_wconf 90' lang='lat' dir='ltr'><strong>Narrare,</strong></span> <span class='ocrx_word' id='word_1_275' title='bbox 896 2915 970 2974; x_wconf 90' lang='lat' dir='ltr'><strong>quae</strong></span> <span class='ocrx_word' id='word_1_276' title='bbox 985 2895 1106 2957; x_wconf 77' lang='lat' dir='ltr'><strong>salsailil</strong></span> 
     </span>
     <span class='ocr_line' id='line_1_33' title="bbox 62 2978 1063 3061; baseline -0.004 -19"><span class='ocrx_word' id='word_1_277' title='bbox 62 2984 130 3059; x_wconf 90' lang='lat' dir='ltr'><strong>sint,</strong></span> <span class='ocrx_word' id='word_1_278' title='bbox 147 2983 274 3061; x_wconf 89' lang='lat' dir='ltr'><strong>inprimis</strong></span> <span class='ocrx_word' id='word_1_279' title='bbox 292 2991 336 3040; x_wconf 92' lang='lat' dir='ltr'><strong>est</strong></span> <span class='ocrx_word' id='word_1_280' title='bbox 351 2981 457 3041; x_wconf 87' lang='lat' dir='ltr'><strong>subtile</strong></span> <span class='ocrx_word' id='word_1_281' title='bbox 470 2992 499 3041; x_wconf 88' lang='lat' dir='ltr'><strong>et</strong></span> <span class='ocrx_word' id='word_1_282' title='bbox 517 2984 682 3057; x_wconf 89' lang='lat' dir='ltr'><strong>oratorium,</strong></span> <span class='ocrx_word' id='word_1_283' title='bbox 698 2990 728 3040; x_wconf 92' lang='lat' dir='ltr'><strong>ut</strong></span> <span class='ocrx_word' id='word_1_284' title='bbox 742 2978 847 3040; x_wconf 78' lang='lat' dir='ltr'><strong>Cicero</strong></span> <span class='ocrx_word' id='word_1_285' title='bbox 860 2997 913 3060; x_wconf 93' lang='lat' dir='ltr'><strong>pro</strong></span> <span class='ocrx_word' id='word_1_286' title='bbox 930 2978 1063 3040; x_wconf 76' lang='lat' dir='ltr'><strong>Cluentio</strong></span> 
     </span>
     <span class='ocr_line' id='line_1_34' title="bbox 62 3063 1063 3143; baseline -0.003 -18"><span class='ocrx_word' id='word_1_287' title='bbox 62 3075 160 3126; x_wconf 90' lang='lat' dir='ltr'><strong>narrat</strong></span> <span class='ocrx_word' id='word_1_288' title='bbox 182 3067 219 3126; x_wconf 91' lang='lat' dir='ltr'><strong>de</strong></span> <span class='ocrx_word' id='word_1_289' title='bbox 241 3063 366 3143; x_wconf 84' lang='lat' dir='ltr'><strong>Gepasio</strong></span> <span class='ocrx_word' id='word_1_290' title='bbox 388 3074 474 3141; x_wconf 91' lang='lat' dir='ltr'><strong>atque</strong></span> <span class='ocrx_word' id='word_1_291' title='bbox 500 3064 633 3126; x_wconf 87' lang='lat' dir='ltr'><strong>Fabricio</strong></span> <span class='ocrx_word' id='word_1_292' title='bbox 654 3074 701 3124; x_wconf 90' lang='lat' dir='ltr'><strong>aut</strong></span> <span class='ocrx_word' id='word_1_293' title='bbox 720 3063 758 3123; x_wconf 88' lang='grc' dir='ltr'><strong>Μ.</strong></span> <span class='ocrx_word' id='word_1_294' title='bbox 777 3063 892 3124; x_wconf 82' lang='lat' dir='ltr'><strong>Caelius</strong></span> <span class='ocrx_word' id='word_1_295' title='bbox 910 3064 946 3123; x_wconf 91' lang='lat' dir='ltr'><strong>de</strong></span> <span class='ocrx_word' id='word_1_296' title='bbox 961 3064 1012 3124; x_wconf 87' lang='lat' dir='ltr'><strong>illa</strong></span> <span class='ocrx_word' id='word_1_297' title='bbox 1026 3064 1063 3122; x_wconf 84' lang='lat' dir='ltr'><strong>l).</strong></span> 
     </span>
     <span class='ocr_line' id='line_1_35' title="bbox 62 3149 1063 3228; baseline -0.005 -18"><span class='ocrx_word' id='word_1_298' title='bbox 62 3150 154 3210; x_wconf 81' lang='lat' dir='ltr'><strong>Laelii</strong></span> <span class='ocrx_word' id='word_1_299' title='bbox 178 3149 372 3226; x_wconf 88' lang='lat' dir='ltr'><strong>collegaeque</strong></span> <span class='ocrx_word' id='word_1_300' title='bbox 394 3151 455 3208; x_wconf 90' lang='lat' dir='ltr'><strong>eius</strong></span> <span class='ocrx_word' id='word_1_301' title='bbox 477 3151 505 3207; x_wconf 90' lang='lat' dir='ltr'><strong>iu</strong></span> <span class='ocrx_word' id='word_1_302' title='bbox 533 3151 709 3228; x_wconf 88' lang='lat' dir='ltr'><strong>prouinciam</strong></span> <span class='ocrx_word' id='word_1_303' title='bbox 727 3149 920 3209; x_wconf 78' lang='lat' dir='ltr'><strong>festinantium</strong></span> <span class='ocrx_word' id='word_1_304' title='bbox 946 3156 1063 3206; x_wconf 89' lang='lat' dir='ltr'><strong>conterr-</strong></span> 
     </span>
     <span class='ocr_line' id='line_1_36' title="bbox 62 3232 1064 3312; baseline -0.006 -17"><span class='ocrx_word' id='word_1_305' title='bbox 62 3237 153 3295; x_wconf 89' lang='lat' dir='ltr'><strong>tione.</strong></span> <span class='ocrx_word' id='word_1_306' title='bbox 190 3233 249 3294; x_wconf 90' lang='lat' dir='ltr'><strong>Sed</strong></span> <span class='ocrx_word' id='word_1_307' title='bbox 274 3236 302 3293; x_wconf 91' lang='lat' dir='ltr'><strong>in</strong></span> <span class='ocrx_word' id='word_1_308' title='bbox 316 3233 360 3292; x_wconf 90' lang='lat' dir='ltr'><strong>his</strong></span> <span class='ocrx_word' id='word_1_309' title='bbox 382 3233 511 3293; x_wconf 92' lang='lat' dir='ltr'><strong>omnibus</strong></span> <span class='ocrx_word' id='word_1_310' title='bbox 531 3252 594 3293; x_wconf 91' lang='lat' dir='ltr'><strong>cum</strong></span> <span class='ocrx_word' id='word_1_311' title='bbox 613 3233 733 3312; x_wconf 88' lang='lat' dir='ltr'><strong>elegans</strong></span> <span class='ocrx_word' id='word_1_312' title='bbox 756 3243 784 3293; x_wconf 90' lang='lat' dir='ltr'><strong>et</strong></span> <span class='ocrx_word' id='word_1_313' title='bbox 800 3241 922 3292; x_wconf 85' lang='lat' dir='ltr'><strong>venusta</strong></span> <span class='ocrx_word' id='word_1_314' title='bbox 939 3232 1064 3309; x_wconf 88' lang='lat' dir='ltr'><strong>exigitur</strong></span> 
     </span>
     <span class='ocr_line' id='line_1_37' title="bbox 63 3316 1062 3396; baseline -0.004 -19"><span class='ocrx_word' id='word_1_315' title='bbox 63 3326 125 3378; x_wconf 87' lang='lat' dir='ltr'><strong>tota</strong></span> <span class='ocrx_word' id='word_1_316' title='bbox 142 3319 305 3396; x_wconf 87' lang='lat' dir='ltr'><strong>expositio,</strong></span> <span class='ocrx_word' id='word_1_317' title='bbox 321 3327 379 3376; x_wconf 93' lang='lat' dir='ltr'><strong>tum</strong></span> <span class='ocrx_word' id='word_1_318' title='bbox 394 3318 423 3377; x_wconf 91' lang='lat' dir='ltr'><strong>id</strong></span> <span class='ocrx_word' id='word_1_319' title='bbox 441 3317 655 3378; x_wconf 82' lang='lat' dir='ltr'><strong>festivissimum</strong></span> <span class='ocrx_word' id='word_1_320' title='bbox 670 3328 731 3394; x_wconf 87' lang='lat' dir='ltr'><strong>est,</strong></span> <span class='ocrx_word' id='word_1_321' title='bbox 750 3319 826 3396; x_wconf 93' lang='lat' dir='ltr'><strong>quod</strong></span> <span class='ocrx_word' id='word_1_322' title='bbox 841 3316 937 3376; x_wconf 86' lang='lat' dir='ltr'><strong>adiicit</strong></span> <span class='ocrx_word' id='word_1_323' title='bbox 954 3324 1062 3374; x_wconf 89' lang='lat' dir='ltr'><strong>orator.</strong></span> 
     </span>
     <span class='ocr_line' id='line_1_38' title="bbox 63 3398 1106 3479; baseline -0.006 -17"><span class='ocrx_word' id='word_1_324' title='bbox 63 3400 137 3462; x_wconf 86' lang='lat' dir='ltr'><strong>Nam</strong></span> <span class='ocrx_word' id='word_1_325' title='bbox 155 3411 183 3461; x_wconf 90' lang='grc' dir='ltr'><strong>ει</strong></span> <span class='ocrx_word' id='word_1_326' title='bbox 203 3420 218 3461; x_wconf 91' lang='lat' dir='ltr'><strong>a</strong></span> <span class='ocrx_word' id='word_1_327' title='bbox 237 3399 381 3461; x_wconf 79' lang='lat' dir='ltr'><strong>Cicerone</strong></span> <span class='ocrx_word' id='word_1_328' title='bbox 396 3402 440 3460; x_wconf 91' lang='lat' dir='ltr'><strong>sic</strong></span> <span class='ocrx_word' id='word_1_329' title='bbox 456 3411 500 3461; x_wconf 89' lang='lat' dir='ltr'><strong>est</strong></span> <span class='ocrx_word' id='word_1_330' title='bbox 515 3401 639 3462; x_wconf 86' lang='lat' dir='ltr'><strong>Fabricii</strong></span> <span class='ocrx_word' id='word_1_331' title='bbox 655 3404 723 3479; x_wconf 85' lang='lat' dir='ltr'><strong>iuga</strong></span> <span class='ocrx_word' id='word_1_332' title='bbox 740 3402 789 3461; x_wconf 94' lang='lat' dir='ltr'><strong>illa</strong></span> <span class='ocrx_word' id='word_1_333' title='bbox 806 3401 939 3461; x_wconf 90' lang='lat' dir='ltr'><strong>condita:</strong></span> <span class='ocrx_word' id='word_1_334' title='bbox 953 3398 1106 3477; x_wconf 70' lang='lat' dir='ltr'><strong>[rapuero</strong></span> 
     </span>
     <span class='ocr_line' id='line_1_39' title="bbox 64 3484 1063 3565; baseline -0.002 -18"><span class='ocrx_word' id='word_1_335' title='bbox 64 3505 136 3547; x_wconf 81' lang='lat' dir='ltr'><strong>cnm</strong></span> <span class='ocrx_word' id='word_1_336' title='bbox 151 3487 349 3549; x_wconf 80' lang='lat' dir='ltr'><strong>callidissime</strong></span> <span class='ocrx_word' id='word_1_337' title='bbox 363 3505 396 3547; x_wconf 81' lang='lat' dir='ltr'><strong>se</strong></span> <span class='ocrx_word' id='word_1_338' title='bbox 408 3493 533 3565; x_wconf 77' lang='lat' dir='ltr'><strong>potor-et</strong></span> <span class='ocrx_word' id='word_1_339' title='bbox 547 3487 661 3563; x_wconf 80' lang='lat' dir='ltr'><strong>dicere,</strong></span> <span class='ocrx_word' id='word_1_340' title='bbox 684 3494 712 3548; x_wconf 88' lang='grc' dir='ltr'><strong>ει</strong></span> <span class='ocrx_word' id='word_1_341' title='bbox 728 3506 796 3547; x_wconf 84' lang='lat' dir='ltr'><strong>oum</strong></span> <span class='ocrx_word' id='word_1_342' title='bbox 812 3487 866 3548; x_wconf 76' lang='lat' dir='ltr'><strong>itta</strong></span> <span class='ocrx_word' id='word_1_343' title='bbox 880 3484 975 3546; x_wconf 82' lang='lat' dir='ltr'><strong>aerbo</strong></span> <span class='ocrx_word' id='word_1_344' title='bbox 987 3502 1063 3564; x_wconf 77' lang='lat' dir='ltr'><strong>gra-</strong></span> 
     </span>
    </p>
   </div>
   <div class='ocr_carea' id='block_1_3' title="bbox 0 8 1288 4026">
    <p class='ocr_par' dir='ltr' id='par_1_3' title="bbox 0 8 1288 4026">
     <span class='ocr_line' id='line_1_40' title="bbox 0 8 1288 4026; baseline 0 0"><span class='ocrx_word' id='word_1_345' title='bbox 0 8 1288 4026; x_wconf 95' lang='lat' dir='ltr'><strong> </strong></span> 
     </span>
    </p>
   </div>
  </div>
 </body>
</html>
