2566 4026
158 161 217 223 150
472 173 836 232 u.rna.ournn1n1nnr

114 329 253 408 ttplures
275 327 476 388 iudicationes.
510 323 608 400 Quid?
630 328 738 387 nonin
760 346 848 388 causa
869 327 984 389 Milonis
1005 331 1070 408 ipsa
1087 349 1156 391 con·

154 414 267 472 iectura
281 411 408 472 refertur
424 410 460 470 ad
476 407 664 489 qualitatem?
679 429 744 471 nam
759 413 784 470 si
799 421 844 472 est
859 413 1009 473 insidiatus
1025 412 1156 492 clodius,

154 496 301 574 sequitur,
325 504 356 555 ut
378 504 460 555 recte
481 495 519 553 sit
540 498 665 555 occisus.
716 493 787 557 Cum
808 513 880 556 vero
902 498 931 555 in
950 496 1077 575 aliquam
1096 518 1158 559 rem

154 581 243 640 missa
265 597 353 640 causa
372 596 522 641 recessum
544 589 589 639 est
612 581 834 658 aquaestione,
860 598 936 660 quae
956 591 1033 642 erat:
1059 592 1089 643 et
1111 583 1158 645 bic

155 666 311 725 constituta
327 665 477 742 quaestio,
496 661 545 722 nbi
562 664 698 724 iudicatio
714 664 768 723 est.

113 757 147 811 18
237 747 355 809 Paulum
376 749 404 806 in
425 746 469 808 his
491 765 591 806 secum
614 749 699 807 etiarn
720 746 826 808 Cicero
849 749 991 810 dissentit.
1033 748 1107 810 Nam
1129 752 1157 810 in

156 831 322 893 Rhetoricis
344 830 604 910 (quemadmodum
619 850 706 910 supra
725 832 808 912 dixi)
830 832 1029 911 Hermagoran
1049 843 1095 894 est
1111 853 1157 895 se·

157 925 254 984 cutus;
278 917 307 974 in
322 914 441 993 Topicis
457 933 495 974 ex
510 923 586 974 statu
600 915 735 977 effectam
752 918 966 978 contentionem
983 912 1158 999 κρινόμενον

156 1001 318 1076 existimat,
339 999 425 1077 idque
446 998 601 1074 Trebatio,
618 1000 665 1077 qui
680 1001 749 1059 iuris
768 1010 831 1061 erat
847 1001 1007 1078 consultus,
1025 1001 1157 1062 alludens

156 1100 219 1162 quo
235 1085 274 1144 de
291 1103 327 1146 re
341 1085 445 1162 agitur
461 1082 605 1161 appellat;
622 1082 725 1161 quibus
742 1083 771 1144 id
788 1085 984 1161 contineatur,
1001 1087 1157 1148 continen-

155 1169 210 1245 tia,
225 1168 316 1246 quast
328 1167 523 1245 firmamento
538 1168 733 1244 defensionis,
750 1168 860 1247 quibua
873 1170 1004 1231 sublatis
1020 1170 1158 1248 defensio

114 1252 239 1321 19aulla
252 1252 311 1323 eit,·
325 1259 354 1310 at
368 1253 396 1311 in
411 1249 613 1311 Partitionibus
627 1252 762 1312 oratoriis
778 1251 1061 1329 firmamentum,
1081 1252 1159 1332 quod

157 1335 314 1414 opponitur
337 1335 516 1402 defensioni;
546 1336 612 1412 quia
634 1337 844 1412 continens,
868 1336 945 1414 quod
965 1339 1087 1416 primum
1109 1339 1157 1413 sit,

156 1418 192 1480 ab
214 1427 387 1481 accusatore
408 1418 535 1494 dicatur,
558 1421 657 1479 ratio
678 1438 694 1479 a
715 1436 784 1494 reo,
810 1438 848 1480 ex
869 1422 990 1479 rationis
1015 1430 1044 1480 et
1065 1420 1157 1481 firma-

155 1505 243 1564 menti
261 1505 432 1582 quaestione
455 1503 686 1580 disceptatio
708 1505 746 1562 sit
768 1502 1053 1564 iudicationum.

239 1586 346 1647 Verius
366 1589 453 1664 igitur
474 1595 503 1645 et
518 1586 635 1646 brevius
650 1587 695 1662 hi,
720 1587 768 1664 qui
789 1596 893 1646 statum
914 1597 943 1647 et
962 1590 1113 1648 continens
1130 1597 1159 1648 et

155 1672 360 1732 iudicationem
382 1689 450 1730 esse
471 1669 640 1737 voluerunt;
665 1672 816 1730 continens
836 1681 931 1731 autem
948 1672 977 1732 id
994 1690 1079 1748 esse,
1101 1689 1158 1751 quo

119 1754 269 1816 20sublato
286 1755 321 1814 lis
339 1773 407 1814 esse
423 1770 480 1813 non
495 1755 598 1832 possit.
628 1753 692 1813 Hoc
706 1753 773 1814 milri
785 1754 918 1815 videntur
929 1765 1080 1836 utramque
1092 1774 1157 1816 cau·

156 1857 218 1901 sam
241 1838 403 1917 complexi,
419 1846 449 1897 et
465 1836 544 1917 quod
561 1834 683 1898 Orestes
700 1847 820 1897 matrem
834 1848 864 1898 et
881 1839 959 1918 qnod
977 1838 1158 1915 Clytaemne-

157 1932 216 1984 stra
232 1923 478 2000 Agamemnonem
493 1922 643 1982 oooiderit.
680 1920 770 1982 Iidem
789 1922 992 1984 iudicationem
1012 1933 1042 1982 et
1056 1933 1159 1983 statum

157 2009 324 2067 consentire
339 2024 456 2086 semper
471 2006 685 2082 existimarunt,
701 2025 796 2085 neque
817 2009 891 2067 enim
907 2007 984 2069 aliud
1000 2025 1100 2068 eorum
1115 2025 1159 2066 ra·

157 2093 228 2150 tioni
246 2091 423 2150 conveniens
442 2089 555 2149 luisset.

115 2187 149 2240 21
240 2173 350 2234 Verum
366 2173 440 2235 haec
456 2173 591 2235 affectata
609 2173 752 2235 subtilitas
771 2176 849 2235 circa
864 2178 978 2237 nomina
992 2192 1089 2235 rerum
1102 2191 1159 2234 am·

155 2257 262 2318 bitiose
283 2257 413 2334 laborat,
435 2276 452 2318 a
474 2256 558 2318 nobis
580 2258 610 2316 in
629 2257 687 2318 boc
708 2268 854 2338 assumpta
869 2261 979 2338 solnm,
1000 2277 1037 2320 ne
1060 2275 1160 2337 parum

157 2341 313 2420 diligenter
327 2343 483 2421 inquisisse
499 2341 535 2401 de
552 2358 655 2421 opere,
672 2343 751 2422 quod
767 2346 902 2421 aggressi
919 2362 1027 2421 sumus,
1045 2342 1160 2402 videre·

157 2445 234 2497 mur;
259 2426 419 2505 simplicius
441 2435 538 2488 autem
557 2427 716 2488 instituenti
738 2444 794 2488 non
817 2436 861 2487 est
881 2446 1007 2489 necesse
1029 2445 1083 2506 per
1104 2436 1162 2486 tarn

114 2523 149 2576 22
158 2512 279 2571 minutas
297 2528 395 2570 rerum
417 2509 577 2589 particulas
594 2512 734 2572 rationem
752 2510 875 2571 docendi
891 2512 1058 2571 concidere.
1096 2509 1160 2582 Quo

157 2596 227 2655 vitio
243 2594 324 2655 multi
340 2594 456 2674 quidem
473 2595 652 2670 laborarunt,
669 2595 828 2672 praecipue
841 2602 937 2652 tamen
952 2592 1159 2667 Hermagoras,

156 2680 202 2738 vir
217 2678 327 2757 alioqui
342 2678 456 2738 subtilis
472 2686 502 2736 et
516 2678 545 2735 in
559 2676 688 2754 plurimis
705 2674 896 2750 admirandus,
913 2683 1021 2734 tantum
1038 2673 1159 2749 diligen-

157 2763 216 2823 tiae
231 2763 347 2822 nimium
361 2761 524 2836 sollicitae,
549 2766 580 2818 ut
595 2759 658 2838 ipsa
674 2761 736 2818 eius
754 2757 945 2838 reprehensio
961 2756 1047 2817 laude
1063 2754 1160 2833 aliqua

115 2857 215 2910 aaron
237 2846 352 2923 indigna
378 2845 424 2904 sit.
469 2843 551 2904 Haec
572 2851 669 2902 autern
687 2841 807 2902 brevior
827 2849 857 2901 et
876 2840 926 2901 vel
946 2841 1014 2901 ideo
1037 2839 1161 2901 lucidior

159 2929 249 2990 multo
265 2932 312 2989 via
326 2945 423 3007 neque
438 2927 598 2987 discentem
614 2943 668 3004 per
683 2924 821 3003 ambages
836 2923 968 3002 fatigabit
983 2943 1038 2984 nec
1054 2940 1160 3001 corpus

160 3015 299 3073 orationis
320 3014 348 3073 in
370 3029 461 3091 parva
480 3018 623 3071 momenta
652 3010 783 3072 ducendo
812 3018 971 3069 consumet.
1015 3007 1087 3068 Nam
1114 3007 1162 3085 qui

159 3096 281 3172 viderit,
303 3095 370 3173 quid
386 3096 439 3170 sit,
463 3094 540 3173 quod
557 3094 585 3153 in
601 3094 830 3154 controversiam
844 3093 960 3168 veniat,
982 3091 1050 3170 quid
1075 3093 1103 3151 in
1124 3108 1161 3152 eo

161 3186 191 3237 et
206 3197 261 3256 per
282 3197 357 3258 quae
371 3178 443 3238 velit
459 3177 578 3239 elllcere
593 3194 661 3255 pars
677 3176 809 3252 diversa,
827 3176 895 3255 quid
909 3185 1024 3251 nostra,
1042 3177 1119 3255 quod
1135 3179 1163 3235 in

161 3262 261 3340 primis
277 3271 323 3322 est
335 3262 515 3323 intuendum:
534 3260 604 3321 nibil
620 3277 719 3322 eorum
734 3261 887 3338 ignorare,
904 3259 940 3320 de
956 3259 1059 3340 quibus
1076 3279 1163 3340 supra

120 3344 295 3421 addiximus,
311 3348 430 3424 poterit.
461 3344 565 3425 Neque
581 3355 627 3406 est
640 3345 705 3405 lere
720 3346 872 3424 quisquam
885 3345 972 3406 modo
985 3361 1042 3404 non
1058 3345 1163 3405 stultus

165 3437 251 3509 atque
269 3426 305 3489 ab
321 3430 396 3490 omni
417 3447 538 3509 prorsus
553 3447 607 3489 usu
628 3429 741 3491 dicendi
762 3437 907 3506 remotus,
935 3430 1002 3508 quin
1023 3431 1112 3506 sciat,
1134 3434 1163 3486 et
