2566 4026
380 187 469 235 INST.
483 187 632 237 ORATOR.
644 188 712 235 LIB.
725 183 841 253 vt11,3.
1075 180 1115 241 57

113 362 218 419 seusu,
243 341 299 401 alia
314 349 446 419 reperta,
474 357 549 417 qnae
571 359 608 400 ex
630 341 674 400 his
694 341 771 400 lacta
796 351 874 411 sunt;
905 352 935 403 ut
955 344 1011 404 iam
1031 345 1114 405 nobis

112 444 226 506 ponere
249 425 322 499 alia,
347 441 431 502 quam
451 440 524 500 qnae
550 423 592 482 illi
613 423 700 485 rudes
722 424 852 485 homines
874 428 1015 505 primique
1035 430 1114 489 lece·

113 519 195 585 runt,
220 510 264 569 las
286 509 410 566 nonsit:
437 515 466 565 at
483 507 631 583 derivare,
655 507 794 583 flectere,
819 511 1013 588 coniungere,
1036 512 1115 590 quod

114 595 189 654 natis
215 600 318 671 postea
342 607 515 651 eoncessum
537 599 596 666 est,
622 591 734 668 quando
759 593 843 652 desiit
865 591 977 653 licere?
1016 594 1069 669 Et,
1090 597 1156 660 si3'l

115 677 184 756 quid
210 674 403 754 periculosius
429 674 547 733 linxisse
578 673 754 750 videbimur,
782 675 951 753 quibusdam
979 678 1114 738 remediis

114 756 368 839 praemuniendum
389 765 447 817 est:
466 754 504 819 Ut
517 759 562 818 ito
577 758 689 834 dicum,
706 758 739 819 Si
753 760 823 820 licet
839 761 955 837 dicere,
976 760 1116 834 Quodam

112 845 213 919 modo,
230 842 394 903 Permittite
407 840 481 901 milti
494 842 539 902 oio
555 843 610 902 uti.
643 840 727 914 Quod
745 841 820 901 idem
831 845 916 904 etiam
931 845 959 903 in
976 846 1022 921 iis,
1039 863 1114 923 quae

114 928 248 988 licentius
265 924 402 985 translata
418 932 510 999 erunt,
526 924 667 1002 proderit,
683 924 810 1004 nihilque
826 943 884 986 non
898 935 959 987 tuto
976 927 1033 988 dici
1050 937 1114 1007 pot.-

115 1020 179 1086 est,
200 1012 229 1068 iu
246 1026 304 1087 quo
322 1026 379 1068 non
394 1007 457 1066 falli
473 1008 606 1068 iudicium
624 1016 752 1068 nostrum
767 1010 962 1071 sollieitudine
976 1014 1040 1090 ipsa
1057 1030 1115 1072 ma·

113 1095 249 1154 nilestum
266 1095 329 1152 erit.
362 1091 425 1165 Qua
440 1091 475 1150 de
491 1109 523 1150 re
542 1090 684 1151 Graecum
707 1091 777 1152 illud
797 1094 1042 1171 elegantissimum
1058 1104 1113 1170 est,

115 1194 173 1256 qno
188 1178 366 1257 praecipitur
381 1168 624 1254 προεπιπλήσσειν
638 1178 673 1258 τῇ
687 1167 843 1259 ὑπερβολῇ.

201 1259 351 1320 Translata
368 1257 485 1336 probari
496 1259 550 1316 nisi
565 1260 593 1317 iu
606 1267 742 1319 contextu
754 1261 896 1320 sermonis
911 1279 968 1321 non
980 1270 1156 1341 possuntbtt

114 1343 215 1422 ltaque
240 1344 277 1404 de
298 1343 419 1419 singulis
441 1340 538 1400 verbis
563 1344 632 1401 satis
655 1341 778 1419 dictum,
803 1361 894 1422 quae,
915 1354 947 1404 ut
971 1345 1028 1405 alio
1045 1344 1112 1405 loco

115 1428 245 1502 ostendi,
269 1444 323 1505 per
343 1445 376 1485 se
401 1425 507 1484 nullam
530 1426 664 1485 virtutem
684 1426 799 1486 habent.
847 1428 906 1488 Sed
925 1447 962 1488 ne
983 1429 1114 1489 inornata

114 1520 179 1571 sunt
196 1512 327 1589 quidem,
343 1511 397 1568 nisi
414 1527 477 1569 cunr
496 1519 560 1568 sunt
574 1509 647 1570 iufra
659 1511 718 1585 rei,
743 1511 779 1571 de
795 1528 851 1589 qua
866 1511 1041 1590 loquendum
1057 1521 1113 1587 est,

115 1596 292 1673 dignitatem,
311 1601 437 1671 excepto
457 1594 482 1651 si
498 1592 627 1653 obscena
648 1593 730 1652 nudis
745 1594 906 1654 nominibus
922 1597 1112 1655 enuntientur.

116 1678 201 1753 Quod
216 1678 350 1753 viderint,
368 1679 488 1754 quinon
503 1685 602 1754 putant
619 1695 687 1736 esse
704 1679 830 1755 vitanda,
849 1681 915 1757 quia
929 1697 985 1738 nec
1001 1681 1038 1738 sit
1055 1685 1157 1741 vox39

115 1761 175 1822 ulla
190 1771 290 1822 natura
306 1762 416 1840 turpis,
436 1769 465 1819 et
482 1762 506 1819 si
526 1778 582 1838 qua
597 1761 699 1820 estrei
715 1761 898 1840 deformitas,
920 1763 976 1823 alia
996 1779 1114 1840 quoque

115 1845 312 1925 appellatione
337 1862 507 1923 quacunque
534 1844 570 1904 ad
589 1843 768 1905 intellectum
789 1845 910 1905 cundem
932 1846 1114 1908 nibilominus

115 1931 275 2010 perveniat.
311 1928 376 2006 Ego
392 1926 513 1987 Romani
528 1928 647 2007 pudoris
664 1945 746 1988 more
761 1938 930 2006 sordemus,
951 1938 983 1989 ut
999 1931 1054 1989 iam
1068 1948 1113 1989 re-

115 2014 219 2093 spondi
234 2012 350 2087 talibus,
365 2011 569 2071 verecundiam
584 2012 698 2071 silentio
709 2012 873 2073 vindicabo.

201 2096 260 2156 lam
282 2097 347 2156 hinc
369 2097 455 2171 igitur
477 2094 513 2154 ad
535 2097 675 2154 rationem
705 2097 890 2155 sermonis
919 2096 1158 2160 coniuncti40

117 2191 306 2240 transeamus.
348 2177 436 2238 Cuius
469 2187 586 2238 ornatus
612 2179 640 2236 in
669 2178 743 2238 haee
769 2180 825 2239 duo
852 2182 943 2258 prima
970 2180 1114 2255 dividitur,

116 2282 201 2342 quam
219 2264 414 2340 concipiamus
431 2261 641 2336 elocutionem,
668 2278 724 2338 quo
744 2262 830 2322 modo
848 2261 1011 2322 elleramus.
1041 2261 1115 2322 Nam

116 2349 236 2427 primum
254 2355 308 2421 est,
325 2354 355 2404 ut
371 2346 490 2424 liqueat,
504 2362 612 2420 augere
625 2344 692 2421 quid
706 2345 828 2404 uelimus
841 2362 876 2405 an
888 2347 1027 2419 minuere,
1045 2362 1113 2404 oon-

116 2433 203 2491 eitate
225 2431 324 2490 dicere
346 2447 382 2488 an
402 2429 567 2502 moderate,
590 2428 667 2487 lacte
688 2445 723 2487 an
740 2446 861 2504 seuere,
888 2427 1065 2488 abundanter
1079 2446 1115 2488 an

116 2531 236 2593 presse,
260 2530 365 2590 aspere
389 2530 424 2571 an
441 2512 562 2586 leniter,
587 2510 737 2588 magnifice
754 2530 789 2572 an
803 2511 963 2587 subtiliter,
987 2513 1116 2589 graviter

117 2616 152 2657 an
168 2596 285 2656 urbane.
325 2595 413 2671 Tum,
440 2611 497 2673 quo
518 2595 712 2654 translationis
728 2614 856 2672 genere,
879 2594 981 2673 quibus
1004 2595 1155 2671 liguris,ll

117 2680 249 2759 qualibus
265 2681 425 2754 sententiis,
443 2695 499 2757 quo
515 2679 612 2755 modo,
629 2696 685 2756 qua
699 2688 847 2758 postremo
865 2678 1059 2738 collocatione
1074 2678 1114 2754 id,

117 2764 194 2845 quod
210 2765 390 2839 intendimus,
408 2763 527 2823 efficere
543 2763 696 2840 possImus.

202 2846 339 2907 Ceterum
355 2846 491 2922 dicturus,
509 2845 611 2924 quibus
628 2855 745 2906 ornetur
763 2847 866 2922 oratio,
882 2848 962 2925 prius
979 2863 1023 2920 ea,
1042 2863 1116 2923 quae

118 2940 183 2990 suut
208 2931 275 2990 huie
307 2931 449 2989 contraria
471 2930 564 3005 laudi,
587 2931 736 3006 attingam;
758 2947 822 2988 nam
843 2931 933 3009 prima
956 2932 1047 2989 virtus
1071 2935 1117 2987 est

117 3017 187 3073 vitio
205 3032 316 3074 carere.
347 3013 437 3089 lgitur
453 3021 518 3072 ante
537 3014 631 3072 omnia
646 3031 682 3071 ne
697 3031 848 3090 speremus
866 3023 994 3073 ornatam
1010 3013 1158 3074 oratio-42

118 3115 185 3157 nem
200 3098 275 3173 iore,
292 3114 366 3174 quae
385 3095 596 3174 probabilis
612 3113 669 3155 non
686 3098 748 3156 erit.
786 3096 941 3157 Probabile
958 3105 1053 3156 autem
1069 3093 1116 3154 Gi·

120 3197 189 3240 cero
205 3180 233 3240 id
249 3199 341 3258 genus
359 3180 437 3254 dicit,
456 3180 533 3257 quod
549 3196 605 3238 non
620 3179 685 3257 plus
702 3181 831 3240 minusve
847 3190 903 3257 est,
922 3199 1005 3258 qnam
1020 3179 1115 3239 decet.

118 3263 184 3324 Nou
206 3267 271 3342 quia
295 3264 369 3324 comi
392 3264 576 3342 expolirique
596 3280 653 3323 uon
676 3263 795 3333 debeat;
813 3282 878 3330 nam
898 3273 927 3323 et
943 3264 1017 3323 baec
1033 3280 1117 3323 orna·

119 3357 165 3408 tus
182 3366 249 3426 pars
268 3357 328 3417 est;
350 3347 403 3407 sed
425 3348 490 3424 quia
504 3349 603 3406 vitium
622 3356 667 3407 est
681 3347 804 3425 ubique,
831 3347 908 3425 quod
929 3348 1043 3406 nimium
1061 3355 1116 3406 est.

119 3428 222 3509 ltaque
236 3431 299 3491 vult
317 3449 384 3491 esse
400 3432 600 3491 auctoritatem
624 3432 652 3489 in
668 3430 784 3508 verbis,
806 3433 963 3491 sententias
984 3430 1033 3490 vel
1054 3428 1160 3508 gra-43
