2566 4026
327 146 592 203 aucupatam.
614 152 684 201 ura.
708 153 738 218 1,
767 150 810 204 12.
1032 141 1073 203 57

62 317 211 372 moventur
235 326 294 368 nec
324 325 378 369 suo
407 308 470 368 nisu
491 307 592 370 studiis
615 307 750 367 insistunt
775 310 828 371 sed
848 307 1017 369 formandos
1039 328 1073 371 se

62 392 258 456 tautummodo
283 401 448 471 praestant,
469 410 527 453 non
547 391 680 451 similiter
702 391 868 470 fatigantur.
914 391 1110 465 Praeterearl

62 477 221 540 secundum
245 476 331 536 aliam
348 478 451 537 aetatis
468 476 545 536 illius
565 475 734 536 facilitatem
750 476 830 536 velut
844 477 1005 557 simplicius
1021 478 1072 539 do·

63 573 158 625 centes
182 569 349 641 sequuntur
363 579 434 638 aec,
457 578 532 639 quae
554 561 610 620 iam
625 561 755 638 egerint,
777 562 942 621 metiuntur.
978 563 1072 624 Abest

62 648 112 709 illis
137 647 239 708 adbuc
267 645 353 706 etiarn
383 643 492 705 laboris
520 643 665 703 iudicium.
711 644 821 721 Porro,
847 655 877 704 ut
904 646 1074 726 frequenter

63 733 173 812 experti
192 747 311 806 sumus,
330 730 421 789 miuus
439 729 529 790 allicit
548 745 651 788 sensus
670 727 802 805 fatigatio
817 746 902 807 quam
921 732 1071 808 cogitatio.

140 815 206 877 Sed
229 832 267 874 ne
292 815 433 893 temporis
456 812 571 891 quidem
591 831 714 890 unquam
739 813 805 892 plus
833 815 903 890 erit,
933 815 1000 894 quia
1027 817 1116 878 bislt

63 900 204 962 aetatibus
230 899 322 959 omnis
341 900 370 957 in
387 897 528 958 audiendo
551 897 703 976 proiectus
725 905 779 956 est.
826 895 897 957 (lum
919 899 955 959 ad
978 901 1074 961 stilum

63 986 201 1058 secedet,
228 1001 293 1043 cum
313 981 466 1060 generabit
485 982 550 1061 ipse
571 981 679 1060 aliquid
700 989 787 1058 atque
814 991 987 1061 componet:
1016 993 1074 1044 tum

62 1070 202 1130 inchoare
221 1067 297 1127 baec
315 1067 408 1127 studia
431 1066 480 1126 vel
499 1083 557 1126 nou
574 1065 691 1125 vacabit
711 1064 760 1125 vel
775 1082 833 1127 aon
849 1066 960 1127 libebit.
992 1067 1073 1147 Ergo
1083 1077 1117 1131 13

62 1173 120 1215 tum
144 1151 357 1232 grammaticus
372 1159 463 1210 totum
487 1167 635 1228 occupare
657 1149 733 1209 diem
755 1166 812 1209 norr
834 1153 929 1229 possit
948 1169 1004 1211 uec
1025 1153 1074 1214 de·

62 1239 140 1312 beat,
159 1255 201 1296 ue
221 1236 360 1296 discentis
374 1236 496 1295 animum
513 1233 611 1295 taedio
632 1243 760 1294 avertat:
781 1233 884 1312 quibus
901 1237 999 1314 potius
1015 1246 1073 1297 stu-

62 1323 109 1383 diis
134 1321 217 1382 baec
238 1329 401 1399 temporum
422 1319 504 1379 velut
526 1318 673 1379 subsiciva
694 1316 884 1379 donabimus?
927 1319 1001 1380 Nam
1020 1331 1118 1386 necle

63 1425 114 1486 ago
133 1405 293 1467 comminui
314 1403 477 1465 studentem
493 1405 522 1461 in
533 1403 578 1463 his
594 1403 725 1482 partibus
736 1402 818 1480 volo,
839 1420 895 1464 nec
909 1404 1075 1467 moduletur

62 1501 105 1552 aut
122 1490 248 1550 musicis
262 1489 339 1548 notis
357 1489 470 1548 cantica
489 1488 627 1565 excipiat,
646 1505 703 1548 neo
720 1487 819 1565 utique
835 1488 871 1548 ad
887 1489 1074 1551 minutissima

61 1593 151 1654 usque
176 1573 360 1652 geometriae
382 1589 473 1651 opera
493 1572 662 1649 descendat,
686 1587 744 1632 non
762 1572 934 1633 comoedum
956 1575 985 1633 iu
1006 1592 1073 1655 pro·

61 1658 219 1720 nuntiando
240 1675 295 1716 nec
314 1657 483 1717 saltatorem
502 1658 533 1716 in·
550 1665 636 1734 gestu
651 1656 746 1724 iacio;
765 1673 841 1734 quae
860 1658 884 1716 si
903 1660 997 1719 omnia
1013 1660 1073 1719 exi·

62 1762 173 1822 geram,
199 1739 405 1821 suppeditabat
423 1750 518 1802 tamen
539 1749 662 1820 tempus.
708 1738 808 1818 Longa
824 1751 868 1801 est
887 1743 972 1818 enim,
1000 1762 1075 1822 quae

62 1829 163 1903 discit,
191 1835 293 1901 aetas,
318 1834 347 1885 et
372 1842 430 1903 ego
449 1825 558 1886 nonde
580 1825 670 1887 tardis
692 1826 817 1903 ingeniis
840 1826 955 1904 loquor.
987 1826 1116 1891 bant-ra

63 1931 117 1992 que
136 1930 193 1972 cur
211 1912 241 1969 in
260 1910 305 1970 bis
322 1910 469 1986 omuibus,
494 1927 569 1989 quae
591 1909 730 1971 discenda
750 1911 859 1970 oratori
879 1911 976 1970 iuturo
992 1921 1073 1990 puto,

63 1997 181 2057 eminuit
197 1994 293 2071 Plato,
315 1995 364 2074 qui
377 2012 436 2054 non
456 2003 608 2056 contentus
632 1994 803 2073 disciplinis,
827 2012 899 2074 quas
923 2004 1075 2074 praestare

63 2089 201 2160 poterant
226 2079 371 2154 Athenae,
396 2085 454 2139 uon
475 2078 738 2156 Pythagoreorum,
764 2079 799 2139 ad
822 2096 895 2158 quos
918 2080 947 2138 in
964 2078 1076 2140 ltaliam

64 2168 272 2243 navigaverat,
297 2164 427 2243 Aegypti
445 2181 562 2243 quoque
580 2163 754 2224 sacerdotes
778 2163 846 2223 adiit
867 2171 954 2242 atque
975 2182 1075 2224 eorum

65 2267 170 2310 aroana
189 2244 367 2326 perdidicit?

146 2331 337 2393 Difficultatis
360 2333 521 2411 patrocinia
546 2333 743 2409 praeteximus
772 2333 925 2410 segnitiae.
971 2331 1075 2412 Neque
1085 2343 1119 2399 16

65 2421 138 2479 enim
162 2416 249 2476 nobis
273 2417 373 2495 operis
397 2433 479 2477 amor
506 2425 562 2493 est,
585 2434 652 2493 nec,
676 2416 743 2495 quia
765 2417 802 2476 sit
824 2416 948 2476 bouesta
971 2435 1006 2477 ac
1028 2435 1075 2476 re·

65 2521 125 2563 rum
143 2500 343 2582 pulcherrima
364 2500 549 2580 eloquentia,
574 2502 682 2580 petitur
701 2501 783 2577 ipsa,
810 2501 864 2560 sed
885 2499 920 2559 ad
942 2500 1078 2560 venalem

64 2605 146 2646 asum
171 2594 200 2646 et
224 2585 373 2646 sordidum
395 2585 507 2645 lucrum
529 2585 716 2662 accingimur.
762 2582 868 2642 Dicant
896 2583 959 2641 sine
981 2584 1026 2642 bis
1049 2586 1118 2646 iuli

66 2670 129 2730 foro
144 2668 227 2730 multi
248 2678 278 2728 et
296 2669 456 2748 acquirant,
480 2669 546 2730 dum
568 2670 605 2729 sit
623 2666 801 2746 locupletior
817 2665 920 2746 aliquis
941 2667 1077 2727 sordidae

66 2757 171 2815 mercis
195 2755 365 2831 negotiator
392 2763 421 2814 et
440 2754 506 2833 plus
531 2754 599 2812 voci
619 2770 690 2812 suae
711 2751 817 2811 debeat
848 2767 969 2831 praeco.
1014 2749 1078 2810 Neo

66 2840 152 2900 velim
173 2837 291 2918 quidem
310 2837 451 2899 lectorem
470 2837 532 2899 dari
550 2837 634 2914 mihi,
657 2836 725 2915 quid
741 2836 836 2897 studia
852 2834 981 2895 reicrant
1000 2852 1078 2895 oom-

66 2932 241 3001 putaturum.
288 2921 344 2995 Qui
370 2940 441 2984 vero
468 2922 621 3000 imagInem
648 2921 742 3001 ipsam
769 2920 955 2997 eloquentiae
982 2898 1082 2980 diviad
1088 2927 1122 2984 18

67 3007 189 3087 quadam
211 3015 311 3067 mente
336 3007 522 3085 conceperit,
554 3007 662 3086 quique
684 3004 763 3066 illam
787 3004 834 3084 (ut
855 3005 894 3064 ait
916 3021 974 3063 non
996 3003 1078 3081 igno-

66 3092 129 3152 bilis
153 3092 304 3172 tragicus)
327 3092 457 3169 reginam
479 3108 576 3150 rerum
591 3091 753 3154 orationem
770 3097 860 3169 ponet
878 3096 944 3149 ante
963 3088 1078 3166 oculos,

66 3176 251 3256 fructumque
274 3192 333 3235 non
356 3192 394 3236 ex
417 3177 492 3254 stipe
517 3174 739 3235 advocationum
758 3164 821 3234 'sed
845 3191 881 3232 ex
905 3173 998 3233 animo
1025 3189 1078 3233 suo

66 3271 93 3322 et
116 3260 370 3341 contemplatione
392 3277 427 3320 ac
450 3259 574 3319 scientia
595 3268 693 3338 petet,
725 3265 898 3338 perpetuum
921 3257 1001 3319 illum
1023 3275 1080 3317 nec

65 3346 200 3407 fortunae
219 3343 400 3405 subiectum:
419 3343 508 3405 facile
519 3342 707 3422 persuadebit
719 3341 785 3419 sibi,
805 3350 835 3401 ut
848 3350 990 3421 tempora,
1004 3359 1079 3421 quac

65 3428 264 3510 spectaculis,
296 3444 417 3507 campo,
441 3427 581 3503 tesseris,
611 3427 713 3487 otiosis
736 3426 861 3506 denique
883 3426 1078 3499 sermonibus,
