2566 4026
212 155 271 217 156
379 151 394 183 x
524 168 560 214 ιι.
579 165 896 224 FAB.QU1NT1L1AN1

165 319 424 401 adquaestionibus
437 319 542 396 singuli
554 336 658 377 seusus
673 319 701 377 iu
713 319 893 396 prooemium
912 318 1107 380 conferantur.
1137 321 1209 381 Nam

207 405 257 464 ille
273 420 331 463 non
345 404 402 463 hoc
419 402 504 478 dicit,
522 401 575 461 sed
591 401 627 461 ad
644 403 860 479 potentissimas
879 403 1066 481 quaestiones
1084 404 1209 464 iudicem

206 487 452 567 praeparandum;
472 487 501 544 in
522 501 579 565 quo
603 486 663 543 vitii
686 485 756 545 nihil
782 493 860 559 erat,
882 487 936 544 nisi
954 486 982 544 in
997 487 1164 547 universum
1182 489 1209 549 id
1236 553 1238 557 ,

207 572 411 650 praeciperet,
440 570 517 648 quod
544 586 599 628 nec
626 570 717 627 omnis
744 569 876 648 quaestio
903 570 1010 646 patitur
1035 589 1091 630 nec
1118 573 1209 631 omnis

152 672 295 728 *causa
311 654 469 714 desiderat.
508 651 580 711 Nam
600 654 731 729 protinus
754 653 913 730 apetitore
930 654 1021 731 primo
1039 654 1124 732 loco,
1144 655 1210 715 dum

206 740 306 816 ignota
321 736 408 797 iudici
424 737 460 797 lis
473 744 528 812 est,
543 737 688 813 quomodo
702 754 740 796 ex
755 736 973 815 quaestionibus
989 737 1127 797 ducemus
1143 757 1208 799 sen·

206 817 333 882 tentias?
348 821 478 879 nimirum
494 838 543 878 res
556 829 639 879 erunt
653 819 824 879 indicandae
837 822 926 898 prius.
959 819 1068 880 Demus
1081 821 1207 901 aliquas:

208 905 297 983 (nam
320 903 349 963 id
370 905 470 981 exiget
490 904 564 963 ratio
586 904 809 982 nonnunquam)
839 905 962 964 etiamne
994 906 1209 982 potentissimas

208 1005 326 1064 omnes,
351 988 379 1049 id
401 996 446 1048 est
462 995 551 1047 totam
567 984 703 1046 causam?
727 989 770 1045 sic
792 987 847 1046 erit
866 989 894 1046 iu
916 990 1068 1066 prooemio
1090 999 1209 1066 peracta

166 1072 343 1140 asnarratio.
389 1070 464 1144 Quid
481 1066 576 1130 vero?
597 1071 639 1146 si,
663 1079 693 1130 ut
714 1071 884 1147 frequenter
905 1071 1028 1148 accidit,
1051 1073 1138 1150 paulo
1164 1081 1209 1132 est

207 1157 305 1216 durior
321 1172 424 1214 causa:
449 1172 506 1213 non
523 1154 720 1214 benivolentia
741 1152 842 1214 iudicis
865 1154 990 1233 peteuda
1012 1174 1049 1215 ex
1064 1155 1128 1215 aliis
1144 1175 1208 1235 par-

207 1238 282 1299 tibus
300 1240 364 1314 erit,
383 1237 436 1299 sed
452 1255 509 1298 non
525 1246 590 1298 ante
610 1238 765 1298 conciliato
782 1239 843 1296 eius
861 1240 953 1298 animo
970 1238 1044 1300 nuda
1062 1242 1208 1318 quaestio-

207 1340 273 1382 num
298 1324 491 1382 committetur
517 1318 684 1399 asperitas?
726 1320 807 1395 Quae
835 1323 860 1381 si
887 1331 969 1382 recte
991 1340 1108 1402 semper
1128 1325 1207 1382 initio

165 1405 322 1474 aodicendi
345 1414 553 1465 tractarentur:
583 1405 653 1465 nihil
678 1407 831 1482 prooemio
861 1422 934 1485 opus
962 1416 1051 1466 esset.
1102 1407 1208 1485 Aliqua

208 1506 281 1566 ergo
297 1505 509 1567 nonnunquam,
527 1506 601 1566 quae
617 1498 700 1548 eruut
716 1488 751 1548 ad
764 1489 974 1551 conciliandum
987 1490 1071 1551 nobis
1085 1491 1207 1551 iudicem

207 1573 417 1651 potentissima,
433 1588 491 1631 non
508 1572 646 1631 inutiliter
661 1573 773 1631 interim
792 1591 830 1632 ex
842 1574 1059 1653 quaestionibus
1077 1577 1105 1634 in
1123 1591 1208 1633 exor-

207 1656 255 1716 dio
273 1654 454 1716 locabuntur.
492 1654 574 1729 Quae
594 1656 649 1715 sint
666 1672 755 1734 porro
772 1657 801 1715 in
817 1658 912 1716 causis
927 1657 1116 1732 favorabilia,
1140 1677 1208 1717 enu-

206 1756 321 1799 merare
337 1756 396 1798 non
414 1748 459 1798 est
475 1757 611 1816 necesse,
629 1740 762 1818 quoniam
774 1749 803 1800 et
817 1740 970 1801 manifesta
982 1750 1074 1816 erunt,
1092 1743 1208 1818 cognita

213 1824 353 1901 cuiusque
371 1824 591 1899 controversiae
607 1822 795 1900 condicione,
815 1833 844 1883 et
859 1826 953 1884 omnia
969 1824 1093 1900 colligi
1085 1843 1113 1883 m
1130 1833 1208 1884 tanta

165 1907 298 1974 atlitium
322 1908 464 1967 varietate
486 1922 543 1966 non
565 1916 696 1985 possunt
742 1906 780 1966 Ut
809 1917 906 1968 autem
933 1909 1035 1969 haec
1027 1911 1156 1968 invenire
1179 1916 1209 1967 et

209 2008 337 2067 augere,
358 1992 397 2050 ita
421 1992 499 2068 quod
521 1990 609 2051 laedit
630 1999 678 2051 aut
699 1993 814 2050 omnino
830 1992 980 2070 repellere
997 1988 1054 2053 au't
1063 1983 1146 2055 certe
1156 1986 1207 2050 mi·

206 2080 309 2171 nuere,
327 2091 364 2133 ex
381 2092 467 2134 causa
480 2078 544 2134 est
584 2073 733 2134 Miseratio
750 2092 873 2174 quoque·
883 2076 1036 2155 aliquando
1054 2095 1091 2136 ex
1107 2077 1208 2137 eadem

44 2202 62 2221 .
165 2152 302 2232 revenit,
326 2158 388 2216 sive
416 2158 484 2237 quid
510 2160 589 2236 passi
615 2176 712 2218 sumus
733 2177 824 2237 grave
849 2160 911 2219 sive
933 2161 1055 2238 passuri
1104 2159 1207 2238 Neque

209 2242 285 2300 enim
300 2258 362 2299 sum
378 2242 407 2300 in
422 2241 477 2301 hac
495 2242 642 2321 opinione,
660 2261 715 2322 qua
731 2243 862 2322 quidam,
877 2252 908 2303 ut
923 2261 959 2304 eo
977 2244 1084 2304 distare
1101 2260 1207 2322 prooe-

207 2325 292 2383 mium
305 2323 341 2384 ab
357 2324 477 2413 epilogo
493 2326 620 2426 credam,
637 2326 735 2406 quod
726 2345 755 2386 rn
768 2327 826 2387 hoc
834 2329 1016 2426 praeterita
1008 2328 1098 2391 millo
1115 2328 1208 2387 lutura

208 2407 351 2477 dicantur;
371 2408 433 2469 sed
456 2409 562 2488 quod
554 2429 583 2469 m
604 2412 738 2488 ingressu
759 2413 876 2488 parcius
900 2421 929 2472 et
951 2412 1109 2472 modestius
1125 2429 1208 2490 prae·

207 2491 370 2571 temptanda
386 2495 423 2552 sit
437 2493 540 2553 iudicis
558 2494 774 2570 misericordia,
791 2495 819 2553 in
839 2495 958 2574 epilogo
974 2512 1046 2555 vero
1063 2495 1150 2555 liceat
1165 2503 1208 2553 to-

206 2583 253 2635 tos
274 2575 424 2636 effundere
449 2577 571 2637 allectus
592 2586 622 2638 et
643 2578 737 2638 fictam
762 2580 923 2638 orationem
938 2578 1057 2638 induere
1073 2579 1207 2654 personis

208 2667 238 2718 et
259 2658 412 2719 defunctos
440 2663 570 2721 excitare
599 2670 628 2720 et
657 2663 779 2740 pignora
797 2678 913 2720 reorum
931 2659 1110 2739 producere;
1132 2675 1207 2736 quae

163 2744 298 2806 adminus
320 2744 348 2802 in
370 2743 496 2802 exordiis
520 2753 585 2803 sunt
611 2746 724 2805 usitata.
763 2744 927 2817 Sedhaec,
944 2761 1018 2821 quae
1035 2741 1207 2820 supradixi,

206 2842 264 2884 non
279 2843 398 2886 movere
415 2836 532 2902 tantum,
549 2845 650 2887 verum
663 2846 701 2887 ex
712 2829 828 2888 diverso
841 2826 952 2886 amoliri
968 2842 1085 2904 quoque
1101 2841 1207 2904 prooe-

206 2911 263 2968 mio
289 2926 363 2988 opus
389 2918 443 2969 est.
482 2909 520 2970 Ut
535 2919 630 2970 autem
642 2919 772 2971 nostrum
785 2909 989 2985 miserabilem,
1008 2911 1031 2968 si
1048 2910 1206 2983 vincamur,

208 2993 330 3052 exitum:
352 2995 391 3052 ita
414 2992 647 3054 adversariorum
668 2993 841 3073 superbum,
865 2995 889 3052 si
910 2994 1047 3069 vicerint,
1069 2992 1140 3052 utile
1163 3000 1208 3050 est

165 3074 297 3136 docredi.
333 3077 392 3137 Sed
418 3094 456 3136 ex
479 3076 523 3137 his
547 3076 679 3157 quoque,
702 3095 777 3156 quae
793 3093 850 3136 non
868 3085 933 3136 sunt
947 3093 1137 3155 personarum
1152 3093 1208 3135 nec

208 3175 369 3234 causarum,
385 3178 486 3220 verum
504 3161 635 3221 adiuncta
651 3163 784 3238 personis
806 3170 836 3220 et
852 3162 958 3236 causis,
974 3161 1040 3220 duci
1056 3162 1208 3239 prooemia

98 3254 101 3261 ’
207 3240 312 3300 solent.
349 3242 486 3304 Personis
508 3243 690 3323 applicantur
709 3261 767 3304 nou
784 3245 907 3323 pignora
923 3244 1021 3321 modo,
1044 3245 1081 3305 de
1105 3245 1207 3323 quibus

207 3341 295 3400 supra
317 3324 393 3401 dixi,
417 3327 470 3388 sed
484 3328 738 3406 propinquitates,
760 3328 918 3405 amicitiae,
941 3330 1054 3389 interim
1070 3331 1207 3407 regiones

209 3407 295 3467 etiam
317 3409 526 3488 civitatesque,
546 3418 576 3470 et
596 3412 620 3469 si
646 3412 713 3490 quid
735 3411 811 3471 aliud
834 3413 895 3472 eius
921 3430 1007 3495 quem
1028 3413 1208 3473 defendimus
