2566 4026
378 198 466 246 ruer.
479 197 630 246 canrosa.
644 197 713 243 urs.
726 195 788 259 x11,
804 192 831 245 5.
844 192 870 245 o.
1067 183 1127 246 253

124 359 270 431 stantiam,
301 353 452 428 fiduciam,
485 352 680 412 fortitudinem
705 349 775 411 nihil
802 368 866 425 ars,
897 350 966 410 nihil
995 351 1127 426 studium,

122 441 191 501 nihil
207 440 358 519 proiectus
375 439 439 517 ipse
456 436 614 516 profuerim
641 444 672 494 ut
688 436 713 494 si
735 432 788 494 des
804 451 882 494 arma
898 433 1003 494 timidis
1026 442 1056 493 et
1077 436 1128 494 im·

123 525 259 586 bellibus.
294 522 401 583 lnvitus
424 518 593 581 mehercule
617 520 700 595 dico,
724 519 858 597 quoniam
879 527 909 578 et
929 518 1013 578 aliter
1034 520 1129 596 accipi

121 618 236 689 potest,
257 610 349 686 ipsam
364 605 587 679 verecundiam,
609 605 706 664 vitium
722 603 837 681 quidem
857 604 911 662 sed
932 600 1074 678 amabile,
1100 611 1130 661 et

121 712 197 773 quae
213 694 335 752 virtutes
359 690 497 751 iacillime
513 697 655 766 generet,
680 705 747 746 esse
763 689 837 747 inter
853 687 992 763 adversa,
1018 685 1127 746 multis·

122 795 179 857 que
201 779 229 836 in
253 793 340 837 causa
356 775 464 850 luisse,
488 783 519 833 ut
535 773 610 834 bona
632 772 740 850 ingenii
755 773 899 851 studiique
915 774 944 831 in
959 771 1054 831 luceru
1071 788 1129 829 non

121 861 235 942 prolata
252 862 306 920 situ
324 861 448 938 quodam
464 859 572 918 secreti
589 861 836 918 consumerentur.
868 856 949 916 Sciat
970 864 1083 931 autern,
1104 856 1157 920 sis

122 947 187 1025 quis
204 945 280 1005 haec
302 945 378 1005 iorte
393 944 486 1003 minus
507 942 602 1002 adhuc
616 942 728 1020 peritus
744 941 938 1018 distinguendi
953 941 1010 1000 vim
1034 940 1127 999 cuius·

120 1049 178 1109 que
193 1029 280 1089 verbi
296 1028 395 1106 leget,
417 1045 474 1087 non
489 1025 664 1105 probitatem
683 1044 698 1085 a
717 1043 763 1084 me
785 1024 962 1103 reprehendi
979 1023 1031 1085 sed
1045 1042 1128 1086 vere·

124 1115 273 1187 cundiam,
301 1130 375 1191 quae
400 1120 445 1170 est
465 1113 550 1171 timor
571 1111 686 1189 quidam
708 1109 854 1169 reducens
879 1111 1000 1169 animum
1021 1109 1056 1169 ab
1080 1111 1127 1186 iis,

121 1216 196 1276 quae
217 1197 350 1257 facienda
371 1204 453 1271 sunt,
477 1195 552 1255 unde
577 1195 711 1255 conlusio
733 1201 763 1253 et
781 1196 880 1271 coepti
903 1194 1081 1274 poenitentia
1099 1204 1130 1254 ct

121 1281 245 1341 subitum
272 1280 426 1340 silentium.
465 1278 536 1352 Quis
563 1295 653 1357 porro
676 1276 787 1338 dubitet
808 1279 884 1337 vitiis
912 1278 1061 1338 ascribere
1086 1278 1127 1338 ai-

121 1365 247 1439 iectum,
275 1372 398 1442 propter
420 1381 505 1442 quern
526 1363 627 1423 iacere
651 1362 774 1423 honesta
796 1359 909 1440 pudet?
939 1361 1043 1441 Neque
1070 1372 1156 1439 egos

121 1467 222 1508 rursus
245 1448 314 1508 nolo
335 1466 416 1522 eurn,
441 1449 488 1525 qui
506 1448 542 1506 sit
558 1446 704 1522 dicturus,
730 1456 760 1506 et
782 1447 939 1507 sollicitum
961 1465 1083 1524 surgere
1101 1456 1130 1507 et

121 1532 254 1593 colorem
269 1543 379 1592 mutare
404 1541 433 1592 ct
448 1531 609 1610 periculum
632 1531 813 1609 iutelligere;
840 1550 914 1611 quae
933 1533 957 1590 si
972 1549 1030 1591 non
1050 1532 1126 1591 acci·

120 1618 205 1692 dent,
229 1618 313 1676 etiam
335 1615 494 1676 simulanda
517 1625 609 1675 erunt.
649 1617 707 1677 Sed
723 1615 889 1677 intellectus
910 1616 957 1676 hic
975 1617 1012 1675 sit
1028 1616 1127 1693 operis

120 1718 178 1762 non
194 1710 303 1776 metus,
330 1717 555 1778 mereamurque
572 1717 630 1760 non
648 1700 844 1761 concidamus.
882 1699 995 1778 Optima
1016 1708 1061 1759 est
1079 1718 1127 1759 au·

119 1796 179 1847 tem
203 1785 363 1845 emendatio
386 1785 582 1845 verecundiae
605 1785 724 1861 fiducia,
749 1793 778 1845 et
800 1784 959 1865 quamlibet
979 1783 1127 1844 imbecilla

118 1869 200 1929 irons
218 1888 323 1947 magna
341 1871 519 1930 conscientia
537 1871 703 1930 sustinetur.

205 1955 277 2013 Sunt
302 1962 331 2012 et
353 1954 509 2028 naturalia,
534 1962 564 2012 ut
587 1956 771 2032 supradixi,
795 1973 869 2034 quae
891 1963 986 2015 tamen
1009 1962 1040 2014 ct
1057 1965 1155 2015 cura5

118 2040 266 2112 iuvantur,
289 2038 493 2110 iustrumenta,
513 2045 606 2113 uox,
629 2039 741 2115 latus,
766 2039 894 2105 decor:
919 2055 993 2116 quae
1012 2039 1127 2116 quidem

118 2129 226 2180 tantum
244 2118 359 2195 valent,
381 2127 411 2178 ut
433 2119 603 2196 frequenter
619 2120 724 2180 lamam
746 2122 854 2198 ingenii
875 2122 991 2181 iaciant.
1022 2121 1127 2181 Habuit

120 2212 255 2264 oratores
271 2212 351 2263 aetas
370 2212 469 2262 nostra
486 2204 681 2280 copiosiores,
698 2204 763 2277 sed,
780 2222 843 2263 cum
858 2205 982 2280 diceret,
999 2207 1127 2264 eminere

120 2291 194 2348 inter
214 2286 354 2365 aequales
371 2285 530 2346 Trachalus
553 2286 715 2347 videbatur.
747 2286 790 2348 lia
811 2289 945 2367 corporis
966 2287 1127 2347 sublimitas

119 2379 199 2447 erat,
219 2371 243 2429 is
261 2371 347 2431 ardor
365 2371 530 2447 oculorum,
547 2370 650 2431 irontis
668 2373 839 2446 auctoritas,
856 2380 959 2449 gestus
976 2380 1126 2449 praestan·

118 2451 255 2527 tia,'vox
275 2455 390 2532 quidem
405 2472 479 2531 non,
499 2464 529 2515 ut
547 2451 653 2515 Cicero
670 2456 836 2530 desiderat,
860 2473 956 2534 paene
969 2456 1125 2533 tragoedo-

116 2558 179 2601 rum
191 2540 244 2600 sed
261 2558 351 2619 super
369 2558 481 2615 omnes,
499 2557 572 2618 quos
590 2558 647 2618 ego
660 2541 775 2618 quidem
788 2540 938 2615 audierim,
956 2539 1125 2617 tragoedos.

117 2623 206 2685 Certe
224 2644 288 2684 cum
303 2625 332 2682 in
347 2624 469 2684 basilica
484 2624 557 2684 Iulia
572 2625 685 2685 diceret
699 2627 792 2703 primo
811 2623 963 2701 tribunali,
990 2634 1153 2704 quattuorti

117 2718 212 2768 autem
229 2708 351 2784 iudicia,
378 2718 408 2768 ut
424 2710 511 2768 moris
529 2718 591 2785 est,
619 2718 812 2787 cogerentur,
838 2717 925 2787 atque
947 2710 1042 2770 omnia
1066 2709 1124 2769 cla·

116 2793 245 2852 moribus
261 2793 436 2853 fremerent:
466 2802 496 2852 et
510 2794 637 2853 auditum
653 2811 717 2853 eum
734 2802 763 2854 et
778 2792 958 2854 intellectum
977 2803 1023 2870 et,
1047 2795 1124 2872 quod

116 2877 269 2952 agentibus
288 2879 396 2937 ceteris
414 2877 736 2938 contumeliosissimum
752 2878 820 2954 luit,
844 2878 989 2938 laudatum
1006 2894 1124 2956 quoque

117 2979 156 3020 ex
172 2969 308 3040 quattuor
326 2960 516 3021 tribunalibus
531 2962 655 3021 memini.
691 2962 750 3022 Sed
766 2963 824 3023 hoc
839 2971 937 3022 votum
953 2971 998 3021 est
1014 2971 1043 3021 et
1059 2980 1125 3022 rara

116 3044 259 3112 felicitas:
276 3062 352 3122 quae
370 3048 395 3105 si
411 3062 469 3105 nou
485 3046 572 3105 assit:
588 3063 658 3104 saue
675 3045 800 3106 sufficiat
816 3045 852 3106 ab
869 3047 920 3122 iis,
940 3046 1044 3125 quibus
1060 3047 1125 3125 quis

118 3125 200 3202 dicit,
220 3127 320 3187 audiri.
360 3129 439 3190 l'alis
456 3146 524 3189 esse
541 3128 630 3189 debet
646 3139 745 3190 orator
761 3139 791 3190 et
806 3130 879 3191 haec
898 3131 984 3189 scire.

228 3279 314 3338 QUOD
334 3278 385 3329 SIT
404 3281 581 3334 INCIPIENDI
600 3281 727 3335 clusas
744 3283 854 3336 AGERE
873 3282 1010 3335 TEMPUS.

203 3375 251 3435 Vl.
281 3377 424 3455 Agendi
446 3389 540 3440 autern
563 3382 705 3442 initium
727 3383 790 3442 sine
806 3381 892 3442 dubio
909 3382 1067 3441 secuudum
1081 3381 1122 3441 ri·

115 3479 164 3520 res
197 3462 336 3541 cuiusque
365 3464 530 3525 sumendum
555 3474 610 3526 est.
649 3465 753 3546 Neque
777 3484 834 3546 ego
856 3484 948 3527 annos
977 3467 1122 3543 deliniam,
