2566 4026
223 131 286 195 202
538 141 903 203 u.snn.oumn1nmm

224 308 424 375 controversa,
441 297 525 358 locus
541 316 608 358 esse
626 315 684 358 non
703 306 816 378 potest;
834 299 897 357 sive
912 296 1007 375 dubia,
1024 315 1082 359 non
1098 309 1163 360 sunt
1180 318 1218 362 ar·

222 392 357 462 gumenta
373 380 425 442 sed
440 383 505 461 ipsa
520 385 696 460 argumentis
712 391 809 460 egent.

193 477 212 532 3
307 465 478 527 Dividuntur
503 475 599 527 antem
624 469 653 527 in
679 467 731 527 has
759 467 828 527 duas
854 467 960 544 primas
988 468 1117 546 species,
1147 469 1225 547 quod

224 569 324 612 eorum
345 550 401 611 alia
422 559 503 627 sunt,
527 560 558 610 ut
573 551 648 627 dixi,
666 569 741 629 quae
763 551 986 610 necessaria
1008 561 1073 611 sunt
1090 570 1225 632 quaeque

223 635 307 696 aliter
322 633 431 694 habere
451 652 485 694 se
500 652 558 694 non
573 643 710 713 possunt,
733 652 807 713 quae
826 632 930 695 Graeci
945 643 1051 694 vocant
1073 631 1224 717 τεκμήρια,

223 712 315 778 ἄλυτα
344 721 463 796 σημεῖα,
491 735 565 796 quae
588 719 656 779 mihi
677 720 726 778 vix
747 719 896 798 pertinere
917 717 952 778 ad
973 729 1133 799 praecepta
1155 722 1224 780 artis

221 802 368 870 videntum
392 819 456 860 nam
479 801 527 861 ubi
553 810 599 863 est
620 804 733 880 signum
755 801 928 878 insolubile,
947 802 987 861 ibi
1004 822 1040 864 ne
1057 803 1093 863 lis
1110 803 1224 882 quidem

196 895 278 951 test.
317 884 349 945 ld
372 894 466 945 autem
489 887 610 962 accidit,
637 905 700 947 cum
721 886 788 966 quid
808 894 856 946 aut
876 904 1000 946 necesse
1024 896 1069 946 est
1096 887 1160 947 fieri
1183 888 1223 948 ia·

224 978 337 1030 ctumvc
363 987 446 1046 esse,
470 979 517 1030 aut
540 972 654 1031 omnino
675 988 733 1030 non
753 979 852 1049 potest
875 970 938 1030 sueri
952 970 1001 1030 vel
1016 989 1083 1032 esse
1100 972 1222 1040 factum;

223 1071 279 1132 quo
297 1055 326 1113 in
341 1054 437 1113 causis
452 1050 552 1133 posito'
565 1071 623 1114 non
643 1064 688 1115 est
705 1054 741 1115 lis
757 1056 835 1115 iacti.
871 1053 935 1114 Hoc
950 1073 1042 1132 genus
1060 1073 1114 1134 per
1130 1056 1224 1116 omnia

193 1146 353 1216 stempora
367 1138 509 1216 perpendi
526 1138 613 1199 solet.
646 1138 717 1198 Nam
734 1148 762 1199 et
778 1139 875 1199 coisse
892 1156 955 1198 earn
971 1158 1034 1199 cnm
1049 1141 1131 1214 viro,
1149 1157 1224 1217 quae

221 1222 352 1301 peperit,
371 1220 448 1300 quod
465 1231 510 1282 est
525 1224 675 1302 praeteriti
681 1245 688 1292 ;
707 1232 735 1282 et
752 1222 856 1283 ductus
872 1240 956 1299 esse,
980 1241 1044 1283 cum
1059 1240 1161 1300 magna
1179 1224 1223 1282 vis

221 1307 299 1366 venti
321 1307 350 1364 in
372 1323 451 1366 mare
466 1307 610 1383 incubuit,
630 1306 707 1386 quod
725 1308 886 1376 coniuncti;
905 1315 933 1366 ct
948 1325 1012 1367 eum
1028 1309 1116 1383 mori,
1141 1308 1222 1366 cuius

222 1407 274 1450 cor
289 1398 334 1449 est
349 1389 539 1469 vulneratum,
558 1391 634 1469 quod
650 1392 751 1467 futuri,
768 1408 892 1450 necesse
908 1400 962 1450 cst.
994 1390 1058 1452 Nec
1073 1391 1136 1450 deri
1158 1400 1223 1470 pot·

222 1482 282 1550 est,
300 1482 331 1532 ut
346 1472 385 1532 ibi
402 1476 505 1534 messis
523 1476 576 1552 sit,
597 1474 645 1534 ubi
661 1483 753 1534 satum
767 1491 825 1534 non
841 1484 900 1545 est;
916 1483 948 1534 ut
965 1476 1029 1553 quis
1046 1474 1155 1535 Romae
1174 1475 1222 1550 sit,

221 1575 285 1616 cum
301 1565 346 1616 est
365 1555 500 1627 Athenis;
522 1566 554 1617 ut
574 1560 611 1618 sit
626 1558 705 1618 ferro
721 1559 905 1637 vulneratus,
929 1561 978 1637 qui
999 1560 1061 1618 sine
1086 1559 1223 1619 cicatrice

193 1647 275 1702 dest.
315 1638 373 1701 Sed
389 1641 529 1720 quaedam
545 1650 575 1701 et
596 1651 754 1702 retrorsum
775 1644 850 1703 idem
869 1643 983 1720 valent,
1008 1653 1038 1703 ut
1052 1644 1154 1702 vivere
1170 1642 1222 1702 ho·

219 1724 323 1784 minem
342 1724 389 1802 qui
408 1725 513 1804 spirat,
537 1735 566 1786 et
581 1727 693 1805 spinare
710 1728 758 1804 qui
775 1726 854 1787 vivit.
894 1727 1041 1800 Quaedam
1061 1727 1089 1784 in
1108 1735 1220 1786 contra-

218 1809 291 1867 rium
306 1824 364 1867 non
378 1818 543 1879 recurrunt:
565 1829 621 1870 nec
642 1812 732 1888 enim,
759 1812 824 1890 qnia
840 1819 972 1871 movetur
988 1811 1035 1889 qui
1051 1811 1220 1888 ingreditur,
1264 1880 1267 1889 y

188 1898 205 1954 7
219 1891 329 1952 idcirco
345 1892 393 1970 qui
408 1902 540 1953 movetur
554 1894 722 1971 ingreditur.
763 1894 860 1968 Quare
877 1903 976 1973 potest
999 1904 1028 1954 et
1044 1896 1140 1955 coisse
1158 1911 1221 1953 oum

219 1975 300 2051 viro,
318 1993 392 2053 quae
410 1994 467 2037 non
482 1980 611 2057 peperit3
629 1987 658 2038 et
675 1995 733 2038 non
748 1996 816 2039 esse
830 1987 933 2039 ventus
948 1981 976 2039 in
991 1980 1078 2054 mani,
1096 1996 1159 2037 cum
1177 1985 1221 2037 est

220 2058 338 2127 ductum
360 2077 456 2138 neque
480 2064 580 2140 utique
601 2079 653 2122 cor
676 2064 738 2123 eius
757 2063 937 2123 vulneratum
955 2081 1038 2138 esse,
1064 2063 1112 2139 qui
1133 2063 1218 2140 perit.

220 2140 265 2201 Ac
281 2143 412 2203 similiter
434 2153 525 2214 satum
545 2145 636 2206 inisse
660 2156 776 2225 potest,
798 2146 847 2206 ubi
870 2146 1000 2206 nonfuit
1022 2146 1141 2213 messis;
1165 2162 1221 2204 nec

219 2225 311 2285 fuisse
333 2226 459 2304 Romae,
485 2231 533 2308 qui
555 2231 685 2290 nonfuit
708 2231 845 2300 Athenis;
868 2249 923 2291 nec
942 2230 1034 2290 inisse
1059 2229 1138 2289 ferro
1157 2228 1218 2288 vul·

219 2319 347 2386 meratus,
365 2312 413 2390 qui
427 2312 515 2373 habet
532 2314 706 2375 cicatricem.

190 2399 208 2453 8
304 2392 370 2454 Alia
385 2405 450 2455 sunt
465 2399 547 2474 signa
564 2416 633 2459 non
650 2400 886 2477 necessaria,
911 2418 986 2479 quac
1003 2392 1100 2460 εἰκότα
1115 2396 1219 2459 Graeci

143 2518 145 2524 -
218 2486 341 2547 vocant;
368 2497 442 2557 quae
468 2483 579 2542 etiamsi
606 2482 641 2542 ad
663 2483 823 2545 tollendam
846 2482 1052 2544 dubitationem
1078 2481 1141 2541 sola
1162 2498 1218 2540 non

190 2561 379 2639 9snificiunt,
401 2572 496 2624 tamen
517 2566 612 2626 adiuta
634 2570 740 2627 ceteris
760 2566 912 2646 plurimum
928 2567 1035 2628 valent.
1073 2566 1218 2641 Signum

218 2654 340 2722 vocant,
364 2655 394 2706 ut
414 2648 488 2724 dixi,
513 2653 645 2728 σημεῖον,
676 2668 835 2729 quanquam
857 2650 885 2710 id
913 2652 1026 2728 quidam
1045 2647 1217 2708 indicium

219 2728 332 2806 quidam
348 2733 548 2809 vestigium
566 2735 793 2810 nominaverunt,
811 2752 865 2813 per
880 2733 958 2811 quod
974 2732 1029 2793 alia
1043 2747 1092 2789 res
1111 2728 1216 2788 intelli-

218 2812 306 2888 gitur,
323 2822 353 2872 ut
369 2831 423 2892 per
435 2818 602 2893 sanguinem
619 2817 735 2877 caedes.
764 2816 814 2893 At,
828 2818 893 2894 quia
910 2816 1028 2893 sanguis
1047 2812 1095 2872 vel
1112 2829 1149 2872 ex
1165 2813 1215 2872 ho·

217 2897 272 2955 stia
286 2900 467 2975 respersisse
484 2909 595 2959 vestem
611 2909 709 2978 potest
723 2900 772 2960 vel
790 2918 806 2959 e
821 2900 938 2959 naribus
953 2898 1145 2978 profluxisse:
1160 2913 1217 2956 non

217 2981 334 3059 utique,
360 2983 407 3059 qni
427 2992 539 3044 vestem
564 2992 710 3044 cruentam
730 2983 879 3059 habuerit,
900 2982 1083 3043 homicidium
1100 2982 1215 3041 iecerit.

175 3063 395 3143 lOSedutper
413 3084 520 3127 senon
541 3066 663 3128 sufficit:
688 3069 727 3127 ita
748 3068 855 3128 ceteris
876 3066 1039 3127 adiunctum
1060 3066 1217 3125 testimonii

218 3146 286 3207 loco
309 3149 437 3226 ducitur,
460 3153 484 3211 si
506 3151 653 3228 inimicus,
676 3170 700 3211 sn
721 3152 842 3211 minatus
871 3160 953 3226 ante,
976 3153 1000 3211 si
1022 3149 1126 3211 eodem
1149 3148 1216 3209 loco

217 3229 283 3299 iuit;
307 3232 409 3310 quibus
426 3236 537 3313 signum
554 3253 618 3296 cum
634 3235 776 3311 accessit,
793 3235 900 3312 efficit,
917 3244 963 3312 ut,
988 3252 1062 3314 quae
1079 3242 1216 3312 suspecta

174 3323 315 3391 iterant,
332 3326 412 3377 certa
428 3319 587 3380 videantur.
626 3318 744 3398 Alioqui
761 3328 826 3379 sunt
842 3321 982 3398 quaedam
1000 3322 1082 3397 signa
1102 3319 1216 3396 utrique

216 3399 290 3474 parti
310 3404 484 3482 communia,
513 3413 543 3464 ut
565 3404 690 3482 livores,
722 3417 849 3469 tumores
876 3403 960 3482 (nam
980 3404 1072 3465 videri
1095 3409 1216 3482 possunt
