2566 4026
355 209 769 277 mer.onaroa.u1n.1,6.
1026 202 1067 264 37

54 369 135 432 libris
160 370 317 449 complexi
340 377 421 443 sunt,
448 367 563 426 nomina
584 384 636 426 sua
658 369 714 446 ipsi
736 369 957 447 inscripserunt3
984 373 1065 450 inge·

55 457 201 532 nioseque
226 456 310 514 visus
340 461 387 512 est
411 450 516 512 Gavius
537 453 669 513 coelibes
697 451 796 512 dicere
817 453 908 514 veluti
932 457 1064 532 coelites,

56 538 133 618 qnod
149 555 246 599 onere
258 537 432 616 gravissimo
443 543 559 609 vacent,
575 535 661 614 idque
674 535 787 597 Graeco
800 548 969 613 argumento
983 542 1064 617 iuvit,

56 622 180 702 ἠϊθέους
203 624 282 683 enim
308 622 410 681 eadem
432 619 468 680 de
491 637 578 680 causa
603 619 658 679 dici
682 620 812 679 allirmat.
852 621 915 681 Nec
939 625 967 682 ei
990 626 1067 685 cedit

57 707 212 767 Modestus
227 707 411 780 inventione,
428 721 507 780 nam,
525 704 590 781 quia
604 702 693 765 Coelo
708 705 846 764 Saturnus
863 707 1000 782 genitalia
1016 709 1064 769 ab·

57 792 198 869 sciderit,
225 792 285 851 hoc
306 791 420 849 nomine
446 789 628 866 appellatos,
658 790 705 866 qui
730 806 823 848 uxore
852 800 985 866 careant,
1016 795 1064 852 ait.

56 876 160 935 Aelius
179 877 343 954 pituitam,
367 874 432 951 quia
445 881 531 951 petet
548 873 651 936 eitum.
689 872 747 932 Sed
771 875 816 932 cui
835 890 892 933 non
914 883 981 953 post
995 875 1108 940 var-37

56 977 158 1020 nonem
182 962 222 1018 sit
238 960 340 1034 venia,
365 958 413 1036 qui
428 976 554 1036 ugrum,
578 959 644 1035 quia
656 959 685 1015 in
701 974 737 1015 eo
759 967 873 1035 agutur
889 959 1011 1037 aliquid,
1036 969 1066 1020 et

55 1044 223 1123 graculos,
254 1045 320 1122 qula
338 1043 491 1122 gregatim
514 1040 629 1115 volent,
657 1041 751 1100 dictos
773 1042 865 1101 voluit
886 1043 1065 1121 persuadere

58 1125 199 1188 ciceroni
219 1127 271 1206 (ad
291 1144 355 1186 eum
373 1128 447 1186 enim
466 1123 600 1204 scribit),
622 1143 685 1184 cunr
702 1126 823 1185 alterum
843 1145 881 1185 ex
897 1125 1010 1187 Graeco
1028 1131 1066 1188 sit

56 1211 244 1273 manifestum
265 1210 331 1271 duci
352 1211 474 1270 alterum
497 1228 534 1270 en
553 1208 675 1269 vocibus
697 1207 809 1268 avium?
841 1209 900 1270 Sed
919 1212 977 1271 hoc
996 1213 1108 1276 tantine

56 1297 107 1357 tuit
129 1303 272 1370 vertere,
295 1304 326 1355 ut
348 1297 486 1372 merulo,
509 1296 574 1372 quia
599 1293 664 1353 sola
686 1294 782 1368 volat,
804 1296 886 1372 quasi
906 1315 994 1356 mero
1012 1316 1065 1358 oo-

57 1382 130 1442 tune
153 1381 363 1440 nominaretur.
414 1379 534 1454 Quidam
560 1395 617 1437 non
645 1377 847 1438 dubitaverunt
869 1380 1066 1458 etymologiae

56 1464 209 1524 subiicere
226 1480 341 1524 ornnem
358 1465 478 1523 nominis
498 1481 627 1524 causam:
644 1471 674 1520 ut
693 1480 730 1521 ex
747 1462 861 1538 habitu,
881 1465 1064 1541 quemadmo-

55 1549 121 1608 dum
147 1548 225 1623 dixi,
255 1546 378 1627 Longus
403 1557 432 1607 et
453 1547 569 1628 Rufus,
600 1565 637 1606 ex
660 1564 732 1606 sono
753 1555 899 1625 stertere,
928 1567 1064 1611 murron-

55 1652 153 1701 rare;
176 1634 265 1692 etiam
284 1631 424 1708 derivata,
445 1639 477 1691 ut
493 1649 510 1692 a
524 1633 683 1693 uelocitate
702 1631 805 1690 dicitur
817 1633 916 1708 uelox,
938 1642 967 1691 et
987 1650 1064 1694 com·

56 1718 153 1796 posita
169 1716 316 1795 pluraque
334 1716 378 1776 his
396 1717 508 1792 similia,
528 1734 603 1794 quae
617 1717 679 1774 siue
695 1714 782 1774 dubio
796 1715 910 1776 aliunde
924 1719 1065 1794 originem

56 1802 167 1861 ducunt
186 1801 240 1860 sed
260 1810 322 1860 arte
341 1818 398 1861 non
417 1811 520 1877 egent,
541 1801 621 1859 cuius
639 1801 667 1859 in
683 1799 741 1858 hoc
755 1817 846 1877 opere
863 1818 921 1859 non
939 1811 984 1860 est
995 1820 1065 1860 usus

58 1887 112 1944 nisi
132 1885 162 1945 in
185 1884 291 1944 dubiis.

142 1967 245 2028 Verba
265 1986 281 2028 a
297 1976 487 2028 vetustate
505 1969 630 2046 repetita
649 1984 706 2026 non
723 1969 816 2027 solum
830 1985 951 2044 magnos
969 1978 1107 2033 asser-39

57 2063 140 2113 tores
158 2051 268 2113 babent
290 2051 343 2112 sed
362 2054 447 2112 etiarn
464 2052 586 2112 allerunt
604 2053 727 2111 orationi
743 2054 922 2112 maiestatem
941 2053 1064 2130 aliquam

57 2154 116 2197 non
139 2139 205 2198 sinc
228 2137 440 2204 delectatione;
463 2155 527 2196 narn
549 2146 578 2195 et
600 2138 800 2195 auctoritatem
822 2138 996 2214 antiquitatis
1014 2137 1063 2197 ha·

57 2222 127 2281 bent
146 2231 195 2296 et,
219 2223 285 2300 quia
303 2223 465 2280 intermissa
485 2229 566 2296 sunt,
589 2221 710 2297 gratiam
729 2222 848 2280 novitati
868 2222 990 2280 similem
1013 2240 1063 2299 pa·

57 2315 130 2366 rant.
165 2305 227 2366 Sed
244 2322 318 2384 opus
337 2313 382 2364 est
398 2305 501 2380 modo,
525 2313 556 2364 ut
571 2322 666 2382 neque
685 2304 787 2364 crebra
805 2307 861 2367 sint
877 2306 951 2365 baec
968 2315 1107 2383 neque40

56 2390 223 2466 manifesta,
242 2391 309 2467 quia
326 2388 397 2448 nihil
417 2398 461 2449 est
479 2389 608 2449 odiosius
625 2388 820 2464 affectatione,
838 2407 893 2449 nec
911 2392 1010 2467 utique
1027 2390 1063 2449 ab

57 2475 166 2535 ultimis
191 2482 221 2533 et
241 2476 296 2534 iam
318 2473 492 2534 oblitteratis
514 2473 639 2551 repetita
661 2472 855 2550 temporibus,
881 2473 976 2549 qualia
999 2482 1065 2531 sunt

58 2569 167 2639 topper
190 2567 220 2620 et
236 2559 391 2638 antegerio
414 2567 443 2617 et
464 2560 634 2620 exanclare
657 2565 686 2616 et
704 2557 855 2634 procopia
875 2565 904 2614 et
921 2556 1064 2614 Saliorum

58 2645 188 2704 carmina
209 2645 259 2703 vix
277 2641 479 2703 sacerdotibus
497 2644 556 2702 suis
574 2643 643 2701 satis
660 2640 819 2701 intellecta.
851 2639 910 2700 Sed
932 2639 981 2698 illa
1003 2657 1062 2698 mu·
1071 2648 1106 2704 41

58 2729 112 2789 tari
133 2736 218 2789 vetat
240 2727 346 2805 religio
371 2737 400 2787 et
423 2728 603 2786 consecratis
624 2724 758 2785 utendum
783 2733 841 2792 est;
866 2725 958 2784 oratio
979 2740 1063 2800 vero,

59 2815 141 2872 cuius
173 2830 282 2872 summa
303 2813 394 2871 virtus
423 2821 468 2872 est
489 2811 698 2890 perspicuitas,
727 2829 810 2888 quarn
832 2810 869 2868 sit
889 2811 1011 2884 vitiosa,
1039 2809 1064 2866 si

58 2907 147 2976 egeat
167 2899 340 2976 interprete.
377 2895 474 2975 Ergo,
497 2904 528 2955 ut
549 2911 689 2954 novorum
709 2897 816 2973 optima
838 2903 921 2952 erunt
942 2893 1064 2953 maxime

59 2992 178 3058 veteru,
201 2984 241 3042 ita
262 2990 395 3041 veterum
416 2982 538 3041 maxime
558 2997 643 3039 nova.

141 3065 254 3128 Similis
276 3067 354 3125 circa
374 3067 638 3124 auctoritatem
660 3065 744 3123 ratio.
783 3062 856 3123 Nam
879 3063 989 3122 etiamsi
1011 3071 1107 3140 poan

56 3161 113 3212 test
127 3151 226 3213 videri
244 3148 315 3210 nihil
336 3167 478 3228 peccare,
501 3151 549 3227 qui
566 3149 654 3207 utitur
669 3148 713 3207 his
734 3147 849 3223 verbis,
871 3166 946 3225 quae
963 3149 1064 3207 summi

55 3247 196 3299 auctores
214 3235 410 3309 tradiderunt,
432 3233 549 3294 multum
565 3241 660 3291 tamen
681 3232 773 3292 refert
789 3249 846 3291 non
864 3232 974 3307 solum,
996 3231 1064 3310 quid
1148 3272 1152 3280 ·

54 3321 184 3384 dixerint
214 3320 377 3379 sedetiam
398 3318 466 3397 quid
488 3318 695 3397 persuaserint.
734 3315 837 3401 Neque
861 3318 936 3376 enim
956 3317 1063 3378 tubur-

54 3406 291 3471 chinabundum
317 3411 347 3462 et
369 3401 646 3464 lurchinabundum
673 3402 729 3461 iam
749 3401 778 3459 in
804 3399 888 3460 nobis
914 3403 1064 3478 quisquam

52 3491 146 3570 ierat,
171 3490 245 3552 licet
264 3486 339 3549 Cato
361 3487 397 3546 sit
414 3495 531 3563 auctor,
552 3504 609 3546 neo
629 3485 685 3548 boc
702 3486 833 3563 lodices,
857 3502 1017 3563 quanquam
1035 3481 1064 3542 id
