2566 4026
179 156 216 202 bl.
233 152 314 199 ΕΑΒ.
332 151 554 211 QUINTILIANI
571 149 661 198 Insa.
676 150 826 199 ORATOR.
842 152 1061 200 PROOEMIUM.
1105 139 1124 202 3

120 309 166 388 qui
187 318 280 368 artem
299 306 402 366 orandi
422 305 527 365 litteris
548 305 741 380 tradiderunt,
762 308 801 366 ita
823 315 888 366 sunt
906 309 1020 382 exorsi,
1043 309 1125 384 quasi

120 392 259 472 perfectis
277 392 354 450 omni
369 390 427 449 alio
444 407 556 465 genere
575 389 725 450 doctrinae
747 407 882 450 summam
902 392 968 451 inde
984 391 1124 471 eloquen-

120 480 173 536 tiae
190 494 307 536 manum
326 476 524 552 imponerent;
548 475 610 533 sive
632 482 851 534 contemnentes
869 484 1003 553 tanquam
1023 493 1123 555 parva,

120 578 191 639 qnae
207 562 291 639 prius
306 559 455 632 discimus,
472 556 580 625 studia;
599 560 662 617 sive
678 575 735 617 non
751 558 787 618 ad
800 576 882 618 suum
897 563 1045 637 pertinere
1060 560 1123 620 ollu-

120 647 190 705 cium
206 644 329 722 opinati,
349 641 463 720 quaudo
478 641 587 701 divisae
602 642 818 720 professionum
831 645 913 702 vices
928 654 1041 710 essent:
1059 663 1122 720 seu,

120 729 193 807 quod
210 729 376 806 proximum
391 742 483 800 vero,
499 725 604 785 nullam
618 728 726 803 ingenii
741 735 894 805 sperantes
910 730 1031 804 gratiam
1047 730 1124 788 circa

119 830 163 872 res
178 812 295 872 etiamsi
312 811 496 869 necessarias
508 807 612 888 procul
626 818 721 870 tamen
737 810 772 870 ab
789 813 984 870 ostentatione
998 814 1123 889 positas;

118 906 146 956 ut
160 913 287 974 operum
303 894 420 971 fastigia
434 902 617 972 spectantur,
635 895 725 954 latent
742 894 934 955 fundamenta.
968 894 1044 973 Ego,
1062 910 1152 962 cums

119 982 281 1041 existimem
304 978 376 1038 nihil
397 980 451 1036 arti
478 979 624 1038 oratoriae
647 979 787 1054 alienum,
816 982 878 1038 sine
903 996 959 1057 quo
982 979 1046 1038 fieri
1067 996 1124 1038 non

118 1082 207 1143 posse
225 1072 375 1123 oratorem
390 1061 535 1122 fatendum
550 1071 612 1138 cst,
635 1080 691 1122 nec
706 1063 741 1123 ad
756 1063 842 1123 ullius
859 1065 902 1122 rei
919 1081 1055 1122 summam
1069 1065 1123 1122 nisi

118 1146 364 1228 praecedentibus
383 1147 470 1205 initiis
487 1146 647 1224 perveniri:
670 1147 706 1206 ad
721 1149 831 1207 minora
850 1146 900 1207 illa
916 1146 986 1222 sed,
1010 1149 1123 1225 quaesi

118 1233 270 1310 negligas,
294 1248 352 1290 non
375 1231 412 1288 sit
431 1230 587 1290 maioribus
607 1229 707 1307 locus,
729 1231 880 1291 demittere
899 1249 944 1290 me
963 1247 1021 1289 non
1040 1249 1122 1291 recu-

117 1315 204 1384 sabo;
235 1333 292 1375 nec
312 1315 413 1390 aliter,
443 1331 525 1392 quam
547 1316 571 1373 si
592 1314 659 1374 mibi
677 1314 804 1375 tradatur
825 1315 989 1375 educandus
1012 1324 1122 1391 orator,

117 1401 211 1461 studia
226 1401 290 1460 eius
308 1399 435 1458 formare
449 1397 485 1458 ab
501 1398 619 1458 infantia
635 1398 778 1478 incipiam.
816 1398 901 1473 Quod
921 1416 1011 1476 opus,
1030 1398 1152 1465 blan-6

118 1484 220 1545 celle
247 1482 413 1558 Victori,
445 1481 496 1542 tibi
523 1482 668 1557 dicamus,
699 1501 800 1561 quem,
832 1501 895 1543 curm
921 1484 1123 1544 amicissimum

116 1567 200 1628 uobis
222 1577 282 1628 tum
298 1568 404 1626 eximio
426 1566 585 1626 litterarum
604 1583 703 1627 amore
718 1567 903 1645 flagrantem,
921 1584 979 1626 uon
1001 1577 1123 1646 propter

116 1652 190 1712 baec
204 1652 293 1712 modo
311 1651 489 1729 (quanquam
503 1651 559 1710 sint
578 1654 696 1731 magna)
714 1651 911 1728 dignissimum
931 1651 987 1711 hoc
1008 1661 1122 1711 mutuae

115 1739 191 1796 inter
209 1753 264 1795 nos
289 1736 415 1795 caritatis
434 1736 558 1812 pignore
572 1734 781 1803 iudicabamus;
800 1736 853 1796 sed
870 1737 947 1814 quod
964 1735 1121 1795 erudiendo

117 1819 209 1881 Getae
230 1829 299 1894 tuo,
321 1820 402 1878 cuius
424 1820 515 1896 prima
535 1826 615 1879 aetas
632 1820 815 1880 manifestum
829 1822 884 1880 iam
900 1821 1006 1896 ingenii
1027 1819 1123 1879 lumen

116 1904 263 1980 ostendit,
288 1920 345 1962 nou
367 1901 482 1962 inutiles
505 1903 570 1962 iore
594 1902 659 1963 libri
680 1903 868 1979 videbantur,
895 1921 969 1982 quos
992 1902 1027 1963 ab
1051 1906 1123 1982 ipsis

115 1988 250 2048 discendi
270 1986 353 2047 velut
373 1986 571 2062 incunabulis,
594 2005 648 2065 per
670 2006 787 2064 omnes,
811 2006 885 2066 quae
907 1987 994 2047 modo
1015 1987 1123 2066 aliquid

115 2073 227 2133 oratori
249 2071 346 2131 luturo
363 2071 530 2147 conferant,
551 2080 630 2131 artes
649 2073 685 2133 ad
705 2090 842 2132 summam
862 2073 925 2132 eius
941 2073 1040 2149 operis
1056 2090 1121 2150 per·

114 2156 227 2217 ducere
246 2153 475 2223 destinabamus;
503 2164 589 2233 atque
610 2172 646 2215 eo
669 2158 778 2234 magis,
810 2158 887 2234 quod
910 2155 965 2216 duo
990 2158 1045 2216 iam
1067 2155 1150 2216 subl

113 2242 232 2300 nomine
253 2256 319 2300 meo
344 2238 411 2300 libri
433 2238 602 2300 ferebantur
623 2241 692 2301 artis
714 2241 879 2301 rhetoricae
901 2259 995 2319 neque
1017 2240 1086 2299 editi
1105 2259 1122 2300 a

113 2343 159 2385 mc
177 2342 277 2403 neque
291 2325 320 2383 iu
336 2322 394 2383 boc
410 2325 576 2402 comparati.
608 2322 738 2402 Namque
758 2325 896 2401 alterum,
919 2342 1053 2384 sermone
1068 2342 1122 2403 per

113 2408 234 2469 biduum
248 2407 366 2483 habito,
387 2410 488 2485 pueri,
518 2406 621 2485 quibus
636 2409 664 2468 id
682 2408 899 2486 praestabatur,
927 2415 1119 2488 exceperant3

114 2492 240 2554 alterum
254 2490 385 2570 pluribus
400 2509 470 2552 saue
485 2491 603 2567 diebus,
620 2502 756 2570 quantum
771 2493 897 2553 notando
912 2493 1051 2569 consequi
1069 2508 1120 2570 po-

114 2585 247 2652 tuerant,
263 2577 472 2654 interceptum,
492 2574 560 2634 boni
574 2576 695 2636 iuvenes
714 2576 767 2635 sed
782 2577 896 2634 nimium
911 2584 1038 2635 amantes
1053 2575 1120 2649 mei,

113 2663 273 2721 temerario
288 2659 423 2720 editionis
439 2658 550 2719 honore
562 2660 762 2738 vulgaverant.
791 2658 887 2733 Quare
903 2659 931 2717 in
944 2658 988 2718 his
1005 2663 1150 2734 quoque8

113 2745 199 2806 libris
225 2753 310 2804 erunt
331 2744 433 2804 eadem
454 2744 568 2821 aliqua,
595 2745 684 2804 multa
707 2753 831 2819 mutata,
855 2743 977 2822 plurima
998 2741 1121 2817 adiecta,

114 2831 211 2889 omnia
225 2845 298 2888 vero
314 2829 522 2907 compositiora
536 2837 583 2904 et,
608 2845 754 2906 quamnos
770 2829 945 2906 poterimus,
962 2824 1120 2885 elaborata.

201 2911 356 2973 Oratorem
372 2921 467 2987 autem
487 2913 658 2971 instituimus
681 2912 762 2972 illum
785 2913 965 2990 perlectum,
989 2910 1037 2987 qui
1054 2918 1148 2973 esse9

113 2999 170 3058 nisi
191 2999 236 3056 vir
259 2997 355 3057 bonus
373 3013 430 3055 non
453 3004 567 3075 potest;
592 2996 719 3074 ideoque
740 3014 797 3056 non
819 2995 934 3055 dicendi
953 2994 1038 3054 modo
1061 2997 1121 3055 cxi-

113 3083 248 3142 miamin
272 3099 310 3141 eo
333 3079 502 3141 facultatem
522 3080 575 3139 sed
598 3097 697 3140 omnes
719 3081 802 3140 animi
825 3082 948 3139 virtutes
969 3080 1119 3156 exigimus.

113 3165 218 3245 Neque
237 3167 314 3226 enim
334 3164 393 3225 hoc
408 3167 621 3240 concesserim,
644 3166 785 3225 rationem
805 3173 905 3224 rectae
920 3163 1164 3242 honestaeque10

113 3253 191 3311 vitae
217 3250 264 3329 (ut
289 3249 406 3328 quidam
430 3250 617 3329 putaverunt)
640 3248 676 3308 ad
701 3248 893 3327 philosophos
920 3248 1122 3324 relegandam

113 3354 178 3395 cum
198 3336 244 3395 vir
261 3334 315 3394 ille
330 3351 402 3393 vere
421 3332 516 3392 civilis
532 3341 561 3392 et
580 3332 759 3411 publicarum
775 3335 1007 3412 privatarumque
1025 3350 1122 3390 rerum

112 3419 355 3480 administrationi
377 3415 629 3491 accommodatus,
660 3418 708 3495 qui
732 3435 839 3494 regere
868 3417 997 3536 consiliis
1020 3415 1119 3491 urbes,

917 3501 930 3559 l
