2566 4026
409 203 499 251 msr.
523 201 673 250 causon.
696 202 832 268 nram,
848 199 878 254 3.
1068 194 1126 255 111

121 378 178 440 per
194 369 240 436 et,
256 367 402 436 utcunque
413 358 503 418 valuit
519 357 715 433 consuetudo,
731 367 883 419 mutantur.
906 358 1026 439 ltaque,
1042 361 1068 420 si
1080 379 1129 421 an·

120 446 231 523 tiquam
254 461 418 502 sermonem
439 451 540 502 nostro
564 458 780 521 comparemus,
804 461 898 521 paene
917 445 973 504 iam
992 444 1128 522 quidquid

122 527 267 606 loquimur
289 528 381 605 ligura
404 536 466 586 est:
496 535 526 586 ut
540 527 601 587 boc
615 528 805 589 reinciderat
825 546 898 604 non,
922 537 953 587 ut
968 537 1086 588 veteres
1101 538 1130 589 et

121 610 228 672 Cicero
253 613 429 690 praecipue,
463 611 544 672 bane
567 629 653 679 roan
687 619 716 670 et
743 613 918 674 incumbere
943 613 989 672 illi
1015 629 1073 672 nou
1097 614 1130 674 ia

119 698 221 771 illum,
246 705 275 755 et
294 696 420 775 plenum
433 696 503 756 ciac
518 711 575 754 nou
595 695 675 771 ciui,
699 702 728 754 et
743 695 815 756 bute
829 713 887 756 non
906 697 987 758 bunc
1003 698 1131 759 coateri

121 781 177 840 ianr
204 780 309 839 dicitur
339 788 368 838 et
398 778 478 838 mille
507 778 577 846 alia;
600 780 763 856 utinamque
788 796 847 840 non
873 783 975 859 peiora
1002 782 1127 842 vincant.

119 863 230 924 Verum
247 863 395 922 schemata
410 860 511 936 λέξεως
531 862 650 922 duo'rum
672 872 737 922 sunt
757 881 912 940 generum:
941 865 1063 925 alterurn
1085 867 1157 930 loa

121 947 227 1027 quendi
243 949 384 1006 rationem
398 954 521 1021 vocant,
544 944 665 1005 alterum
677 949 799 1008 maxime
816 949 1012 1010 collocatione
1028 953 1128 1028 exqui-

120 1033 206 1092 situm
230 1039 285 1090 est.
322 1030 450 1104 Quorum
470 1032 585 1089 tametsi
605 1038 756 1109 utrumque
771 1035 906 1093 convenit
924 1035 1063 1094 orationi:
1085 1044 1127 1094 ta·

120 1134 187 1176 men
205 1116 303 1194 possis
321 1112 392 1173 illud
413 1115 686 1190 grammaticum
701 1113 759 1176 hoc
778 1116 1007 1178 rhetoricum
1036 1120 1129 1196 magis

119 1200 229 1262 dicere.
822 1203 832 1213 ‘

205 1284 286 1345 Prius
312 1282 344 1344 fit
368 1281 470 1345 iisdem
500 1282 657 1358 generibus
681 1284 783 1362 quibus
808 1288 887 1347 vitia.
935 1285 1025 1346 Esset
1053 1291 1128 1348 eninr

119 1371 260 1429 orationis
288 1369 405 1429 schema
433 1367 551 1442 vitium,
579 1367 604 1426 si
628 1385 686 1426 non
711 1377 864 1448 peteretur
891 1370 944 1430 sed
967 1371 1126 1431 accideret.

116 1453 226 1514 Verum
243 1456 431 1529 auctoritate,
459 1459 623 1528 vetustate,
648 1452 856 1513 consuetudine
880 1453 1052 1533 plerumque
1077 1456 1156 1522 de·3

118 1537 244 1598 lenditur
264 1556 355 1615 saepe
378 1539 463 1597 etiam
485 1539 598 1597 ratione
619 1537 749 1616 quadam.
787 1536 934 1618 Ideoque,
963 1557 1027 1598 cum
1052 1540 1128 1600 sita

117 1622 242 1700 simplici
270 1631 412 1701 rectoque
442 1621 580 1700 loquendi
610 1641 721 1700 genere
743 1622 874 1699 deflexa,
898 1622 989 1683 virtus
1011 1633 1072 1700 est,
1103 1625 1128 1684 si

117 1706 206 1767 habet
226 1705 379 1784 probabile
404 1705 528 1783 aliquid,
552 1708 629 1785 quod
654 1716 801 1786 sequatur.
851 1707 915 1768 Una
931 1717 1027 1768 tamen
1045 1710 1074 1768 in
1093 1727 1126 1768 re

116 1791 241 1851 maxime
262 1791 358 1865 utilis,
379 1799 410 1849 ut
433 1791 569 1850 cotidiani
590 1809 625 1850 ao
647 1811 764 1870 semper
787 1793 891 1853 eodem
906 1793 993 1852 modo
1012 1793 1126 1853 formati

116 1875 260 1935 sermonis
278 1875 423 1934 fastidium
441 1873 521 1934 levet
536 1883 565 1934 et
580 1893 634 1935 nos
655 1877 799 1954 evulgari
815 1877 931 1937 dicendi
946 1895 1057 1955 genere
1076 1877 1125 1937 de-

116 1959 225 2019 fendat.
270 1957 372 2032 Quasi
387 1958 551 2037 quisparoe
568 1970 613 2035 et,
632 1979 696 2021 cum
711 1980 760 2021 res
776 1970 897 2041 poscet,
915 1970 1027 2040 utetur,
1043 1963 1124 2022 velut
1139 1977 1156 2029 4

115 2059 240 2121 asperso
265 2043 389 2120 quodam
410 2043 592 2103 condimento
614 2045 765 2105 iucundior
787 2047 854 2114 erit;
880 2055 908 2105 at
935 2049 983 2125 qui
1010 2048 1125 2106 nimium

115 2127 315 2202 affectaverit,
341 2129 432 2205 ipsam
454 2127 531 2186 illam
555 2129 676 2205 gratiam
698 2130 847 2188 varietatis
867 2131 987 2189 amittet.
1028 2130 1124 2204 Quan-

116 2228 202 2290 quam
225 2220 290 2270 sunt
314 2211 454 2288 quaedam
470 2211 581 2288 figurae
602 2214 640 2271 ita
658 2221 814 2290 receptae,
831 2221 862 2271 ut
879 2231 974 2291 paene
995 2215 1051 2273 iam
1066 2214 1126 2274 hoo

113 2296 210 2375 ipsum
221 2312 326 2354 nomen
338 2295 506 2372 effugerint;
527 2313 600 2373 quae
613 2297 724 2355 etiamsi
739 2296 844 2355 luerint
861 2296 1038 2373 crebriores,
1055 2313 1124 2357 oon-

114 2386 214 2439 suetas
231 2397 315 2439 aures
332 2380 424 2438 minus
442 2380 556 2438 lenient.
593 2378 665 2439 Nam
681 2389 815 2440 secretae
832 2389 861 2439 et
877 2388 959 2440 extra
974 2380 1153 2456 vulgarem5

113 2482 198 2524 usum
222 2464 337 2542 positae
362 2463 487 2542 ideoque
507 2464 599 2540 magis
623 2464 754 2540 nobiles,
780 2473 811 2524 ut
834 2465 963 2524 novitate
985 2465 1123 2540 excitant,

113 2550 154 2609 ita
178 2549 262 2626 copia
278 2548 399 2624 satiant,
426 2565 481 2607 nec
497 2566 530 2607 se
547 2547 648 2608 obvias
665 2549 756 2609 fuisse
778 2549 885 2609 dicenti
905 2548 958 2608 sed
979 2549 1123 2626 conquisi-

113 2642 159 2692 tas
176 2640 205 2690 et
227 2648 265 2692 ex
280 2631 411 2691 omnibus
427 2631 547 2692 latebris
564 2642 710 2693 extractas
732 2643 947 2712 congestasque
963 2633 1123 2694 declarant.

112 2715 199 2776 Fiunt
215 2723 330 2792 ergoet
346 2717 424 2776 circa
435 2735 528 2794 genus
544 2717 654 2795 lilgurae
670 2719 698 2777 in
712 2718 890 2794 nominibus,
906 2737 970 2779 nam
985 2727 1014 2778 et
1028 2719 1153 2783 ocattso

114 2802 200 2879 copti
216 2801 320 2879 talpae
343 2809 372 2859 et
394 2801 492 2861 timidi
507 2800 619 2863 domoc
635 2802 767 2862 dicuntur
785 2802 964 2880 aVergilio;
989 2801 1041 2861 scd
1058 2801 1124 2862 sub-

115 2893 160 2945 est
175 2886 265 2960 ratio,
283 2885 349 2962 quia
364 2903 453 2943 senus
469 2895 591 2964 uterque
603 2885 699 2953 ‚altero
717 2885 910 2964 significatur,
933 2896 1049 2966 tamque
1065 2904 1124 2947 ma·

113 2986 163 3029 res
185 2986 252 3027 esse
274 2968 369 3047 talpas
392 2968 548 3048 damasque
572 2988 657 3048 quam
672 2970 808 3046 feminas,
833 2978 943 3030 certum
966 2980 1025 3040 est;
1049 2971 1124 3031 etin

113 3051 229 3114 verbis:
251 3060 282 3111 ut
296 3053 472 3130 fabricatus
490 3061 536 3115 eat
552 3055 691 3132 plautium
707 3063 736 3114 et
749 3056 905 3116 inimicam
918 3055 1047 3133 punitos
1067 3062 1122 3117 cat.

114 3136 200 3212 Quod
226 3137 327 3196 mirum
348 3139 439 3196 minus
462 3146 523 3213 est,
552 3138 629 3217 quod
653 3140 681 3197 in
706 3148 807 3198 natura
828 3136 984 3198 verborum
1007 3148 1068 3216 est,
1095 3148 1152 3207 et?

114 3239 191 3301 quae
208 3220 330 3280 lacinus
351 3221 478 3300 patiendi
501 3222 587 3282 modo
604 3240 695 3301 saepe
714 3223 828 3298 dicere,
850 3231 882 3282 ut
896 3224 1051 3300 arbitror,
1072 3243 1122 3285 aa·

115 3307 239 3384 epicam
263 3314 291 3365 et
308 3314 409 3365 contra
425 3304 566 3382 faciendi,
589 3324 664 3384 quae
682 3309 820 3384 patimur,
838 3314 869 3365 ut
885 3310 1017 3386 capulo,·
1041 3308 1121 3369 ideo·

116 3408 173 3468 que
190 3388 330 3468 frequens
346 3391 518 3468 permutatio
538 3399 583 3449 est
601 3399 630 3449 et
646 3389 788 3469 pleraque
808 3399 932 3469 utroque
947 3393 1034 3452 modo
1050 3393 1121 3453 effe·

113 3483 229 3537 rantur:
249 3475 445 3547 luxuriatur,
461 3475 618 3544 luxuriam
638 3471 822 3553 fluctuatur,
840 3471 991 3555 fluctuata
1013 3496 1120 3540 ascert-
