2566 4026
220 152 279 212 142
528 166 567 214 m.
584 165 663 213 sne.
683 165 904 226 qomrmmm

215 317 284 381 lane
304 320 414 399 facere
435 337 537 398 ceper.
572 320 685 394 Quanto
703 321 796 398 magis
819 323 879 396 eis,
910 322 1013 400 quibus
1037 342 1123 385 curae
1144 326 1220 388 lama

172 403 283 478 soluit,
308 403 526 464 conservandus
549 412 593 464 est
616 404 663 463 bic
685 405 766 464 velut
787 403 931 464 ambitus?
968 405 1065 479 Quare
1087 417 1132 484 et,
1156 428 1219 469 cum

114 558 120 569 Ι
216 484 360 549 Ciceroni
377 487 506 548 dabimus
525 487 692 564 consilium,
715 497 750 548 at
770 484 933 551 Antoniam
948 501 1049 569 repet,
1069 492 1219 552 ueletiam

214 580 247 632 at
269 569 460 651 Philippicas
480 571 535 651 (ita
549 573 637 632 vitam
654 572 814 650 pollicente
831 574 884 653 eo)
908 584 1038 651 aurat,
1061 593 1119 635 non
1139 579 1219 655 cupi·

215 655 333 717 ditatem
348 655 421 716 lucis
438 655 640 732 allegabimus,
658 656 748 734 (baec
763 659 838 716 enim
856 659 880 716 si
895 657 974 717 valet
989 659 1017 717 in
1033 662 1127 719 animo
1145 662 1218 734 eius,

215 739 377 801 tacentibus
394 755 510 818 quoque
525 739 610 799 nobis
625 740 720 820 valet)
737 741 801 818 sed,
818 750 849 800 ut
864 740 1044 819 reipublicae
1057 762 1092 802 se
1108 753 1217 819 servet,

171 822 403 886 adhortabimur.
449 823 511 884 Hac
533 824 576 884 illi
599 840 673 902 opus
698 833 744 884 est
765 825 943 902 occasione,
966 844 1003 886 ne
1029 846 1093 887 eum
1121 827 1218 887 talium

214 925 334 987 precum
350 906 467 986 pudeat.
505 907 542 967 Et
561 904 593 968 0.
611 905 743 970 Caesari
760 911 927 971 suadentes
944 929 1072 988 repetam
1096 913 1218 971 affirma·

213 991 325 1068 bimus,
348 1000 427 1052 stare
447 993 503 1052 iam
524 991 732 1070 rempublicam
754 994 808 1052 nisi
829 1009 886 1052 uuo
902 1003 1025 1070 regente
1042 1012 1100 1054 non
1116 1013 1216 1074 posse.

214 1075 350 1155 Numqui
366 1075 402 1137 de
418 1094 450 1136 re
463 1076 575 1136 nefaria
591 1075 748 1151 deliberat,
765 1077 794 1138 id
810 1077 903 1137 solum
920 1079 1051 1155 quaerit,
1070 1079 1215 1156 quomodo

171 1164 301 1239 usquam
314 1160 456 1220 minimum
472 1178 599 1238 peccare
615 1161 757 1220 videatur.
786 1159 904 1220 blultum
920 1160 1011 1220 refert
1026 1163 1123 1237 etiam,
1143 1180 1217 1240 quae

215 1245 252 1304 sit
267 1261 394 1322 persona
410 1245 573 1312 suadentis;
594 1246 676 1323 quia,
702 1253 834 1305 anteacta
848 1246 907 1304 vita
923 1246 947 1304 si
963 1244 1084 1306 illustris
1100 1246 1153 1305 luit
1170 1255 1218 1305 aut

215 1329 324 1389 clarius
348 1346 441 1405 genus
468 1338 515 1388 aut
540 1337 621 1388 aetas
647 1337 695 1389 aut
721 1328 836 1389 fortuna
856 1328 940 1388 aliert
965 1331 1216 1406 expectationem:

215 1412 426 1492 providendum
441 1421 496 1487 est,
513 1430 560 1487 ne,
578 1429 652 1490 quae
667 1412 809 1488 dicuntur,
827 1411 863 1472 ab
879 1429 926 1488 eo,
944 1414 993 1491 qui
1008 1413 1088 1488 dicit,
1106 1414 1217 1474 dissen-

215 1496 295 1557 tiant.
331 1493 371 1554 At
392 1496 436 1555 lnis
458 1498 602 1556 contraria
622 1496 848 1555 summissiorem
869 1496 1011 1574 quendam
1034 1496 1149 1557 modum
1166 1513 1218 1576 po·

216 1579 332 1639 stulant.
370 1577 442 1638 Nam
460 1580 578 1658 quaein
600 1579 664 1638 aliis
684 1579 803 1639 libertas
819 1589 880 1655 est,
903 1582 931 1639 in
953 1580 1017 1640 aliis
1036 1581 1154 1642 licentia
1167 1598 1218 1639 vo·

217 1672 315 1737 catur,
340 1671 369 1722 et
391 1661 564 1740 quibusdam
579 1663 687 1723 suflicit
711 1665 885 1739 auctoritas,
909 1664 1049 1742 quosdam
1065 1667 1139 1724 ratio
1155 1666 1219 1742 ipsa

215 1763 306 1823 aegro
321 1755 427 1805 tuetur.

174 1839 209 1894 49
300 1828 431 1908 Ideoque
459 1829 547 1906 longe
573 1830 640 1890 mibi
668 1829 856 1890 difficillimae
877 1832 1011 1892 videntur
1033 1847 1219 1910 prosopo-

216 1915 372 1994 poeiae,
395 1915 424 1973 in
446 1912 548 1991 quibus
567 1914 602 1974 ad
623 1913 765 1992 reliquum
786 1916 936 1974 suasoriae
953 1915 1083 1975 laborem
1106 1914 1219 1974 accedit

217 1999 303 2058 etiam
318 2015 466 2076 personae
481 1997 646 2058 dillieultas.
683 1996 814 2076 Namque
829 1998 905 2058 idem
921 1998 992 2059 illud
1009 1999 1094 2059 aliter
1111 1995 1220 2057 Caesar

217 2082 303 2142 aliter
321 2078 427 2141 Cicero
450 2081 535 2141 aliter
556 2079 628 2140 Cato
652 2082 777 2142 suadere
802 2081 929 2141 debebit.
967 2082 1126 2142 Utilissima
1148 2097 1219 2140 vero

214 2164 291 2226 baec
314 2167 503 2241 exercitatio,
529 2163 578 2224 vel
603 2166 680 2243 quod
705 2166 829 2244 duplicis
854 2174 899 2226 est
925 2168 1042 2245 operis,
1070 2164 1119 2224 vel
1142 2163 1220 2243 quod

216 2251 313 2328 poetis
330 2266 449 2329 quoque
465 2259 513 2309 aut
533 2249 716 2311 historiarum
729 2250 834 2309 'futuris
856 2249 1047 2329 scriptoribus
1067 2249 1220 2327 plurimum

172 2345 208 2399 60
218 2333 342 2394 confert
379 2332 487 2393 Verum
504 2342 533 2393 et
549 2333 714 2393 oratoribus
728 2335 907 2395 necessaria.
943 2334 1016 2394 Nam
1032 2343 1097 2392 sunt
1113 2331 1219 2391 multae

215 2437 232 2479 a
249 2416 370 2478 Graecus
386 2416 552 2497 Latinisque
569 2419 749 2497 compositae
773 2421 939 2495 orationes,
963 2419 1066 2498 quibus
1087 2417 1135 2477 alii
1156 2426 1218 2475 ute-

180 2511 334 2577 rentur,
355 2501 390 2561 ad
407 2518 528 2580 quorum
545 2503 746 2563 condicionem
762 2504 910 2582 vitamque
925 2503 1065 2581 aptanda,
1090 2519 1164 2579 quae
1178 2500 1218 2559 di·

113 2622 119 2635 ·
216 2586 374 2662 cebantur,
401 2585 526 2645 luerunt.
574 2585 620 2646 An
643 2587 746 2647 eodem
762 2586 848 2645 modo
867 2588 1006 2663 cogitavit
1026 2593 1073 2646 aut
1098 2584 1218 2643 eandem

215 2686 372 2750 personam
387 2669 477 2730 induit
493 2666 614 2746 Cicero,
640 2689 704 2729 cum
719 2668 863 2729 scriberet
880 2666 931 2729 Cn.
949 2668 1088 2745 Pompeio
1108 2673 1137 2724 et
1154 2683 1218 2724 cum

216 2753 249 2815 Τ.
267 2754 372 2831 Ampio
395 2754 556 2822 ceterisve;
580 2771 615 2814 ac
635 2771 693 2812 non
707 2753 932 2830 uniuscuiusque
948 2768 1047 2811 eorum
1063 2749 1217 2822 fortunam,

216 2838 406 2937 dignitatem,
415 2856 463 2897 res
479 2846 580 2914 gestas
597 2838 713 2896 intuitus
729 2837 863 2910 omnium,
880 2835 982 2913 quibus
1000 2849 1104 2892 vocem
1120 2831 1217 2906 dabat,

218 2923 328 2982 etiam
319 2922 474 2998 imaginem
496 2916 663 2999 expressit?
682 2929 714 2979 ut
735 2919 837 2979 melius
853 2918 968 2997 quidem
983 2916 1036 2978 sed
1051 2925 1146 2975 tamen
1162 2917 1218 3014 ipsi

174 3006 318 3072 illicere
340 3005 516 3066 viderentur
554 3004 657 3084 Neque
679 3005 753 3064 enim
768 3004 860 3062 minus
879 3003 984 3062 vitiosa
1001 3009 1045 3061 est
1061 3001 1171 3074 oratio,
1194 3000 1218 3057 si

218 3091 253 3151 ab
272 3090 388 3150 bomine
409 3090 533 3168 quamsi
555 3087 590 3149 ab
606 3106 657 3164 re,
679 3089 725 3148 cui
748 3086 931 3147 accomodari
948 3085 1061 3160 debuit,
1083 3045 1217 3151 dissidet;

216 3173 344 3252 ideoque
356 3172 457 3249 Lysias
473 3176 582 3252 optime
597 3172 733 3233 videtur'
724 3190 753 3230 ιιι
765 3172 811 3248 iis,
829 3187 903 3248 quae
919 3169 1067 3229 scribebat
1082 3167 1217 3243 indoctis,

216 3274 354 3317 servasse
366 3259 496 3318 veritatis
511 3256 605 3318 iidem.
632 3255 788 3315 Enimvero
804 3255 961 3333 praecipue
975 3251 1219 3315 declamatoribus

219 3340 461 3401 considerandum
488 3349 551 3417 est,
576 3339 644 3419 quid
671 3340 776 3418 cuique
801 3355 947 3418 personae
972 3339 1142 3411 conveniat,
1171 3336 1218 3416 qui

217 3425 411 3504 paucissimas
426 3424 642 3485 controversias
658 3426 697 3484 ita
712 3424 810 3485 dicunt
824 3430 855 3482 ut
874 3423 1025 3500 advocati,
1047 3421 1219 3501 plerumque
