2566 4026
206 161 244 222 12
523 173 885 233 u.rnn.qu1nrrurnn1

204 346 279 408 quae
295 335 360 386 sunt
375 328 538 405 praesentis
556 327 715 405 temporis,
737 328 762 386 si
778 344 835 386 non
850 330 1043 405 argumentis,
1063 349 1137 408 quae
1157 351 1206 392 ne·

203 430 289 472 cesse
305 420 350 470 est
365 412 584 488 praecessisse,
607 411 660 470 sed
676 409 769 470 oculis
787 411 1031 490 deprehendenda
1048 423 1129 491 sunt,
1150 433 1208 475 non

202 505 290 574 egent
306 495 490 555 coniectura:
517 503 548 554 ut
564 496 588 553 si
611 493 687 573 apud
701 492 948 555 Lacedaemonios
966 503 1137 575 quaeratur,
1159 497 1208 560 An

199 576 327 642 Atbenis
344 581 425 640 muri
437 579 537 658 fiunt?
580 578 640 639 Sed
656 586 685 637 et
699 577 785 654 illud,
809 580 887 657 quod
902 589 1001 657 potest
1016 581 1108 641 videri
1125 575 1207 644 extra

199 664 273 724 haec
299 663 440 742 positum,
468 663 654 722 coniecturae
680 680 789 738 geuuS,
826 680 890 722 eum
913 663 949 722 de
973 665 1070 742 aliquo
1091 666 1207 725 homine

200 749 362 826 quaeritur,
382 746 438 820 Qui
452 747 503 815 sit;
519 755 551 806 ut
566 755 611 805 est
627 747 787 824 quaesitum
803 756 904 806 contra
914 745 1053 808 Urbiniae
1068 749 1206 828 heredes,

199 831 250 908 st,
269 833 322 909 qui
333 839 479 908 tunquam
489 831 572 908 filins
583 830 708 908 petebat
719 830 815 906 bonu,
831 829 958 909 Piqnlus
972 838 1051 893 esset
1067 853 1109 895 un
1120 834 1206 896 Sosi·

171 922 295 994 epuler.
320 913 392 975 Nam
405 923 434 974 et
450 913 609 974 substantia
622 914 684 972 eius
700 913 753 973 sub
766 914 869 973 oculos
881 915 976 992 venit,
993 925 1024 975 ut
1039 934 1098 976 nou
1112 921 1208 996 possit

200 1000 317 1077 quaeri,
342 997 389 1057 An
409 999 462 1074 sit,
485 996 630 1077 quomodo
649 996 695 1055 Αιι
716 997 792 1058 ultra
811 1015 967 1068 oceanum;
991 1018 1047 1060 uec
1071 1000 1148 1074 Quid
1171 1003 1208 1061 sit

88 1100 91 1108 ’
200 1100 256 1143 nec
270 1081 363 1156 Quale
379 1083 432 1158 sit,
452 1083 505 1142 sed
521 1081 577 1155 Qui
593 1078 651 1140 sit?
694 1080 802 1145 Verum
818 1081 876 1142 boc
893 1100 1011 1162 quoque
1033 1103 1126 1161 genus
1148 1087 1207 1144 litis

201 1185 239 1225 en
255 1167 414 1244 praeterito
432 1165 556 1244 pendet,
573 1162 623 1224 An
637 1166 687 1225 bic
700 1165 740 1225 sit
757 1184 797 1225 en
810 1163 939 1228 Urbinia
949 1176 1040 1228 nutus
1051 1165 1206 1230 Clusinius

199 1249 347 1329 Fipulus?
373 1248 501 1310 Fuerunt
517 1257 611 1311 autem
627 1247 701 1308 tales
717 1249 824 1308 nostris
841 1251 926 1309 etiam
942 1251 1121 1329 temporibus
1138 1270 1206 1312 con·

200 1334 381 1410 troversiae,
407 1343 494 1413 atque
510 1333 625 1411 aliquae
641 1333 670 1391 iu
685 1349 778 1391 meum
794 1349 911 1410 quoque
928 1336 1119 1410 patrocinium
1137 1337 1206 1396 inci·

173 1419 312 1481 oderunt.
346 1416 441 1477 Animi
459 1418 625 1479 coniectura
640 1433 698 1474 uon
713 1414 799 1475 dubie
814 1418 842 1476 in
858 1419 952 1477 omnia
967 1427 1099 1497 tempora
1119 1420 1206 1497 cadit,

201 1500 270 1574 Qun
287 1508 385 1564 mente
398 1499 544 1580 quurr'us
559 1503 592 1561 iu
607 1496 721 1578 Africo
733 1500 850 1578 fuerit?
873 1498 943 1572 Quu
957 1498 1054 1563 mente
1069 1501 1208 1583 Pyrrhus

197 1587 308 1664 foedus
320 1587 428 1664 petat?
463 1583 619 1658 Quomodo
633 1585 755 1644 loturus
769 1585 810 1646 sit
822 1581 958 1661 Ouesur,
976 1588 1004 1646 si
1015 1585 1208 1649 Ptolemaeus

199 1666 374 1747 Pompeium
388 1669 558 1750 occiderit?
888 1713 895 1722 .

286 1749 441 1823 Quaeritur
458 1770 512 1830 per
534 1751 730 1810 coniecturam
747 1759 776 1810 et
792 1750 960 1829 qualitatem
982 1753 1060 1812 circa
1079 1753 1205 1832 modum,

200 1836 345 1912 speciem,
364 1852 526 1910 numerum,
542 1831 592 1893 An
610 1835 657 1894 sol
670 1835 769 1895 maior
785 1849 877 1912 quum
895 1837 1003 1897 terro?
1037 1834 1128 1898 Luna
1141 1839 1206 1916 plo-

173 1920 272 1983 ibosu
288 1935 329 1978 un
342 1918 441 1997 planu
457 1939 498 1980 un
514 1919 630 1980 uentu?
660 1915 745 1978 Unus
762 1921 895 1980 mundus
910 1938 951 1980 un
965 1921 1094 1997 plnres?
1121 1919 1206 1980 ltem·

200 2019 257 2080 que
280 2009 363 2062 extra
383 2003 528 2062 naturales
550 2002 755 2079 quaestiones,
783 2000 886 2063 Maius
907 2003 1018 2064 bellum
1043 2002 1208 2066 Troianum

164 2150 165 2155 ,
199 2105 241 2146 (ιιι
263 2083 537 2164 Peloponnesium?
583 2083 835 2165 Qualis'clipeus
859 2085 1008 2147 Achillis?
1053 2083 1102 2147 An
1128 2107 1208 2148 nnus

199 2167 371 2231 Hercules?
1162 2182 1164 2184 ’

284 2251 316 2311 ln
331 2254 366 2312 iis
388 2262 502 2328 autem,
525 2272 600 2332 quae
617 2255 803 2315 accusatione
819 2271 855 2313 ac
873 2255 1044 2314 defensione
1063 2256 1206 2330 coustant,

198 2354 284 2395 unum
300 2346 344 2397 est
359 2356 467 2415 genus,
490 2339 519 2396 in
536 2355 594 2415 quo
611 2340 760 2416 quaeritur
776 2345 805 2396 et
824 2337 859 2396 de
875 2339 952 2398 facto
970 2338 1051 2398 etde
1069 2346 1207 2405 auotore;

200 2420 277 2498 quod
305 2422 417 2482 interim
441 2423 621 2483 coniunctam
644 2423 843 2501 quaestionem
864 2421 968 2497 habet,
997 2431 1026 2480 et
1054 2431 1208 2499 utrumque

199 2505 310 2582 pariter
324 2514 460 2583 negatum
483 2507 785 2585 interimseparatam,
808 2524 872 2564 cum
885 2514 913 2565 et
928 2505 1035 2565 iactum
1049 2506 1086 2564 sit
1100 2524 1206 2580 necne,

173 2595 231 2651 8et
253 2589 277 2646 si
298 2588 335 2647 de
357 2590 435 2648 iacto
454 2598 585 2665 constet,
605 2608 621 2648 a
638 2608 695 2667 quo
713 2589 820 2649 factum
832 2591 885 2665 sit,
902 2588 1063 2665 ambigitur.
1108 2588 1206 2666 Ipsum

200 2687 317 2749 quoque
338 2671 444 2733 iactum
466 2673 619 2751 aliquando
636 2673 797 2751 simplicem
820 2675 1019 2750 quaestionem
1034 2672 1138 2746 habet,
1161 2670 1207 2729 An

199 2754 285 2814 homo
312 2756 447 2834 perierit;
485 2757 638 2834 aliquando
667 2756 828 2836 duplicem,
857 2757 979 2816 Veneno
1002 2774 1037 2815 an
1065 2754 1207 2814 cruditate

199 2839 329 2916 perierit.
375 2838 507 2899 Alterum
530 2850 574 2899 est
594 2858 686 2917 genus
709 2841 745 2899 dc
768 2841 846 2901 iacto
869 2850 993 2914 tantum,
1017 2856 1099 2914 cum,
1130 2839 1155 2896 si
1178 2837 1207 2897 id

201 2931 310 2981 certum
330 2923 383 2998 sit,
406 2940 463 2982 nou
487 2933 585 3002 potest
606 2925 641 2984 de
667 2933 787 2984 auctore
810 2923 947 2992 dubitari;
967 2925 1081 2982 tertium
1104 2922 1140 2981 de
1156 2939 1205 2980 au·

201 3014 283 3065 ctare
305 3013 427 3081 tantum,
450 3025 514 3066 cum
534 3008 641 3068 iactum
662 3017 791 3084 constat,
814 3009 883 3083 sed,
909 3026 925 3067 a
948 3023 1004 3085 quo
1027 3008 1064 3064 sit
1087 3006 1205 3082 iactum,

176 3089 228 3153 ain
251 3092 479 3150 controversiam
499 3092 594 3157 venit.¹
638 3092 676 3153 Et
701 3091 775 3167 boc,
807 3091 885 3169 quod
909 3092 994 3150 tertio
1018 3089 1086 3148 loco
1108 3088 1205 3166 posui,

202 3190 259 3231 non
278 3183 322 3233 est
338 3175 471 3252 simplex.
512 3175 570 3234 Aut
586 3177 661 3234 enim
681 3194 749 3236 reus
767 3176 875 3234 iecisse
895 3172 1087 3233 tantummodo
1104 3189 1138 3231 se
1155 3189 1205 3230 ne·

203 3264 253 3332 gat
268 3261 315 3315 aut
330 3257 415 3318 alium
431 3259 539 3318 fecisse
555 3259 632 3318 dicit.
672 3259 731 3318 Sed
746 3276 782 3318 ne
803 3260 831 3317 in
846 3258 966 3317 alterum
982 3257 1097 3336 quidem
1113 3264 1205 3315 trans-

203 3340 315 3399 ferendi
338 3343 461 3401 criminis
483 3360 539 3402 uua
559 3342 651 3402 forma
675 3350 728 3400 est.
766 3340 911 3400 Interdum
929 3342 1004 3401 enim
1025 3339 1206 3398 substituitur

202 3432 299 3483 mutua
326 3427 491 3502 accusatio,
518 3444 602 3504 quam
627 3424 730 3485 Graeci
746 3418 991 3505 ἆντικατηγορίοιν
1009 3432 1131 3499 vocant,
1153 3437 1205 3481 uo·
