2566 4026
188 146 209 210 8
511 153 873 213 u.cds.on1nn1o1nn1

187 313 297 376 eeutet.
338 310 402 371 lieo
413 308 598 388 proditionis
608 309 697 387 putri
711 310 846 370 disertus
864 307 947 384 fitius
969 310 1076 393 offuit,
1099 314 1194 373 rusti-

189 415 243 458 cus
266 415 327 458 nou
346 393 451 476 offuit:
474 392 640 454 damnatus
653 392 731 453 abiit
749 411 817 452 cum
837 392 989 454 aduocato
1009 395 1043 455 iu
1058 397 1194 456 esitium

188 479 334 540 Rusticus
353 495 423 538 cum
440 476 562 555 fortiter
579 476 720 554 fecisset,
746 476 881 554 praemii
903 479 1024 539 nomine
1044 479 1194 558 impetro·

187 564 230 625 uit
247 562 465 623 restitutionem
476 561 578 639 putris
592 567 621 621 et
633 560 754 638 scutris.
792 558 885 621 Peter
903 578 1049 622 reuersus
1068 565 1194 624 intesta·

189 655 237 708 tus
259 646 407 707 decessit:
425 646 503 724 petit
517 645 652 704 rtnsticus
663 652 786 722 purtem
801 643 964 721 bonorum,
979 653 1086 706 orator
1102 655 1195 708 totum

146 730 247 791 43sibi
276 729 423 790 vindicet.
474 725 527 785 llic
554 727 597 787 illi
619 726 808 805 eloquentes,
836 726 998 806 quibusque
1029 747 1083 789 nos
1115 733 1194 789 circa

188 813 254 873 lites
275 830 356 873 raras
379 810 568 870 sollicitiores
589 809 702 870 ridiculi
722 810 869 886 videmur,
890 812 1026 871 invadent
1049 829 1194 892 personas

185 896 376 957 favorabiles.
425 893 511 953 Actio
537 910 591 973 pro
615 895 723 953 rustico
747 901 847 954 eontra
868 894 1023 971 disertum,
1051 913 1106 974 pro
1129 897 1193 955 viro

187 981 256 1041 lorti
273 988 373 1040 eontra
391 977 554 1053 imbellem,
579 994 632 1056 pro
648 979 816 1037 restitutore
834 986 935 1037 contra
957 979 1118 1055 ingratum,
1138 995 1193 1059 pro

189 1081 243 1140 eo,
261 1064 309 1142 qui
322 1071 405 1141 parte
420 1070 573 1121 contentus
589 1062 642 1136 sit,
661 1069 761 1120 contra
777 1078 857 1136 eum,
877 1062 924 1138 qui
938 1061 1019 1121 fratri
1034 1063 1104 1123 nihil
1123 1064 1194 1123 dare

148 1152 226 1208 ilex
249 1148 377 1226 paternis
398 1145 478 1206 velit.
524 1144 605 1218 Quae
630 1145 724 1204 omnia
746 1154 810 1204 sunt
831 1146 860 1203 in
879 1145 998 1205 materia
1023 1156 1052 1205 et
1073 1146 1193 1205 multum

187 1234 300 1307 iuvant,
320 1230 470 1299 victoriam
485 1238 580 1289 tamen
595 1245 652 1287 non
667 1227 790 1288 trabunt.
822 1226 854 1286 ln
868 1227 924 1287 bae
939 1239 1115 1307 quaerentur
1127 1248 1192 1289 sen-

187 1316 312 1390 tentiae,
333 1315 358 1373 si
380 1313 443 1373 lieri
460 1314 586 1391 poterit,
609 1313 785 1391 praecipites
805 1311 854 1370 vel
878 1310 1038 1389 obscurae,
1063 1315 1142 1392 (nam
1159 1330 1194 1372 ea

187 1416 262 1458 nunc
279 1399 370 1457 virtus
393 1398 459 1476 est)
484 1406 513 1456 et
533 1394 656 1475 pulchre
677 1396 765 1456 luerit
792 1413 855 1454 cum
880 1396 1000 1456 materia
1022 1397 1143 1456 tumultu
1165 1405 1194 1455 et

188 1482 316 1542 clamore
338 1489 522 1541 transactum.
571 1478 617 1539 llli
638 1497 727 1556 vero,
751 1479 853 1557 quibus
878 1482 1058 1557 propositum
1079 1480 1194 1558 quidem

186 1564 289 1624 melius
313 1564 366 1623 sed
385 1582 453 1623 cura
475 1565 503 1622 in
518 1565 651 1641 proximo
668 1573 728 1639 est,
751 1563 825 1623 baec
846 1563 927 1622 velut
942 1564 1095 1623 innatantia
1112 1563 1192 1622 vide·

145 1646 272 1708 45bunt:
291 1645 469 1706 Excusatum
485 1665 552 1705 esse
567 1648 720 1721 rusticum,
740 1646 817 1724 quod
828 1663 885 1705 non
906 1646 1068 1706 interfuerit
1085 1646 1192 1706 iudicio

187 1729 257 1790 nibil
269 1729 428 1789 collaturus
444 1731 533 1807 patri;
557 1731 610 1790 sed
629 1748 665 1789 ne
682 1731 819 1790 disertum
835 1730 949 1808 quidem
964 1729 1089 1806 babere,
1115 1728 1194 1807 quod

187 1815 308 1892 imputet
328 1829 397 1889 reo,
421 1830 485 1872 eum
506 1814 531 1871 is
555 1813 702 1873 damnatus
723 1814 775 1881 siu
798 1814 913 1890 dignum
939 1831 1006 1872 esse
1029 1813 1192 1873 hereditate

188 1897 399 1964 restitutorem
423 1913 555 1971 avarum,
575 1899 704 1975 impium,
724 1897 880 1973 ingratum,
902 1898 950 1974 qui
972 1897 1102 1956 dividere
1120 1895 1192 1954 nolit

188 1980 357 2040 cumfratre
374 1997 469 2057 eoque
485 1981 528 2039 sic
551 1982 668 2048 merit0;
693 1981 891 2058 quaestionem
907 1997 1023 2057 quoque
1039 1980 1118 2039 illam
1133 1979 1191 2056 pri·

186 2081 260 2122 mam
286 2064 386 2141 scripti
412 2073 441 2123 ct
466 2063 639 2139 voluntatis,
660 2082 716 2142 qua
741 2081 799 2122 non
823 2071 987 2142 expugnata
1009 2080 1066 2122 non
1087 2065 1125 2122 sit
1144 2080 1191 2121 se·

145 2145 340 2226 liquentibus
364 2146 458 2207 locus.
503 2146 558 2223 At,
582 2149 631 2226 qui
651 2157 780 2207 naturam
801 2157 955 2224 sequetur,
981 2145 1032 2206 illa
1052 2145 1192 2223 cogitabit

186 2231 334 2309 proiecto,
342 2232 434 2309 primo
446 2230 504 2290 boc
517 2231 657 2291 dicturum
668 2234 820 2291 rusticum:
837 2229 930 2292 Pater
940 2231 1101 2290 intestatus
1113 2224 1192 2291 duos

185 2334 242 2376 nos
259 2315 338 2393 filios
358 2315 497 2393 reliquit,
521 2324 645 2393 purtem
667 2317 736 2376 iure
753 2316 886 2394 centium
905 2321 984 2392 peto·
1037 2311 1108 2385 Quis
1134 2321 1192 2371 tam

186 2400 351 2478 imperitus,
368 2401 431 2477 quis
443 2408 499 2459 tam
511 2398 615 2477 procul
630 2399 779 2473 alitteris,
793 2401 860 2475 quin
872 2398 915 2456 sie
926 2397 1061 2473 incipiat,
1079 2397 1192 2455 etiamsi

143 2497 177 2553 47
186 2483 341 2559 nescierit,
362 2483 429 2560 quid
444 2483 481 2541 sit
496 2480 681 2560 propositio?
717 2481 798 2541 Hane
814 2497 992 2541 communem
1010 2482 1133 2538 omnium
1148 2479 1191 2538 le·

187 2584 254 2644 gem
271 2567 375 2625 leviter
391 2565 540 2626 adornabit
557 2575 587 2624 nt
601 2567 713 2640 iustam.
753 2564 864 2642 Nempe
879 2572 1034 2641 sequetur,
1056 2571 1087 2621 ut
1103 2580 1191 2640 quae·

187 2668 299 2724 ramus,
320 2650 387 2727 quid
402 2649 469 2708 huie
485 2657 541 2708 tam
558 2666 671 2726 aequae
686 2648 874 2727 postulationi
889 2643 1121 2724 respondeatur?
1151 2644 1192 2704 At

187 2733 216 2792 id
231 2732 412 2792 manifestum
435 2740 489 2792 est.
538 2730 604 2793 Leo
622 2741 686 2809 est,
714 2749 794 2810 quoe
812 2733 896 2793 iubet
922 2731 1103 2792 exheredem
1125 2747 1192 2789 esse

189 2836 272 2893 wau,
296 2817 349 2893 qui
358 2817 445 2894 patri
454 2817 641 2895 proditionis
661 2836 715 2880 reo
731 2835 790 2877 uou
805 2815 946 2898 affuerim
968 2821 1000 2875 tu
1015 2821 1116 2874 cutem
1130 2831 1192 2873 nou

188 2900 310 2983 affuisti.
354 2896 434 2959 Hanc
449 2901 678 2978 propositionem
698 2899 866 2959 necessaria
887 2899 1017 2976 sequitur
1034 2896 1108 2973 legis
1130 2895 1192 2955 lau-

144 2983 265 3045 48datio
283 2991 312 3042 et
328 2984 405 3059 eius,
423 2985 471 3060 qui
487 3000 545 3041 non
560 2984 690 3060 affuerit,
705 2984 889 3062 vituperatio.
924 2980 1027 3040 Adhuc
1042 2996 1193 3038 versamur

187 3067 215 3124 in
234 3066 394 3135 confessis;
420 3065 521 3125 redeat
543 3069 651 3126 animus
667 3068 703 3128 ad
717 3069 886 3146 petitorem;
909 3064 1044 3142 numquid
1059 3079 1117 3122 non
1134 3062 1193 3122 boo

188 3151 299 3225 cogitet
313 3168 438 3210 necesse
456 3159 516 3224 est,
535 3153 589 3209 nisi
606 3153 654 3229 qui
672 3153 709 3210 sit
725 3151 811 3230 plane
827 3147 934 3209 hebes:
956 3147 992 3208 st
1010 3148 1062 3209 lec
1081 3146 1192 3222 obstat,

124 3297 129 3314 ι
186 3233 271 3292 nullu
285 3234 324 3294 lis
341 3241 401 3311 est,
424 3234 517 3294 inune
538 3235 687 3295 iudicium
702 3237 769 3295 est?
805 3230 899 3311 Atqui
915 3239 944 3294 et
963 3232 1060 3310 leuem
1081 3249 1148 3291 esse
1165 3237 1194 3290 et

187 3315 259 3389 boc,
284 3318 368 3392 quod
388 3335 425 3377 eu
441 3318 567 3394 puniet,
585 3336 606 3377 u
620 3320 737 3380 rustico
756 3319 889 3397 suctum,
916 3323 1007 3376 eutru
1028 3313 1192 3376 dubitatio-

144 3406 257 3460 49oetu
272 3405 327 3459 est.
352 3399 427 3472 Quid
443 3417 515 3478 ergo
533 3399 673 3461 dicimus?
694 3401 842 3463 Rusticus
861 3418 956 3461 erum.
978 3397 1038 3458 Sed
1054 3397 1103 3457 lex
1119 3403 1192 3472 erat,
