<?xml version="1.0" encoding="UTF-8"?>
<!DOCTYPE html PUBLIC "-//W3C//DTD XHTML 1.0 Transitional//EN"
    "http://www.w3.org/TR/xhtml1/DTD/xhtml1-transitional.dtd">
<html xmlns="http://www.w3.org/1999/xhtml" xml:lang="en" lang="en">
 <head>
  <title>
</title>
<meta http-equiv="Content-Type" content="text/html;charset=utf-8" />
  <meta name='ocr-system' content='tesseract 3.04.00' />
  <meta name='ocr-capabilities' content='ocr_page ocr_carea ocr_par ocr_line ocrx_word'/>
</head>
<body>
  <div class='ocr_page' id='page_1' title='image "./mfabiiquintilia00bonngoog/mfabiiquintilia00bonngoog_0285.png"; bbox 0 0 2566 4026; ppageno 0'>
   <div class='ocr_carea' id='block_1_1' title="bbox 155 136 843 209">
    <p class='ocr_par' dir='ltr' id='par_1_1' title="bbox 155 136 843 209">
     <span class='ocr_line' id='line_1_1' title="bbox 155 136 843 209; baseline -0.006 -9"><span class='ocrx_word' id='word_1_1' title='bbox 155 136 216 201; x_wconf 73' lang='lat'><strong>258</strong></span> <span class='ocrx_word' id='word_1_2' title='bbox 473 150 509 197; x_wconf 83' lang='lat' dir='ltr'><strong>u.</strong></span> <span class='ocrx_word' id='word_1_3' title='bbox 526 149 605 197; x_wconf 76' lang='lat' dir='ltr'><strong>aaa.</strong></span> <span class='ocrx_word' id='word_1_4' title='bbox 622 148 843 209; x_wconf 77' lang='lat' dir='ltr'><strong>qumrruraur</strong></span> 
     </span>
    </p>
   </div>
   <div class='ocr_carea' id='block_1_2' title="bbox 89 303 1201 1955">
    <p class='ocr_par' dir='ltr' id='par_1_2' title="bbox 154 303 1159 466">
     <span class='ocr_line' id='line_1_2' title="bbox 154 303 1159 382; baseline -0.001 -16"><span class='ocrx_word' id='word_1_5' title='bbox 154 306 294 380; x_wconf 75' lang='lat' dir='ltr'><strong>dixisset,</strong></span> <span class='ocrx_word' id='word_1_6' title='bbox 315 303 351 365; x_wconf 91' lang='lat' dir='ltr'><strong>de</strong></span> <span class='ocrx_word' id='word_1_7' title='bbox 366 303 480 363; x_wconf 85' lang='lat' dir='ltr'><strong>fortuna</strong></span> <span class='ocrx_word' id='word_1_8' title='bbox 493 319 626 381; x_wconf 90' lang='lat' dir='ltr'><strong>quoque,</strong></span> <span class='ocrx_word' id='word_1_9' title='bbox 639 320 695 381; x_wconf 92' lang='lat' dir='ltr'><strong>qua</strong></span> <span class='ocrx_word' id='word_1_10' title='bbox 707 312 829 382; x_wconf 91' lang='lat' dir='ltr'><strong>uterque</strong></span> <span class='ocrx_word' id='word_1_11' title='bbox 841 304 1018 381; x_wconf 79' lang='lat' dir='ltr'><strong>abundabat,</strong></span> <span class='ocrx_word' id='word_1_12' title='bbox 1035 305 1159 366; x_wconf 86' lang='lat' dir='ltr'><strong>adiecit:</strong></span> 
     </span>
     <span class='ocr_line' id='line_1_3' title="bbox 155 388 1011 466; baseline -0.001 -16"><span class='ocrx_word' id='word_1_13' title='bbox 155 388 239 450; x_wconf 84' lang='lat' dir='ltr'><strong>Nihil</strong></span> <span class='ocrx_word' id='word_1_14' title='bbox 254 388 339 450; x_wconf 82' lang='lat' dir='ltr'><strong>ooba&#39;e</strong></span> <span class='ocrx_word' id='word_1_15' title='bbox 353 388 454 447; x_wconf 80' lang='lat' dir='ltr'><strong>minus</strong></span> <span class='ocrx_word' id='word_1_16' title='bbox 470 389 564 464; x_wconf 82' lang='lat' dir='ltr'><strong>decet,</strong></span> <span class='ocrx_word' id='word_1_17' title='bbox 581 403 674 465; x_wconf 87' lang='lat' dir='ltr'><strong>quom</strong></span> <span class='ocrx_word' id='word_1_18' title='bbox 692 388 732 448; x_wconf 87' lang='lat' dir='ltr'><strong>de</strong></span> <span class='ocrx_word' id='word_1_19' title='bbox 747 404 806 466; x_wconf 84' lang='lat' dir='ltr'><strong>qao</strong></span> <span class='ocrx_word' id='word_1_20' title='bbox 820 391 1011 451; x_wconf 69' lang='lat' dir='ltr'><strong>contenditis.</strong></span> 
     </span>
    </p>

    <p class='ocr_par' dir='ltr' id='par_1_3' title="bbox 114 469 1161 800">
     <span class='ocr_line' id='line_1_4' title="bbox 114 469 1161 550; baseline -0.005 -14"><span class='ocrx_word' id='word_1_21' title='bbox 114 485 146 536; x_wconf 83' lang='lat' dir='ltr'><strong>tl</strong></span> <span class='ocrx_word' id='word_1_22' title='bbox 239 469 345 531; x_wconf 84' lang='lat' dir='ltr'>Omnes</span> <span class='ocrx_word' id='word_1_23' title='bbox 365 480 459 530; x_wconf 89' lang='lat' dir='ltr'><strong>autem</strong></span> <span class='ocrx_word' id='word_1_24' title='bbox 477 469 531 530; x_wconf 88' lang='lat' dir='ltr'><strong>bos</strong></span> <span class='ocrx_word' id='word_1_25' title='bbox 550 471 688 546; x_wconf 88' lang='lat' dir='ltr'><strong>affectus,</strong></span> <span class='ocrx_word' id='word_1_26' title='bbox 707 473 819 532; x_wconf 90' lang='lat' dir='ltr'><strong>etiamsi</strong></span> <span class='ocrx_word' id='word_1_27' title='bbox 837 472 1007 550; x_wconf 90' lang='lat' dir='ltr'><strong>quibusdam</strong></span> <span class='ocrx_word' id='word_1_28' title='bbox 1025 473 1161 532; x_wconf 86' lang='lat' dir='ltr'><strong>videntur</strong></span> 
     </span>
     <span class='ocr_line' id='line_1_5' title="bbox 155 554 1160 635; baseline -0.002 -18"><span class='ocrx_word' id='word_1_29' title='bbox 155 559 184 617; x_wconf 91' lang='lat' dir='ltr'><strong>in</strong></span> <span class='ocrx_word' id='word_1_30' title='bbox 199 556 350 635; x_wconf 93' lang='lat' dir='ltr'><strong>prooemio</strong></span> <span class='ocrx_word' id='word_1_31' title='bbox 371 563 458 635; x_wconf 91' lang='lat' dir='ltr'><strong>atque</strong></span> <span class='ocrx_word' id='word_1_32' title='bbox 483 554 511 613; x_wconf 89' lang='lat' dir='ltr'><strong>iu</strong></span> <span class='ocrx_word' id='word_1_33' title='bbox 528 555 648 632; x_wconf 77' lang='lat' dir='ltr'>epilogo</span> <span class='ocrx_word' id='word_1_34' title='bbox 665 555 765 615; x_wconf 90' lang='lat' dir='ltr'><strong>sedem</strong></span> <span class='ocrx_word' id='word_1_35' title='bbox 779 555 905 632; x_wconf 87' lang='lat' dir='ltr'><strong>babere,</strong></span> <span class='ocrx_word' id='word_1_36' title='bbox 922 558 950 615; x_wconf 91' lang='lat' dir='ltr'><strong>in</strong></span> <span class='ocrx_word' id='word_1_37' title='bbox 969 556 1073 635; x_wconf 92' lang='lat' dir='ltr'><strong>quibus</strong></span> <span class='ocrx_word' id='word_1_38' title='bbox 1087 573 1160 615; x_wconf 88' lang='lat' dir='ltr'><strong>saue</strong></span> 
     </span>
     <span class='ocr_line' id='line_1_6' title="bbox 156 638 1160 719; baseline -0.003 -18"><span class='ocrx_word' id='word_1_39' title='bbox 156 643 212 701; x_wconf 90' lang='lat' dir='ltr'><strong>sint</strong></span> <span class='ocrx_word' id='word_1_40' title='bbox 226 639 470 718; x_wconf 78' lang='lat' dir='ltr'><strong>frequentissimi,</strong></span> <span class='ocrx_word' id='word_1_41' title='bbox 488 646 584 699; x_wconf 90' lang='lat' dir='ltr'><strong>tamen</strong></span> <span class='ocrx_word' id='word_1_42' title='bbox 599 638 674 699; x_wconf 91' lang='lat' dir='ltr'><strong>aliae</strong></span> <span class='ocrx_word' id='word_1_43' title='bbox 689 655 807 717; x_wconf 91' lang='lat' dir='ltr'><strong>quoque</strong></span> <span class='ocrx_word' id='word_1_44' title='bbox 824 649 923 718; x_wconf 91' lang='lat' dir='ltr'><strong>partes</strong></span> <span class='ocrx_word' id='word_1_45' title='bbox 945 642 1090 719; x_wconf 90' lang='lat' dir='ltr'><strong>recipiunt</strong></span> <span class='ocrx_word' id='word_1_46' title='bbox 1105 638 1160 698; x_wconf 88' lang='lat' dir='ltr'><strong>sed</strong></span> 
     </span>
     <span class='ocr_line' id='line_1_7' title="bbox 155 721 1159 800; baseline -0.004 -15"><span class='ocrx_word' id='word_1_47' title='bbox 155 724 324 800; x_wconf 88' lang='lat' dir='ltr'><strong>breviores,</strong></span> <span class='ocrx_word' id='word_1_48' title='bbox 341 731 371 783; x_wconf 90' lang='lat' dir='ltr'><strong>ut</strong></span> <span class='ocrx_word' id='word_1_49' title='bbox 395 740 458 782; x_wconf 91' lang='lat' dir='ltr'><strong>eum</strong></span> <span class='ocrx_word' id='word_1_50' title='bbox 479 723 567 781; x_wconf 88' lang='lat' dir='ltr'><strong>exiis</strong></span> <span class='ocrx_word' id='word_1_51' title='bbox 586 721 706 800; x_wconf 89' lang='lat' dir='ltr'><strong>plurima</strong></span> <span class='ocrx_word' id='word_1_52' title='bbox 724 725 762 782; x_wconf 90' lang='lat' dir='ltr'><strong>sit</strong></span> <span class='ocrx_word' id='word_1_53' title='bbox 781 741 829 783; x_wconf 90' lang='lat' dir='ltr'><strong>res</strong></span> <span class='ocrx_word' id='word_1_54' title='bbox 853 725 990 784; x_wconf 84' lang='lat' dir='ltr'><strong>eruenda.</strong></span> <span class='ocrx_word' id='word_1_55' title='bbox 1036 723 1075 783; x_wconf 86' lang='lat' dir='ltr'><strong>At</strong></span> <span class='ocrx_word' id='word_1_56' title='bbox 1098 722 1159 798; x_wconf 85' lang='lat' dir='ltr'><strong>hic,</strong></span> 
     </span>
    </p>

    <p class='ocr_par' dir='ltr' id='par_1_4' title="bbox 113 805 1201 1138">
     <span class='ocr_line' id='line_1_8' title="bbox 113 805 1159 887; baseline -0.009 -14"><span class='ocrx_word' id='word_1_57' title='bbox 113 809 178 873; x_wconf 79' lang='lat' dir='ltr'><strong>saei</strong></span> <span class='ocrx_word' id='word_1_58' title='bbox 196 825 333 887; x_wconf 82' lang='lat' dir='ltr'><strong>usquam,</strong></span> <span class='ocrx_word' id='word_1_59' title='bbox 352 814 430 866; x_wconf 87' lang='lat' dir='ltr'><strong>totos</strong></span> <span class='ocrx_word' id='word_1_60' title='bbox 453 805 638 883; x_wconf 83' lang='lat' dir='ltr'><strong>eloquentiae</strong></span> <span class='ocrx_word' id='word_1_61' title='bbox 656 808 771 884; x_wconf 90' lang='lat' dir='ltr'><strong>aperire</strong></span> <span class='ocrx_word' id='word_1_62' title='bbox 788 806 886 867; x_wconf 88' lang='lat' dir='ltr'><strong>fontes</strong></span> <span class='ocrx_word' id='word_1_63' title='bbox 902 808 981 868; x_wconf 90' lang='lat' dir='ltr'><strong>lieet.</strong></span> <span class='ocrx_word' id='word_1_64' title='bbox 1026 806 1100 867; x_wconf 91' lang='lat' dir='ltr'><strong>Nam</strong></span> <span class='ocrx_word' id='word_1_65' title='bbox 1117 815 1159 880; x_wconf 88' lang='lat' dir='ltr'><strong>et,</strong></span> 
     </span>
     <span class='ocr_line' id='line_1_9' title="bbox 157 889 1159 968; baseline -0.003 -16"><span class='ocrx_word' id='word_1_66' title='bbox 157 893 180 952; x_wconf 93' lang='lat' dir='ltr'><strong>si</strong></span> <span class='ocrx_word' id='word_1_67' title='bbox 197 891 272 952; x_wconf 90' lang='lat' dir='ltr'><strong>bene</strong></span> <span class='ocrx_word' id='word_1_68' title='bbox 289 892 411 952; x_wconf 88' lang='lat' dir='ltr'><strong>diximus</strong></span> <span class='ocrx_word' id='word_1_69' title='bbox 426 889 556 968; x_wconf 88' lang='lat' dir='ltr'><strong>reliqua,</strong></span> <span class='ocrx_word' id='word_1_70' title='bbox 578 890 791 968; x_wconf 86' lang='lat' dir='ltr'><strong>possidebimus</strong></span> <span class='ocrx_word' id='word_1_71' title='bbox 816 892 870 951; x_wconf 93' lang='lat' dir='ltr'><strong>iam</strong></span> <span class='ocrx_word' id='word_1_72' title='bbox 893 892 1018 951; x_wconf 90' lang='lat' dir='ltr'><strong>iudicum</strong></span> <span class='ocrx_word' id='word_1_73' title='bbox 1036 892 1159 958; x_wconf 83' lang='lat' dir='ltr'><strong>animos,</strong></span> 
     </span>
     <span class='ocr_line' id='line_1_10' title="bbox 157 974 1201 1054; baseline -0.009 -18"><span class='ocrx_word' id='word_1_74' title='bbox 157 985 186 1037; x_wconf 90' lang='lat' dir='ltr'><strong>et</strong></span> <span class='ocrx_word' id='word_1_75' title='bbox 202 995 218 1034; x_wconf 92' lang='lat' dir='ltr'><strong>e</strong></span> <span class='ocrx_word' id='word_1_76' title='bbox 233 974 416 1053; x_wconf 88' lang='lat' dir='ltr'><strong>confragosis</strong></span> <span class='ocrx_word' id='word_1_77' title='bbox 429 982 515 1051; x_wconf 91' lang='lat' dir='ltr'><strong>atque</strong></span> <span class='ocrx_word' id='word_1_78' title='bbox 534 974 648 1051; x_wconf 89' lang='lat' dir='ltr'><strong>asperis</strong></span> <span class='ocrx_word' id='word_1_79' title='bbox 664 976 759 1034; x_wconf 90' lang='lat' dir='ltr'><strong>euecti</strong></span> <span class='ocrx_word' id='word_1_80' title='bbox 779 984 840 1034; x_wconf 91' lang='lat' dir='ltr'><strong>tota</strong></span> <span class='ocrx_word' id='word_1_81' title='bbox 854 978 983 1054; x_wconf 89' lang='lat' dir='ltr'><strong>pandere</strong></span> <span class='ocrx_word' id='word_1_82' title='bbox 1004 991 1160 1052; x_wconf 89' lang='lat' dir='ltr'><strong>possumus</strong></span> <span class='ocrx_word' id='word_1_83' title='bbox 1197 1022 1201 1027; x_wconf 93' lang='lat'>.</span> 
     </span>
     <span class='ocr_line' id='line_1_11' title="bbox 156 1057 1161 1138; baseline -0.002 -19"><span class='ocrx_word' id='word_1_84' title='bbox 156 1060 239 1135; x_wconf 93' lang='lat' dir='ltr'><strong>vela,</strong></span> <span class='ocrx_word' id='word_1_85' title='bbox 261 1068 300 1135; x_wconf 90' lang='lat' dir='ltr'><strong>et,</strong></span> <span class='ocrx_word' id='word_1_86' title='bbox 324 1077 388 1118; x_wconf 89' lang='lat' dir='ltr'><strong>cum</strong></span> <span class='ocrx_word' id='word_1_87' title='bbox 410 1060 446 1117; x_wconf 92' lang='lat' dir='ltr'><strong>sit</strong></span> <span class='ocrx_word' id='word_1_88' title='bbox 468 1058 590 1118; x_wconf 89' lang='lat' dir='ltr'><strong>maxima</strong></span> <span class='ocrx_word' id='word_1_89' title='bbox 604 1074 671 1135; x_wconf 86' lang='lat' dir='ltr'><strong>pars</strong></span> <span class='ocrx_word' id='word_1_90' title='bbox 700 1059 810 1137; x_wconf 78' lang='lat' dir='ltr'><strong>epilogi</strong></span> <span class='ocrx_word' id='word_1_91' title='bbox 831 1059 1034 1138; x_wconf 88' lang='lat' dir='ltr'><strong>amplificatio,</strong></span> <span class='ocrx_word' id='word_1_92' title='bbox 1059 1057 1161 1117; x_wconf 83' lang='lat' dir='ltr'><strong>uerbis</strong></span> 
     </span>
    </p>

    <p class='ocr_par' dir='ltr' id='par_1_5' title="bbox 89 1141 1161 1387">
     <span class='ocr_line' id='line_1_12' title="bbox 89 1141 1161 1222; baseline -0.002 -19"><span class='ocrx_word' id='word_1_93' title='bbox 89 1192 92 1196; x_wconf 93' lang='lat'><em>.</em></span> <span class='ocrx_word' id='word_1_94' title='bbox 157 1154 244 1222; x_wconf 91' lang='lat' dir='ltr'><strong>atque</strong></span> <span class='ocrx_word' id='word_1_95' title='bbox 269 1142 418 1202; x_wconf 86' lang='lat' dir='ltr'><strong>sententiis</strong></span> <span class='ocrx_word' id='word_1_96' title='bbox 445 1142 485 1201; x_wconf 92' lang='lat' dir='ltr'><strong>uti</strong></span> <span class='ocrx_word' id='word_1_97' title='bbox 508 1141 578 1201; x_wconf 89' lang='lat' dir='ltr'><strong>licet</strong></span> <span class='ocrx_word' id='word_1_98' title='bbox 601 1143 759 1219; x_wconf 90' lang='lat' dir='ltr'><strong>magnificis</strong></span> <span class='ocrx_word' id='word_1_99' title='bbox 789 1151 818 1201; x_wconf 90' lang='lat' dir='ltr'><strong>et</strong></span> <span class='ocrx_word' id='word_1_100' title='bbox 843 1144 961 1202; x_wconf 89' lang='lat' dir='ltr'><strong>ornatis.</strong></span> <span class='ocrx_word' id='word_1_101' title='bbox 1007 1142 1089 1201; x_wconf 85' lang='lat' dir='ltr'><strong>Tune</strong></span> <span class='ocrx_word' id='word_1_102' title='bbox 1114 1148 1161 1201; x_wconf 87' lang='lat' dir='ltr'><strong>est</strong></span> 
     </span>
     <span class='ocr_line' id='line_1_13' title="bbox 158 1224 1161 1303; baseline -0.003 -17"><span class='ocrx_word' id='word_1_103' title='bbox 158 1226 396 1286; x_wconf 90' lang='lat' dir='ltr'><strong>commovendum</strong></span> <span class='ocrx_word' id='word_1_104' title='bbox 413 1224 573 1302; x_wconf 83' lang='lat' dir='ltr'><strong>theatrum,</strong></span> <span class='ocrx_word' id='word_1_105' title='bbox 591 1244 654 1285; x_wconf 92' lang='lat' dir='ltr'><strong>cum</strong></span> <span class='ocrx_word' id='word_1_106' title='bbox 665 1234 781 1285; x_wconf 87' lang='lat' dir='ltr'><strong>ventum</strong></span> <span class='ocrx_word' id='word_1_107' title='bbox 796 1236 841 1286; x_wconf 89' lang='lat' dir='ltr'><strong>est</strong></span> <span class='ocrx_word' id='word_1_108' title='bbox 853 1227 888 1286; x_wconf 90' lang='lat' dir='ltr'><strong>ad</strong></span> <span class='ocrx_word' id='word_1_109' title='bbox 901 1228 994 1303; x_wconf 91' lang='lat' dir='ltr'><strong>ipsum</strong></span> <span class='ocrx_word' id='word_1_110' title='bbox 1006 1225 1087 1302; x_wconf 89' lang='lat' dir='ltr'><strong>illud,</strong></span> <span class='ocrx_word' id='word_1_111' title='bbox 1101 1241 1161 1303; x_wconf 93' lang='lat' dir='ltr'><strong>quo</strong></span> 
     </span>
     <span class='ocr_line' id='line_1_14' title="bbox 156 1309 1031 1387; baseline -0.003 -17"><span class='ocrx_word' id='word_1_112' title='bbox 156 1320 274 1371; x_wconf 89' lang='lat' dir='ltr'><strong>veteres</strong></span> <span class='ocrx_word' id='word_1_113' title='bbox 290 1310 459 1387; x_wconf 80' lang='lat' dir='ltr'><strong>tragoediae</strong></span> <span class='ocrx_word' id='word_1_114' title='bbox 476 1310 703 1387; x_wconf 81' lang='lat' dir='ltr'><strong>comoediaeque</strong></span> <span class='ocrx_word' id='word_1_115' title='bbox 720 1309 888 1385; x_wconf 88' lang='lat' dir='ltr'><strong>cluduntur,</strong></span> <span class='ocrx_word' id='word_1_116' title='bbox 904 1309 1031 1371; x_wconf 81' lang='lat' dir='ltr'><strong>Plodt&#39;te.</strong></span> 
     </span>
    </p>

    <p class='ocr_par' dir='ltr' id='par_1_6' title="bbox 117 1393 1164 1638">
     <span class='ocr_line' id='line_1_15' title="bbox 117 1393 1161 1472; baseline 0 -22"><span class='ocrx_word' id='word_1_117' title='bbox 117 1396 150 1450; x_wconf 81' lang='lat'><strong>53</strong></span> <span class='ocrx_word' id='word_1_118' title='bbox 242 1394 274 1454; x_wconf 89' lang='lat' dir='ltr'><strong>ln</strong></span> <span class='ocrx_word' id='word_1_119' title='bbox 292 1394 355 1454; x_wconf 91' lang='lat' dir='ltr'><strong>aliis</strong></span> <span class='ocrx_word' id='word_1_120' title='bbox 368 1402 464 1453; x_wconf 93' lang='lat' dir='ltr'><strong>autem</strong></span> <span class='ocrx_word' id='word_1_121' title='bbox 479 1393 609 1472; x_wconf 90' lang='lat' dir='ltr'><strong>partibus</strong></span> <span class='ocrx_word' id='word_1_122' title='bbox 626 1393 791 1453; x_wconf 89' lang='lat' dir='ltr'><strong>tractandus</strong></span> <span class='ocrx_word' id='word_1_123' title='bbox 808 1396 862 1452; x_wconf 88' lang='lat' dir='ltr'><strong>erit</strong></span> <span class='ocrx_word' id='word_1_124' title='bbox 879 1393 1018 1469; x_wconf 90' lang='lat' dir='ltr'><strong>affectus,</strong></span> <span class='ocrx_word' id='word_1_125' title='bbox 1034 1401 1065 1453; x_wconf 90' lang='lat' dir='ltr'><strong>ut</strong></span> <span class='ocrx_word' id='word_1_126' title='bbox 1083 1393 1161 1470; x_wconf 89' lang='lat' dir='ltr'><strong>quis·</strong></span> 
     </span>
     <span class='ocr_line' id='line_1_16' title="bbox 159 1477 1164 1557; baseline -0.002 -20"><span class='ocrx_word' id='word_1_127' title='bbox 159 1497 215 1557; x_wconf 92' lang='lat' dir='ltr'><strong>que</strong></span> <span class='ocrx_word' id='word_1_128' title='bbox 238 1487 391 1552; x_wconf 88' lang='lat' dir='ltr'><strong>nascetur,</strong></span> <span class='ocrx_word' id='word_1_129' title='bbox 415 1494 479 1536; x_wconf 90' lang='lat' dir='ltr'><strong>nam</strong></span> <span class='ocrx_word' id='word_1_130' title='bbox 504 1495 599 1556; x_wconf 89' lang='lat' dir='ltr'><strong>neque</strong></span> <span class='ocrx_word' id='word_1_131' title='bbox 625 1478 732 1556; x_wconf 89' lang='lat' dir='ltr'><strong>exponi</strong></span> <span class='ocrx_word' id='word_1_132' title='bbox 755 1478 817 1537; x_wconf 90' lang='lat' dir='ltr'><strong>sine</strong></span> <span class='ocrx_word' id='word_1_133' title='bbox 837 1477 895 1536; x_wconf 91' lang='lat' dir='ltr'><strong>hoc</strong></span> <span class='ocrx_word' id='word_1_134' title='bbox 917 1495 965 1537; x_wconf 89' lang='lat' dir='ltr'><strong>res</strong></span> <span class='ocrx_word' id='word_1_135' title='bbox 986 1486 1104 1536; x_wconf 86' lang='lat' dir='ltr'><strong>atrones</strong></span> <span class='ocrx_word' id='word_1_136' title='bbox 1132 1483 1164 1535; x_wconf 86' lang='lat' dir='ltr'><strong>et</strong></span> 
     </span>
     <span class='ocr_line' id='line_1_17' title="bbox 158 1559 1160 1638; baseline -0.003 -17"><span class='ocrx_word' id='word_1_137' title='bbox 158 1561 339 1621; x_wconf 88' lang='lat' dir='ltr'><strong>miserabiles</strong></span> <span class='ocrx_word' id='word_1_138' title='bbox 364 1560 485 1628; x_wconf 90' lang='lat' dir='ltr'><strong>debeut;</strong></span> <span class='ocrx_word' id='word_1_139' title='bbox 514 1579 577 1620; x_wconf 92' lang='lat' dir='ltr'><strong>cum</strong></span> <span class='ocrx_word' id='word_1_140' title='bbox 598 1560 635 1620; x_wconf 93' lang='lat' dir='ltr'><strong>dc</strong></span> <span class='ocrx_word' id='word_1_141' title='bbox 657 1560 793 1638; x_wconf 88' lang='lat' dir='ltr'><strong>qualitate</strong></span> <span class='ocrx_word' id='word_1_142' title='bbox 816 1560 937 1621; x_wconf 88' lang='lat' dir='ltr'><strong>alieuius</strong></span> <span class='ocrx_word' id='word_1_143' title='bbox 960 1563 1003 1620; x_wconf 88' lang='lat' dir='ltr'><strong>rei</strong></span> <span class='ocrx_word' id='word_1_144' title='bbox 1026 1559 1160 1638; x_wconf 82' lang='lat' dir='ltr'><strong>quaestio</strong></span> 
     </span>
    </p>

    <p class='ocr_par' dir='ltr' id='par_1_7' title="bbox 116 1641 1162 1955">
     <span class='ocr_line' id='line_1_18' title="bbox 116 1641 1160 1723; baseline 0 -23"><span class='ocrx_word' id='word_1_145' title='bbox 116 1647 220 1721; x_wconf 79' lang='lat' dir='ltr'><strong>ttest,</strong></span> <span class='ocrx_word' id='word_1_146' title='bbox 237 1643 455 1723; x_wconf 89' lang='lat' dir='ltr'><strong>probationibus</strong></span> <span class='ocrx_word' id='word_1_147' title='bbox 473 1645 698 1723; x_wconf 87' lang='lat' dir='ltr'><strong>uniuscuiusque</strong></span> <span class='ocrx_word' id='word_1_148' title='bbox 716 1646 760 1703; x_wconf 88' lang='lat' dir='ltr'><strong>rei</strong></span> <span class='ocrx_word' id='word_1_149' title='bbox 779 1653 860 1705; x_wconf 91' lang='lat' dir='ltr'><strong>reete</strong></span> <span class='ocrx_word' id='word_1_150' title='bbox 881 1644 1070 1721; x_wconf 89' lang='lat' dir='ltr'><strong>subiungitur.</strong></span> <span class='ocrx_word' id='word_1_151' title='bbox 1104 1641 1160 1701; x_wconf 79' lang='lat' dir='ltr'><strong>Ubi</strong></span> 
     </span>
     <span class='ocr_line' id='line_1_19' title="bbox 159 1726 1161 1805; baseline -0.006 -16"><span class='ocrx_word' id='word_1_152' title='bbox 159 1745 230 1789; x_wconf 90' lang='lat' dir='ltr'><strong>vero</strong></span> <span class='ocrx_word' id='word_1_153' title='bbox 250 1729 430 1787; x_wconf 88' lang='lat' dir='ltr'><strong>coniunctam</strong></span> <span class='ocrx_word' id='word_1_154' title='bbox 449 1726 631 1805; x_wconf 90' lang='lat' dir='ltr'><strong>expluribus</strong></span> <span class='ocrx_word' id='word_1_155' title='bbox 649 1729 907 1805; x_wconf 82' lang='lat' dir='ltr'><strong>causamagimus:</strong></span> <span class='ocrx_word' id='word_1_156' title='bbox 931 1730 1015 1788; x_wconf 88' lang='lat' dir='ltr'><strong>etiam</strong></span> <span class='ocrx_word' id='word_1_157' title='bbox 1035 1743 1161 1786; x_wconf 89' lang='lat' dir='ltr'><strong>necesse</strong></span> 
     </span>
     <span class='ocr_line' id='line_1_20' title="bbox 161 1809 1160 1890; baseline -0.005 -18"><span class='ocrx_word' id='word_1_158' title='bbox 161 1814 215 1872; x_wconf 92' lang='lat' dir='ltr'><strong>erit</strong></span> <span class='ocrx_word' id='word_1_159' title='bbox 232 1813 272 1871; x_wconf 93' lang='lat' dir='ltr'><strong>uti</strong></span> <span class='ocrx_word' id='word_1_160' title='bbox 287 1810 419 1889; x_wconf 91' lang='lat' dir='ltr'><strong>pluribus</strong></span> <span class='ocrx_word' id='word_1_161' title='bbox 437 1811 518 1890; x_wconf 90' lang='lat' dir='ltr'><strong>quasi</strong></span> <span class='ocrx_word' id='word_1_162' title='bbox 538 1810 681 1889; x_wconf 78' lang='lat' dir='ltr'><strong>epilogis,</strong></span> <span class='ocrx_word' id='word_1_163' title='bbox 702 1820 732 1869; x_wconf 92' lang='lat' dir='ltr'><strong>ut</strong></span> <span class='ocrx_word' id='word_1_164' title='bbox 755 1812 783 1870; x_wconf 91' lang='lat' dir='ltr'><strong>in</strong></span> <span class='ocrx_word' id='word_1_165' title='bbox 803 1812 927 1871; x_wconf 87' lang='lat' dir='ltr'><strong>Verrem</strong></span> <span class='ocrx_word' id='word_1_166' title='bbox 949 1809 1054 1871; x_wconf 77' lang='lat' dir='ltr'><strong>Cicero</strong></span> <span class='ocrx_word' id='word_1_167' title='bbox 1079 1810 1160 1870; x_wconf 87' lang='lat' dir='ltr'><strong>fecit.</strong></span> 
     </span>
     <span class='ocr_line' id='line_1_21' title="bbox 159 1893 1162 1955; baseline -0.001 -1"><span class='ocrx_word' id='word_1_168' title='bbox 159 1894 232 1955; x_wconf 90' lang='lat' dir='ltr'><strong>Nam</strong></span> <span class='ocrx_word' id='word_1_169' title='bbox 261 1904 290 1954; x_wconf 91' lang='lat' dir='ltr'><strong>et</strong></span> <span class='ocrx_word' id='word_1_170' title='bbox 314 1894 482 1955; x_wconf 90' lang='lat' dir='ltr'><strong>Philodamo</strong></span> <span class='ocrx_word' id='word_1_171' title='bbox 513 1903 542 1953; x_wconf 91' lang='lat' dir='ltr'><strong>et</strong></span> <span class='ocrx_word' id='word_1_172' title='bbox 562 1893 714 1953; x_wconf 88' lang='lat' dir='ltr'><strong>nauarchis</strong></span> <span class='ocrx_word' id='word_1_173' title='bbox 738 1904 766 1954; x_wconf 90' lang='lat' dir='ltr'><strong>et</strong></span> <span class='ocrx_word' id='word_1_174' title='bbox 789 1896 868 1955; x_wconf 87' lang='lat' dir='ltr'><strong>cruci</strong></span> <span class='ocrx_word' id='word_1_175' title='bbox 893 1897 965 1955; x_wconf 89' lang='lat' dir='ltr'><strong>civis</strong></span> <span class='ocrx_word' id='word_1_176' title='bbox 989 1894 1111 1954; x_wconf 81' lang='lat' dir='ltr'><strong>Romani</strong></span> <span class='ocrx_word' id='word_1_177' title='bbox 1132 1901 1162 1953; x_wconf 88' lang='lat' dir='ltr'><strong>et</strong></span> 
     </span>
    </p>
   </div>
   <div class='ocr_carea' id='block_1_3' title="bbox 118 1969 1163 2373">
    <p class='ocr_par' dir='ltr' id='par_1_8' title="bbox 118 1969 1163 2373">
     <span class='ocr_line' id='line_1_22' title="bbox 118 1969 1162 2057; baseline 0.001 -21"><span class='ocrx_word' id='word_1_178' title='bbox 118 1981 223 2039; x_wconf 72' lang='lat' dir='ltr'><strong>italiis</strong></span> <span class='ocrx_word' id='word_1_179' title='bbox 240 1979 368 2057; x_wconf 77' lang='lat' dir='ltr'><strong>plurImis</strong></span> <span class='ocrx_word' id='word_1_180' title='bbox 390 1996 458 2037; x_wconf 91' lang='lat' dir='ltr'><strong>suas</strong></span> <span class='ocrx_word' id='word_1_181' title='bbox 480 1979 614 2038; x_wconf 88' lang='lat' dir='ltr'><strong>lacrimas</strong></span> <span class='ocrx_word' id='word_1_182' title='bbox 639 1977 726 2037; x_wconf 93' lang='lat' dir='ltr'><strong>dedit.</strong></span> <span class='ocrx_word' id='word_1_183' title='bbox 772 1980 864 2055; x_wconf 89' lang='lat' dir='ltr'><strong>Sunt,</strong></span> <span class='ocrx_word' id='word_1_184' title='bbox 883 1980 931 2057; x_wconf 91' lang='lat' dir='ltr'><strong>qui</strong></span> <span class='ocrx_word' id='word_1_185' title='bbox 950 1978 1004 2038; x_wconf 93' lang='lat' dir='ltr'><strong>hos</strong></span> <span class='ocrx_word' id='word_1_186' title='bbox 1026 1969 1162 2057; x_wconf 75' lang='grc' dir='ltr'><strong><em>μερικούς</em></strong></span> 
     </span>
     <span class='ocr_line' id='line_1_23' title="bbox 161 2056 1161 2141; baseline -0.005 -18"><span class='ocrx_word' id='word_1_187' title='bbox 161 2056 313 2141; x_wconf 78' lang='grc' dir='ltr'><strong><em>ἐπιλόγους</em></strong></span> <span class='ocrx_word' id='word_1_188' title='bbox 344 2071 468 2138; x_wconf 88' lang='lat' dir='ltr'><strong>vocent,</strong></span> <span class='ocrx_word' id='word_1_189' title='bbox 502 2079 559 2140; x_wconf 93' lang='lat' dir='ltr'><strong>quo</strong></span> <span class='ocrx_word' id='word_1_190' title='bbox 585 2062 717 2139; x_wconf 90' lang='lat' dir='ltr'><strong>partitam</strong></span> <span class='ocrx_word' id='word_1_191' title='bbox 744 2064 959 2141; x_wconf 89' lang='lat' dir='ltr'><strong>perorationem</strong></span> <span class='ocrx_word' id='word_1_192' title='bbox 989 2062 1161 2139; x_wconf 84' lang='lat' dir='ltr'><strong>significant.</strong></span> 
     </span>
     <span class='ocr_line' id='line_1_24' title="bbox 161 2145 1163 2224; baseline -0.004 -19"><span class='ocrx_word' id='word_1_193' title='bbox 161 2145 229 2206; x_wconf 84' lang='lat' dir='ltr'><strong>Mihi</strong></span> <span class='ocrx_word' id='word_1_194' title='bbox 246 2163 303 2204; x_wconf 88' lang='lat' dir='ltr'><strong>non</strong></span> <span class='ocrx_word' id='word_1_195' title='bbox 318 2153 375 2204; x_wconf 91' lang='lat' dir='ltr'><strong>tam</strong></span> <span class='ocrx_word' id='word_1_196' title='bbox 387 2154 485 2224; x_wconf 92' lang='lat' dir='ltr'><strong>partes</strong></span> <span class='ocrx_word' id='word_1_197' title='bbox 502 2147 563 2204; x_wconf 93' lang='lat' dir='ltr'><strong>eius</strong></span> <span class='ocrx_word' id='word_1_198' title='bbox 582 2163 666 2222; x_wconf 92' lang='lat' dir='ltr'><strong>quam</strong></span> <span class='ocrx_word' id='word_1_199' title='bbox 687 2148 804 2223; x_wconf 89' lang='lat' dir='ltr'><strong>species</strong></span> <span class='ocrx_word' id='word_1_200' title='bbox 826 2148 968 2207; x_wconf 86' lang='lat' dir='ltr'><strong>videntur.</strong></span> <span class='ocrx_word' id='word_1_201' title='bbox 1014 2145 1163 2223; x_wconf 87' lang='lat' dir='ltr'><strong>Siquidem</strong></span> 
     </span>
     <span class='ocr_line' id='line_1_25' title="bbox 162 2228 1163 2308; baseline -0.003 -19"><span class='ocrx_word' id='word_1_202' title='bbox 162 2239 191 2289; x_wconf 92' lang='lat' dir='ltr'><strong>et</strong></span> <span class='ocrx_word' id='word_1_203' title='bbox 208 2229 318 2308; x_wconf 89' lang='lat' dir='ltr'><strong>epilogi</strong></span> <span class='ocrx_word' id='word_1_204' title='bbox 334 2237 363 2288; x_wconf 90' lang='lat' dir='ltr'><strong>et</strong></span> <span class='ocrx_word' id='word_1_205' title='bbox 380 2230 573 2307; x_wconf 89' lang='lat' dir='ltr'><strong>perorationis</strong></span> <span class='ocrx_word' id='word_1_206' title='bbox 589 2230 702 2288; x_wconf 89' lang='lat' dir='ltr'><strong>nomina</strong></span> <span class='ocrx_word' id='word_1_207' title='bbox 714 2230 777 2308; x_wconf 90' lang='lat' dir='ltr'><strong>ipsa</strong></span> <span class='ocrx_word' id='word_1_208' title='bbox 794 2240 895 2308; x_wconf 89' lang='lat' dir='ltr'><strong>aperte</strong></span> <span class='ocrx_word' id='word_1_209' title='bbox 911 2231 980 2288; x_wconf 91' lang='lat' dir='ltr'><strong>satis</strong></span> <span class='ocrx_word' id='word_1_210' title='bbox 997 2228 1163 2303; x_wconf 88' lang='lat' dir='ltr'><strong>ostendunt,</strong></span> 
     </span>
     <span class='ocr_line' id='line_1_26' title="bbox 161 2312 788 2373; baseline -0.003 0"><span class='ocrx_word' id='word_1_211' title='bbox 161 2312 237 2373; x_wconf 90' lang='lat' dir='ltr'><strong>haue</strong></span> <span class='ocrx_word' id='word_1_212' title='bbox 256 2330 323 2371; x_wconf 90' lang='lat' dir='ltr'><strong>esse</strong></span> <span class='ocrx_word' id='word_1_213' title='bbox 343 2317 617 2373; x_wconf 89' lang='lat' dir='ltr'><strong>consummationem</strong></span> <span class='ocrx_word' id='word_1_214' title='bbox 640 2315 788 2373; x_wconf 90' lang='lat' dir='ltr'><strong>orationis.</strong></span> 
     </span>
    </p>
   </div>
   <div class='ocr_carea' id='block_1_4' title="bbox 529 2464 797 2516">
    <p class='ocr_par' dir='ltr' id='par_1_9' title="bbox 529 2464 797 2516">
     <span class='ocr_line' id='line_1_27' title="bbox 529 2464 797 2516; baseline 0 -1"><span class='ocrx_word' id='word_1_215' title='bbox 529 2467 573 2515; x_wconf 85' lang='lat' dir='ltr'><strong>DE</strong></span> <span class='ocrx_word' id='word_1_216' title='bbox 590 2464 797 2516; x_wconf 80' lang='lat' dir='ltr'><strong>AFFEGTIBUS.</strong></span> 
     </span>
    </p>
   </div>
   <div class='ocr_carea' id='block_1_5' title="bbox 135 2562 1166 3477">
    <p class='ocr_par' dir='ltr' id='par_1_10' title="bbox 161 2562 1166 3141">
     <span class='ocr_line' id='line_1_28' title="bbox 245 2562 1164 2642; baseline 0.001 -20"><span class='ocrx_word' id='word_1_217' title='bbox 245 2562 281 2622; x_wconf 93' lang='lat'><strong>11.</strong></span> <span class='ocrx_word' id='word_1_218' title='bbox 327 2563 464 2636; x_wconf 80' lang='lat' dir='ltr'><strong>Quamvis</strong></span> <span class='ocrx_word' id='word_1_219' title='bbox 494 2573 588 2623; x_wconf 89' lang='lat' dir='ltr'><strong>autem</strong></span> <span class='ocrx_word' id='word_1_220' title='bbox 614 2583 680 2642; x_wconf 91' lang='lat' dir='ltr'><strong>pars</strong></span> <span class='ocrx_word' id='word_1_221' title='bbox 707 2564 781 2624; x_wconf 88' lang='lat' dir='ltr'><strong>haee</strong></span> <span class='ocrx_word' id='word_1_222' title='bbox 813 2564 987 2624; x_wconf 87' lang='lat' dir='ltr'><strong>iudicialium</strong></span> <span class='ocrx_word' id='word_1_223' title='bbox 1014 2580 1164 2623; x_wconf 86' lang='lat' dir='ltr'><strong>causarum</strong></span> 
     </span>
     <span class='ocr_line' id='line_1_29' title="bbox 161 2645 1163 2725; baseline -0.001 -20"><span class='ocrx_word' id='word_1_224' title='bbox 161 2664 270 2705; x_wconf 84' lang='lat' dir='ltr'><strong>summa</strong></span> <span class='ocrx_word' id='word_1_225' title='bbox 291 2649 449 2724; x_wconf 88' lang='lat' dir='ltr'><strong>praecipue</strong></span> <span class='ocrx_word' id='word_1_226' title='bbox 476 2656 590 2706; x_wconf 89' lang='lat' dir='ltr'><strong>constet</strong></span> <span class='ocrx_word' id='word_1_227' title='bbox 608 2648 778 2722; x_wconf 87' lang='lat' dir='ltr'><strong>affectibus,</strong></span> <span class='ocrx_word' id='word_1_228' title='bbox 811 2658 839 2707; x_wconf 90' lang='lat' dir='ltr'><strong>et</strong></span> <span class='ocrx_word' id='word_1_229' title='bbox 862 2648 957 2725; x_wconf 90' lang='lat' dir='ltr'><strong>aliqua</strong></span> <span class='ocrx_word' id='word_1_230' title='bbox 980 2648 1016 2706; x_wconf 85' lang='lat' dir='ltr'><strong>de</strong></span> <span class='ocrx_word' id='word_1_231' title='bbox 1044 2645 1089 2705; x_wconf 91' lang='lat' dir='ltr'><strong>his</strong></span> <span class='ocrx_word' id='word_1_232' title='bbox 1114 2659 1163 2705; x_wconf 89' lang='lat' dir='ltr'><strong>ne-</strong></span> 
     </span>
     <span class='ocr_line' id='line_1_30' title="bbox 163 2730 1164 2809; baseline -0.001 -20"><span class='ocrx_word' id='word_1_233' title='bbox 163 2730 294 2789; x_wconf 89' lang='lat' dir='ltr'><strong>cessario</strong></span> <span class='ocrx_word' id='word_1_234' title='bbox 323 2730 459 2789; x_wconf 83' lang='lat' dir='ltr'><strong>dixerim:</strong></span> <span class='ocrx_word' id='word_1_235' title='bbox 490 2746 548 2788; x_wconf 90' lang='lat' dir='ltr'><strong>non</strong></span> <span class='ocrx_word' id='word_1_236' title='bbox 574 2739 669 2789; x_wconf 90' lang='lat' dir='ltr'><strong>tamen</strong></span> <span class='ocrx_word' id='word_1_237' title='bbox 697 2734 778 2809; x_wconf 91' lang='lat' dir='ltr'><strong>potui</strong></span> <span class='ocrx_word' id='word_1_238' title='bbox 806 2749 840 2790; x_wconf 91' lang='lat' dir='ltr'><strong>ac</strong></span> <span class='ocrx_word' id='word_1_239' title='bbox 873 2749 909 2789; x_wconf 92' lang='lat' dir='ltr'><strong>ne</strong></span> <span class='ocrx_word' id='word_1_240' title='bbox 936 2731 1022 2790; x_wconf 88' lang='lat' dir='ltr'><strong>debui</strong></span> <span class='ocrx_word' id='word_1_241' title='bbox 1049 2730 1164 2807; x_wconf 91' lang='lat' dir='ltr'><strong>quidem</strong></span> 
     </span>
     <span class='ocr_line' id='line_1_31' title="bbox 162 2812 1166 2892; baseline 0.001 -22"><span class='ocrx_word' id='word_1_242' title='bbox 162 2814 247 2872; x_wconf 90' lang='lat' dir='ltr'><strong>istum</strong></span> <span class='ocrx_word' id='word_1_243' title='bbox 271 2812 366 2871; x_wconf 90' lang='lat' dir='ltr'><strong>locum</strong></span> <span class='ocrx_word' id='word_1_244' title='bbox 387 2814 417 2870; x_wconf 91' lang='lat' dir='ltr'><strong>in</strong></span> <span class='ocrx_word' id='word_1_245' title='bbox 444 2830 527 2871; x_wconf 92' lang='lat' dir='ltr'><strong>unam</strong></span> <span class='ocrx_word' id='word_1_246' title='bbox 551 2817 681 2892; x_wconf 89' lang='lat' dir='ltr'><strong>speciem</strong></span> <span class='ocrx_word' id='word_1_247' title='bbox 710 2814 896 2874; x_wconf 85' lang='lat' dir='ltr'><strong>concludere.</strong></span> <span class='ocrx_word' id='word_1_248' title='bbox 942 2813 1040 2886; x_wconf 80' lang='lat' dir='ltr'><strong>Quare</strong></span> <span class='ocrx_word' id='word_1_249' title='bbox 1071 2813 1166 2872; x_wconf 88' lang='lat' dir='ltr'><strong>adhue</strong></span> 
     </span>
     <span class='ocr_line' id='line_1_32' title="bbox 164 2896 1164 2975; baseline -0.002 -20"><span class='ocrx_word' id='word_1_250' title='bbox 164 2913 238 2975; x_wconf 90' lang='lat' dir='ltr'><strong>opus</strong></span> <span class='ocrx_word' id='word_1_251' title='bbox 261 2905 413 2972; x_wconf 90' lang='lat' dir='ltr'><strong>superest,</strong></span> <span class='ocrx_word' id='word_1_252' title='bbox 442 2915 506 2956; x_wconf 89' lang='lat' dir='ltr'><strong>eum</strong></span> <span class='ocrx_word' id='word_1_253' title='bbox 533 2896 568 2955; x_wconf 94' lang='lat' dir='ltr'><strong>ad</strong></span> <span class='ocrx_word' id='word_1_254' title='bbox 590 2897 762 2971; x_wconf 88' lang='lat' dir='ltr'><strong>obtinenda,</strong></span> <span class='ocrx_word' id='word_1_255' title='bbox 791 2916 865 2975; x_wconf 90' lang='lat' dir='ltr'><strong>quae</strong></span> <span class='ocrx_word' id='word_1_256' title='bbox 890 2896 1039 2972; x_wconf 90' lang='lat' dir='ltr'><strong>volumus,</strong></span> <span class='ocrx_word' id='word_1_257' title='bbox 1062 2905 1164 2973; x_wconf 91' lang='lat' dir='ltr'><strong>poten-</strong></span> 
     </span>
     <span class='ocr_line' id='line_1_33' title="bbox 163 2979 1165 3057; baseline -0.002 -19"><span class='ocrx_word' id='word_1_258' title='bbox 163 2980 316 3053; x_wconf 88' lang='lat' dir='ltr'><strong>tissimum,</strong></span> <span class='ocrx_word' id='word_1_259' title='bbox 338 2989 396 3038; x_wconf 91' lang='lat' dir='ltr'><strong>tum</strong></span> <span class='ocrx_word' id='word_1_260' title='bbox 412 2980 586 3057; x_wconf 90' lang='lat' dir='ltr'><strong>supradictis</strong></span> <span class='ocrx_word' id='word_1_261' title='bbox 601 2981 690 3039; x_wconf 93' lang='lat' dir='ltr'><strong>multo</strong></span> <span class='ocrx_word' id='word_1_262' title='bbox 710 2981 869 3056; x_wconf 76' lang='lat' dir='ltr'><strong>difficilius,</strong></span> <span class='ocrx_word' id='word_1_263' title='bbox 885 2980 1018 3039; x_wconf 89' lang='lat' dir='ltr'><strong>movendi</strong></span> <span class='ocrx_word' id='word_1_264' title='bbox 1040 2979 1165 3038; x_wconf 89' lang='lat' dir='ltr'><strong>iudicum</strong></span> 
     </span>
     <span class='ocr_line' id='line_1_34' title="bbox 164 3061 1166 3141; baseline -0.002 -19"><span class='ocrx_word' id='word_1_265' title='bbox 164 3064 272 3122; x_wconf 88' lang='lat' dir='ltr'><strong>animos</strong></span> <span class='ocrx_word' id='word_1_266' title='bbox 299 3071 386 3140; x_wconf 91' lang='lat' dir='ltr'><strong>atque</strong></span> <span class='ocrx_word' id='word_1_267' title='bbox 414 3065 442 3122; x_wconf 88' lang='lat' dir='ltr'><strong>ia</strong></span> <span class='ocrx_word' id='word_1_268' title='bbox 468 3081 548 3138; x_wconf 87' lang='lat' dir='ltr'><strong>eum,</strong></span> <span class='ocrx_word' id='word_1_269' title='bbox 581 3082 666 3140; x_wconf 89' lang='lat' dir='ltr'><strong>quem</strong></span> <span class='ocrx_word' id='word_1_270' title='bbox 694 3065 844 3141; x_wconf 89' lang='lat' dir='ltr'><strong>volumus,</strong></span> <span class='ocrx_word' id='word_1_271' title='bbox 871 3065 996 3123; x_wconf 90' lang='lat' dir='ltr'><strong>habitum</strong></span> <span class='ocrx_word' id='word_1_272' title='bbox 1024 3061 1166 3121; x_wconf 90' lang='lat' dir='ltr'><strong>formandi</strong></span> 
     </span>
    </p>

    <p class='ocr_par' dir='ltr' id='par_1_11' title="bbox 135 3145 1166 3477">
     <span class='ocr_line' id='line_1_35' title="bbox 135 3145 1165 3225; baseline -0.004 -18"><span class='ocrx_word' id='word_1_273' title='bbox 135 3147 289 3207; x_wconf 72' lang='lat' dir='ltr'><strong>tetvelut</strong></span> <span class='ocrx_word' id='word_1_274' title='bbox 315 3147 546 3224; x_wconf 87' lang='lat' dir='ltr'><strong>transfigurandi.</strong></span> <span class='ocrx_word' id='word_1_275' title='bbox 597 3147 659 3220; x_wconf 81' lang='lat' dir='ltr'><strong>Qua</strong></span> <span class='ocrx_word' id='word_1_276' title='bbox 686 3149 776 3208; x_wconf 90' lang='lat' dir='ltr'><strong>dere</strong></span> <span class='ocrx_word' id='word_1_277' title='bbox 803 3166 912 3225; x_wconf 88' lang='lat' dir='ltr'><strong>pauca,</strong></span> <span class='ocrx_word' id='word_1_278' title='bbox 940 3165 1014 3225; x_wconf 91' lang='lat' dir='ltr'><strong>quae</strong></span> <span class='ocrx_word' id='word_1_279' title='bbox 1036 3145 1165 3223; x_wconf 73' lang='lat' dir='ltr'><strong>postula</strong></span> 
     </span>
     <span class='ocr_line' id='line_1_36' title="bbox 163 3229 1166 3310; baseline -0.002 -22"><span class='ocrx_word' id='word_1_280' title='bbox 163 3229 212 3288; x_wconf 87' lang='lat' dir='ltr'><strong>bat</strong></span> <span class='ocrx_word' id='word_1_281' title='bbox 229 3232 363 3306; x_wconf 87' lang='lat' dir='ltr'><strong>materia,</strong></span> <span class='ocrx_word' id='word_1_282' title='bbox 382 3231 425 3290; x_wconf 89' lang='lat' dir='ltr'><strong>sie</strong></span> <span class='ocrx_word' id='word_1_283' title='bbox 447 3231 543 3306; x_wconf 87' lang='lat' dir='ltr'><strong>attigi,</strong></span> <span class='ocrx_word' id='word_1_284' title='bbox 560 3240 590 3289; x_wconf 95' lang='lat' dir='ltr'><strong>ut</strong></span> <span class='ocrx_word' id='word_1_285' title='bbox 605 3233 715 3308; x_wconf 89' lang='lat' dir='ltr'><strong>magis,</strong></span> <span class='ocrx_word' id='word_1_286' title='bbox 735 3232 802 3310; x_wconf 93' lang='lat' dir='ltr'><strong>quid</strong></span> <span class='ocrx_word' id='word_1_287' title='bbox 819 3240 970 3309; x_wconf 89' lang='lat' dir='ltr'><strong>oporteret</strong></span> <span class='ocrx_word' id='word_1_288' title='bbox 985 3231 1066 3304; x_wconf 83' lang='lat' dir='ltr'><strong>lieri,</strong></span> <span class='ocrx_word' id='word_1_289' title='bbox 1084 3245 1166 3307; x_wconf 91' lang='lat' dir='ltr'><strong>quam</strong></span> 
     </span>
     <span class='ocr_line' id='line_1_37' title="bbox 165 3312 1166 3392; baseline 0 -23"><span class='ocrx_word' id='word_1_290' title='bbox 165 3329 222 3390; x_wconf 92' lang='lat' dir='ltr'><strong>quo</strong></span> <span class='ocrx_word' id='word_1_291' title='bbox 236 3314 263 3372; x_wconf 94' lang='lat' dir='ltr'><strong>id</strong></span> <span class='ocrx_word' id='word_1_292' title='bbox 285 3315 371 3374; x_wconf 94' lang='lat' dir='ltr'><strong>modo</strong></span> <span class='ocrx_word' id='word_1_293' title='bbox 392 3316 532 3391; x_wconf 89' lang='lat' dir='ltr'><strong>consequi</strong></span> <span class='ocrx_word' id='word_1_294' title='bbox 556 3332 725 3392; x_wconf 89' lang='lat' dir='ltr'><strong>possemus,</strong></span> <span class='ocrx_word' id='word_1_295' title='bbox 743 3315 935 3375; x_wconf 89' lang='lat' dir='ltr'><strong>ostenderem.</strong></span> <span class='ocrx_word' id='word_1_296' title='bbox 980 3313 1064 3374; x_wconf 88' lang='lat' dir='ltr'><strong>Nunc</strong></span> <span class='ocrx_word' id='word_1_297' title='bbox 1081 3312 1166 3371; x_wconf 81' lang='lat' dir='ltr'><strong>altius</strong></span> 
     </span>
     <span class='ocr_line' id='line_1_38' title="bbox 165 3397 646 3477; baseline -0.002 -22"><span class='ocrx_word' id='word_1_298' title='bbox 165 3397 255 3455; x_wconf 91' lang='lat' dir='ltr'><strong>omnis</strong></span> <span class='ocrx_word' id='word_1_299' title='bbox 270 3398 313 3457; x_wconf 93' lang='lat' dir='ltr'><strong>rei</strong></span> <span class='ocrx_word' id='word_1_300' title='bbox 327 3399 485 3477; x_wconf 88' lang='lat' dir='ltr'><strong>repetenda</strong></span> <span class='ocrx_word' id='word_1_301' title='bbox 500 3399 573 3456; x_wconf 89' lang='lat' dir='ltr'><strong>ratio</strong></span> <span class='ocrx_word' id='word_1_302' title='bbox 592 3408 646 3458; x_wconf 86' lang='lat' dir='ltr'><strong>est.</strong></span> 
     </span>
    </p>
   </div>
   <div class='ocr_carea' id='block_1_6' title="bbox 0 0 1298 4026">
    <p class='ocr_par' dir='ltr' id='par_1_12' title="bbox 0 0 1298 4026">
     <span class='ocr_line' id='line_1_39' title="bbox 0 0 1298 4026; baseline 0 0"><span class='ocrx_word' id='word_1_303' title='bbox 0 0 1298 4026; x_wconf 95' lang='lat' dir='ltr'><strong> </strong></span> 
     </span>
    </p>
   </div>
  </div>
 </body>
</html>
