<?xml version="1.0" encoding="UTF-8"?>
<!DOCTYPE html PUBLIC "-//W3C//DTD XHTML 1.0 Transitional//EN"
    "http://www.w3.org/TR/xhtml1/DTD/xhtml1-transitional.dtd">
<html xmlns="http://www.w3.org/1999/xhtml" xml:lang="en" lang="en">
 <head>
  <title>
</title>
<meta http-equiv="Content-Type" content="text/html;charset=utf-8" />
  <meta name='ocr-system' content='tesseract 3.04.00' />
  <meta name='ocr-capabilities' content='ocr_page ocr_carea ocr_par ocr_line ocrx_word'/>
</head>
<body>
  <div class='ocr_page' id='page_1' title='image "./mfabiiquintilia00bonngoog/mfabiiquintilia00bonngoog_0398.png"; bbox 0 0 2566 4026; ppageno 0'>
   <div class='ocr_carea' id='block_1_1' title="bbox 338 172 1059 249">
    <p class='ocr_par' dir='ltr' id='par_1_1' title="bbox 338 172 1059 249">
     <span class='ocr_line' id='line_1_1' title="bbox 338 172 1059 249; baseline 0.008 -21"><span class='ocrx_word' id='word_1_1' title='bbox 338 182 427 230; x_wconf 79' lang='lat' dir='ltr'>rusa.</span> <span class='ocrx_word' id='word_1_2' title='bbox 447 182 595 231; x_wconf 84' lang='lat' dir='ltr'>onnuoa.</span> <span class='ocrx_word' id='word_1_3' title='bbox 612 180 812 249; x_wconf 82' lang='lat' dir='ltr'>nro.v111‚e.</span> <span class='ocrx_word' id='word_1_4' title='bbox 1022 172 1059 234; x_wconf 84' lang='grc'>61</span> 
     </span>
    </p>
   </div>
   <div class='ocr_carea' id='block_1_2' title="bbox 53 334 1129 3509">
    <p class='ocr_par' dir='ltr' id='par_1_2' title="bbox 57 334 1104 1084">
     <span class='ocr_line' id='line_1_2' title="bbox 60 334 1062 414; baseline 0.004 -17"><span class='ocrx_word' id='word_1_5' title='bbox 60 337 145 397; x_wconf 90' lang='lat' dir='ltr'>tiare.</span> <span class='ocrx_word' id='word_1_6' title='bbox 177 334 242 394; x_wconf 88' lang='lat' dir='ltr'>Non</span> <span class='ocrx_word' id='word_1_7' title='bbox 259 335 333 394; x_wconf 89' lang='lat' dir='ltr'>enim</span> <span class='ocrx_word' id='word_1_8' title='bbox 351 337 420 394; x_wconf 90' lang='lat' dir='ltr'>satis</span> <span class='ocrx_word' id='word_1_9' title='bbox 438 336 528 396; x_wconf 87' lang='lat' dir='ltr'>elficit</span> <span class='ocrx_word' id='word_1_10' title='bbox 543 354 654 414; x_wconf 83' lang='lat' dir='ltr'>neque,</span> <span class='ocrx_word' id='word_1_11' title='bbox 669 345 700 395; x_wconf 93' lang='lat' dir='ltr'>ut</span> <span class='ocrx_word' id='word_1_12' title='bbox 715 334 814 411; x_wconf 86' lang='lat' dir='ltr'>debet,</span> <span class='ocrx_word' id='word_1_13' title='bbox 830 335 917 414; x_wconf 89' lang='lat' dir='ltr'>plene</span> <span class='ocrx_word' id='word_1_14' title='bbox 936 340 1062 401; x_wconf 90' lang='lat' dir='ltr'>domina-</span> 
     </span>
     <span class='ocr_line' id='line_1_3' title="bbox 59 418 1062 498; baseline 0.003 -19"><span class='ocrx_word' id='word_1_15' title='bbox 59 429 107 480; x_wconf 90' lang='lat' dir='ltr'>tur</span> <span class='ocrx_word' id='word_1_16' title='bbox 122 420 227 494; x_wconf 88' lang='lat' dir='ltr'>oratio,</span> <span class='ocrx_word' id='word_1_17' title='bbox 245 420 269 477; x_wconf 93' lang='lat' dir='ltr'>si</span> <span class='ocrx_word' id='word_1_18' title='bbox 284 437 377 497; x_wconf 91' lang='lat' dir='ltr'>usque</span> <span class='ocrx_word' id='word_1_19' title='bbox 397 418 432 478; x_wconf 94' lang='lat' dir='ltr'>ad</span> <span class='ocrx_word' id='word_1_20' title='bbox 451 437 536 480; x_wconf 87' lang='lat' dir='ltr'>aures</span> <span class='ocrx_word' id='word_1_21' title='bbox 551 421 646 495; x_wconf 82' lang='lat' dir='ltr'>valet,</span> <span class='ocrx_word' id='word_1_22' title='bbox 671 428 757 496; x_wconf 90' lang='lat' dir='ltr'>atque</span> <span class='ocrx_word' id='word_1_23' title='bbox 779 436 814 478; x_wconf 91' lang='lat' dir='ltr'>ea</span> <span class='ocrx_word' id='word_1_24' title='bbox 828 419 883 480; x_wconf 90' lang='lat' dir='ltr'>sibi</span> <span class='ocrx_word' id='word_1_25' title='bbox 900 420 1003 498; x_wconf 74' lang='lat' dir='ltr'>iudex,</span> <span class='ocrx_word' id='word_1_26' title='bbox 1026 425 1062 484; x_wconf 91' lang='lat' dir='ltr'>de</span> 
     </span>
     <span class='ocr_line' id='line_1_4' title="bbox 58 502 1061 582; baseline 0.003 -20"><span class='ocrx_word' id='word_1_27' title='bbox 58 502 166 582; x_wconf 89' lang='lat' dir='ltr'>quibus</span> <span class='ocrx_word' id='word_1_28' title='bbox 183 503 346 580; x_wconf 74' lang='lat' dir='ltr'><strong>cognoscit,</strong></span> <span class='ocrx_word' id='word_1_29' title='bbox 363 505 472 562; x_wconf 89' lang='lat' dir='ltr'>narrari</span> <span class='ocrx_word' id='word_1_30' title='bbox 489 503 580 563; x_wconf 91' lang='lat' dir='ltr'>credit</span> <span class='ocrx_word' id='word_1_31' title='bbox 594 520 651 563; x_wconf 94' lang='lat' dir='ltr'>non</span> <span class='ocrx_word' id='word_1_32' title='bbox 669 503 789 580; x_wconf 83' lang='lat' dir='ltr'>exprimi</span> <span class='ocrx_word' id='word_1_33' title='bbox 806 511 834 561; x_wconf 91' lang='lat' dir='ltr'>et</span> <span class='ocrx_word' id='word_1_34' title='bbox 852 504 945 564; x_wconf 91' lang='lat' dir='ltr'>oculis</span> <span class='ocrx_word' id='word_1_35' title='bbox 958 508 1061 565; x_wconf 91' lang='lat' dir='ltr'>mentis</span> 
     </span>
     <span class='ocr_line' id='line_1_5' title="bbox 60 585 1104 665; baseline 0.005 -19"><span class='ocrx_word' id='word_1_36' title='bbox 60 585 184 646; x_wconf 90' lang='lat' dir='ltr'>ostendi.</span> <span class='ocrx_word' id='word_1_37' title='bbox 227 585 287 646; x_wconf 86' lang='lat' dir='ltr'>Sed</span> <span class='ocrx_word' id='word_1_38' title='bbox 319 587 453 663; x_wconf 90' lang='lat' dir='ltr'>quoniam</span> <span class='ocrx_word' id='word_1_39' title='bbox 480 587 610 665; x_wconf 90' lang='lat' dir='ltr'>pluribus</span> <span class='ocrx_word' id='word_1_40' title='bbox 640 586 733 646; x_wconf 91' lang='lat' dir='ltr'>modis</span> <span class='ocrx_word' id='word_1_41' title='bbox 762 587 856 664; x_wconf 82' lang='lat' dir='ltr'><strong>accipi</strong></span> <span class='ocrx_word' id='word_1_42' title='bbox 886 587 978 648; x_wconf 89' lang='lat' dir='ltr'>solet:</span> <span class='ocrx_word' id='word_1_43' title='bbox 1005 597 1104 653; x_wconf 70' lang='lat' dir='ltr'>ruenda</span> 
     </span>
     <span class='ocr_line' id='line_1_6' title="bbox 60 668 1061 749; baseline 0.003 -19"><span class='ocrx_word' id='word_1_44' title='bbox 60 668 196 747; x_wconf 85' lang='lat' dir='ltr'>equidem</span> <span class='ocrx_word' id='word_1_45' title='bbox 212 671 240 727; x_wconf 95' lang='lat' dir='ltr'>in</span> <span class='ocrx_word' id='word_1_46' title='bbox 255 686 355 729; x_wconf 88' lang='lat' dir='ltr'>ornnes</span> <span class='ocrx_word' id='word_1_47' title='bbox 374 687 438 730; x_wconf 91' lang='lat' dir='ltr'>earn</span> <span class='ocrx_word' id='word_1_48' title='bbox 454 670 610 749; x_wconf 89' lang='lat' dir='ltr'>particulas</span> <span class='ocrx_word' id='word_1_49' title='bbox 628 669 753 745; x_wconf 88' lang='lat' dir='ltr'>secabo,</span> <span class='ocrx_word' id='word_1_50' title='bbox 775 687 893 748; x_wconf 91' lang='lat' dir='ltr'>quarum</span> <span class='ocrx_word' id='word_1_51' title='bbox 909 672 1061 733; x_wconf 75' lang='lat' dir='ltr'>ambitiose</span> 
     </span>
     <span class='ocr_line' id='line_1_7' title="bbox 58 752 1060 831; baseline 0.001 -16"><span class='ocrx_word' id='word_1_52' title='bbox 58 752 263 831; x_wconf 88' lang='lat' dir='ltr'>aquibusdam</span> <span class='ocrx_word' id='word_1_53' title='bbox 283 771 417 813; x_wconf 87' lang='lat' dir='ltr'>numerus</span> <span class='ocrx_word' id='word_1_54' title='bbox 439 762 575 831; x_wconf 86' lang='lat' dir='ltr'>augetur,</span> <span class='ocrx_word' id='word_1_55' title='bbox 601 753 654 814; x_wconf 93' lang='lat' dir='ltr'>sed</span> <span class='ocrx_word' id='word_1_56' title='bbox 673 755 796 813; x_wconf 83' lang='lat' dir='ltr'>maxime</span> <span class='ocrx_word' id='word_1_57' title='bbox 818 757 1001 816; x_wconf 89' lang='lat' dir='ltr'>necessarias</span> <span class='ocrx_word' id='word_1_58' title='bbox 1021 765 1060 816; x_wconf 94' lang='lat' dir='ltr'>at·</span> 
     </span>
     <span class='ocr_line' id='line_1_8' title="bbox 57 835 1060 918; baseline 0.004 -22"><span class='ocrx_word' id='word_1_59' title='bbox 57 838 175 915; x_wconf 87' lang='lat' dir='ltr'>tingam.</span> <span class='ocrx_word' id='word_1_60' title='bbox 212 835 266 895; x_wconf 88' lang='lat' dir='ltr'>Est</span> <span class='ocrx_word' id='word_1_61' title='bbox 281 837 367 914; x_wconf 87' lang='lat' dir='ltr'>igitur</span> <span class='ocrx_word' id='word_1_62' title='bbox 382 855 467 896; x_wconf 91' lang='lat' dir='ltr'>unum</span> <span class='ocrx_word' id='word_1_63' title='bbox 482 855 590 915; x_wconf 84' lang='lat' dir='ltr'>genus,</span> <span class='ocrx_word' id='word_1_64' title='bbox 608 855 665 917; x_wconf 95' lang='lat' dir='ltr'>quo</span> <span class='ocrx_word' id='word_1_65' title='bbox 681 846 742 898; x_wconf 89' lang='lat' dir='ltr'>tota</span> <span class='ocrx_word' id='word_1_66' title='bbox 758 855 855 896; x_wconf 89' lang='lat' dir='ltr'>rerum</span> <span class='ocrx_word' id='word_1_67' title='bbox 871 838 966 914; x_wconf 85' lang='lat' dir='ltr'>imago</span> <span class='ocrx_word' id='word_1_68' title='bbox 990 857 1060 918; x_wconf 94' lang='lat' dir='ltr'>quo·</span> 
     </span>
     <span class='ocr_line' id='line_1_9' title="bbox 57 919 519 998; baseline 0.002 -18"><span class='ocrx_word' id='word_1_69' title='bbox 57 919 210 980; x_wconf 90' lang='lat' dir='ltr'>dammodo</span> <span class='ocrx_word' id='word_1_70' title='bbox 228 919 326 980; x_wconf 84' lang='lat' dir='ltr'>verbis</span> <span class='ocrx_word' id='word_1_71' title='bbox 341 920 519 998; x_wconf 76' lang='lat' dir='ltr'>depingitur:</span> 
     </span>
     <span class='ocr_line' id='line_1_10' title="bbox 162 1002 952 1084; baseline 0.005 -22"><span class='ocrx_word' id='word_1_72' title='bbox 162 1002 301 1065; x_wconf 78' lang='lat' dir='ltr'>Constitit</span> <span class='ocrx_word' id='word_1_73' title='bbox 320 1004 353 1064; x_wconf 82' lang='lat' dir='ltr'>in</span> <span class='ocrx_word' id='word_1_74' title='bbox 376 1005 486 1083; x_wconf 76' lang='lat' dir='ltr'>digitos</span> <span class='ocrx_word' id='word_1_75' title='bbox 502 1006 651 1084; x_wconf 75' lang='lat' dir='ltr'>extemplo</span> <span class='ocrx_word' id='word_1_76' title='bbox 665 1013 809 1065; x_wconf 78' lang='lat' dir='ltr'>arrectus</span> <span class='ocrx_word' id='word_1_77' title='bbox 824 1011 952 1082; x_wconf 86' lang='lat' dir='ltr'>uterquc</span> 
     </span>
    </p>

    <p class='ocr_par' dir='ltr' id='par_1_3' title="bbox 53 1085 1129 3509">
     <span class='ocr_line' id='line_1_11' title="bbox 57 1085 1060 1165; baseline 0.001 -17"><span class='ocrx_word' id='word_1_78' title='bbox 57 1096 88 1148; x_wconf 86' lang='lat' dir='ltr'>et</span> <span class='ocrx_word' id='word_1_79' title='bbox 105 1095 220 1162; x_wconf 82' lang='lat' dir='ltr'>cetera,</span> <span class='ocrx_word' id='word_1_80' title='bbox 245 1104 319 1165; x_wconf 89' lang='lat' dir='ltr'>quae</span> <span class='ocrx_word' id='word_1_81' title='bbox 342 1085 426 1146; x_wconf 92' lang='lat' dir='ltr'>nohis</span> <span class='ocrx_word' id='word_1_82' title='bbox 446 1087 525 1147; x_wconf 92' lang='lat' dir='ltr'>illam</span> <span class='ocrx_word' id='word_1_83' title='bbox 546 1088 675 1165; x_wconf 82' lang='lat' dir='ltr'>pugilum</span> <span class='ocrx_word' id='word_1_84' title='bbox 693 1086 940 1165; x_wconf 77' lang='lat' dir='ltr'>congredientium</span> <span class='ocrx_word' id='word_1_85' title='bbox 955 1087 1060 1149; x_wconf 82' lang='lat' dir='ltr'>faciem</span> 
     </span>
     <span class='ocr_line' id='line_1_12' title="bbox 58 1169 1102 1249; baseline 0.006 -18"><span class='ocrx_word' id='word_1_86' title='bbox 58 1174 99 1231; x_wconf 90' lang='lat' dir='ltr'>ita</span> <span class='ocrx_word' id='word_1_87' title='bbox 115 1169 281 1246; x_wconf 75' lang='lat' dir='ltr'>ostendunt,</span> <span class='ocrx_word' id='word_1_88' title='bbox 300 1179 402 1229; x_wconf 94' lang='lat' dir='ltr'>utnon</span> <span class='ocrx_word' id='word_1_89' title='bbox 419 1170 526 1230; x_wconf 87' lang='lat' dir='ltr'>clarior</span> <span class='ocrx_word' id='word_1_90' title='bbox 542 1171 637 1231; x_wconf 86' lang='lat' dir='ltr'>lutura</span> <span class='ocrx_word' id='word_1_91' title='bbox 652 1171 740 1232; x_wconf 87' lang='lat' dir='ltr'>luerit</span> <span class='ocrx_word' id='word_1_92' title='bbox 755 1170 965 1249; x_wconf 82' lang='lat' dir='ltr'>spectantibus.</span> <span class='ocrx_word' id='word_1_93' title='bbox 996 1171 1102 1237; x_wconf 81' lang='lat' dir='ltr'>Plu-cs</span> 
     </span>
     <span class='ocr_line' id='line_1_13' title="bbox 55 1251 1060 1331; baseline 0.002 -17"><span class='ocrx_word' id='word_1_94' title='bbox 55 1255 159 1314; x_wconf 87' lang='lat' dir='ltr'>nimum</span> <span class='ocrx_word' id='word_1_95' title='bbox 183 1255 212 1312; x_wconf 93' lang='lat' dir='ltr'>in</span> <span class='ocrx_word' id='word_1_96' title='bbox 238 1253 296 1314; x_wconf 89' lang='lat' dir='ltr'>hoc</span> <span class='ocrx_word' id='word_1_97' title='bbox 317 1272 428 1331; x_wconf 86' lang='lat' dir='ltr'>genere</span> <span class='ocrx_word' id='word_1_98' title='bbox 451 1254 526 1314; x_wconf 93' lang='lat' dir='ltr'>sicut</span> <span class='ocrx_word' id='word_1_99' title='bbox 547 1255 575 1313; x_wconf 94' lang='lat' dir='ltr'>in</span> <span class='ocrx_word' id='word_1_100' title='bbox 595 1257 701 1315; x_wconf 89' lang='lat' dir='ltr'>ceteris</span> <span class='ocrx_word' id='word_1_101' title='bbox 724 1256 830 1316; x_wconf 90' lang='lat' dir='ltr'>eminet</span> <span class='ocrx_word' id='word_1_102' title='bbox 852 1251 968 1315; x_wconf 78' lang='lat' dir='ltr'>Cicero.</span> <span class='ocrx_word' id='word_1_103' title='bbox 1013 1256 1060 1316; x_wconf 84' lang='lat' dir='ltr'>An</span> 
     </span>
     <span class='ocr_line' id='line_1_14' title="bbox 57 1337 1058 1417; baseline 0.002 -20"><span class='ocrx_word' id='word_1_104' title='bbox 57 1337 211 1417; x_wconf 92' lang='lat' dir='ltr'>quisquam</span> <span class='ocrx_word' id='word_1_105' title='bbox 230 1345 286 1397; x_wconf 91' lang='lat' dir='ltr'>tam</span> <span class='ocrx_word' id='word_1_106' title='bbox 301 1337 407 1416; x_wconf 90' lang='lat' dir='ltr'>procul</span> <span class='ocrx_word' id='word_1_107' title='bbox 424 1355 440 1397; x_wconf 92' lang='lat' dir='ltr'>a</span> <span class='ocrx_word' id='word_1_108' title='bbox 457 1339 654 1417; x_wconf 83' lang='lat' dir='ltr'>concipiendis</span> <span class='ocrx_word' id='word_1_109' title='bbox 668 1338 839 1417; x_wconf 86' lang='lat' dir='ltr'>imaginibus</span> <span class='ocrx_word' id='word_1_110' title='bbox 853 1356 949 1398; x_wconf 87' lang='lat' dir='ltr'>rerum</span> <span class='ocrx_word' id='word_1_111' title='bbox 965 1338 1058 1416; x_wconf 86' lang='lat' dir='ltr'>abest,</span> 
     </span>
     <span class='ocr_line' id='line_1_15' title="bbox 56 1420 1058 1501; baseline 0.003 -21"><span class='ocrx_word' id='word_1_112' title='bbox 56 1429 89 1480; x_wconf 88' lang='lat' dir='ltr'>ut</span> <span class='ocrx_word' id='word_1_113' title='bbox 111 1437 184 1498; x_wconf 83' lang='lat' dir='ltr'>non,</span> <span class='ocrx_word' id='word_1_114' title='bbox 207 1439 271 1480; x_wconf 91' lang='lat' dir='ltr'>cum</span> <span class='ocrx_word' id='word_1_115' title='bbox 294 1420 345 1481; x_wconf 88' lang='lat' dir='ltr'>illa</span> <span class='ocrx_word' id='word_1_116' title='bbox 365 1423 395 1480; x_wconf 94' lang='lat' dir='ltr'>in</span> <span class='ocrx_word' id='word_1_117' title='bbox 417 1420 541 1482; x_wconf 84' lang='lat' dir='ltr'>Verrem</span> <span class='ocrx_word' id='word_1_118' title='bbox 561 1421 649 1499; x_wconf 88' lang='lat' dir='ltr'>legit:</span> <span class='ocrx_word' id='word_1_119' title='bbox 671 1421 760 1485; x_wconf 82' lang='lat' dir='ltr'>Stetit</span> <span class='ocrx_word' id='word_1_120' title='bbox 783 1423 917 1484; x_wconf 78' lang='lat' dir='ltr'>soleatus</span> <span class='ocrx_word' id='word_1_121' title='bbox 929 1431 1058 1501; x_wconf 86' lang='lat' dir='ltr'>praetor</span> 
     </span>
     <span class='ocr_line' id='line_1_16' title="bbox 53 1503 1058 1588; baseline 0 -20"><span class='ocrx_word' id='word_1_122' title='bbox 53 1506 164 1588; x_wconf 81' lang='lat' dir='ltr'>populi</span> <span class='ocrx_word' id='word_1_123' title='bbox 177 1503 310 1568; x_wconf 79' lang='lat' dir='ltr'>Ronlani</span> <span class='ocrx_word' id='word_1_124' title='bbox 325 1524 393 1567; x_wconf 86' lang='lat' dir='ltr'>cum</span> <span class='ocrx_word' id='word_1_125' title='bbox 408 1506 503 1584; x_wconf 85' lang='lat' dir='ltr'>pallio</span> <span class='ocrx_word' id='word_1_126' title='bbox 515 1524 674 1585; x_wconf 82' lang='lat' dir='ltr'>purpureo</span> <span class='ocrx_word' id='word_1_127' title='bbox 693 1508 856 1584; x_wconf 80' lang='lat' dir='ltr'>tunicaque</span> <span class='ocrx_word' id='word_1_128' title='bbox 878 1508 973 1568; x_wconf 87' lang='lat' dir='ltr'>talari</span> <span class='ocrx_word' id='word_1_129' title='bbox 992 1526 1058 1568; x_wconf 80' lang='lat' dir='ltr'>run-</span> 
     </span>
     <span class='ocr_line' id='line_1_17' title="bbox 55 1589 1124 1668; baseline -0.003 -15"><span class='ocrx_word' id='word_1_130' title='bbox 55 1592 189 1653; x_wconf 86' lang='lat' dir='ltr'>llercula</span> <span class='ocrx_word' id='word_1_131' title='bbox 203 1593 297 1651; x_wconf 82' lang='lat' dir='ltr'>niano</span> <span class='ocrx_word' id='word_1_132' title='bbox 309 1591 343 1651; x_wconf 87' lang='lat' dir='ltr'>in</span> <span class='ocrx_word' id='word_1_133' title='bbox 359 1591 464 1666; x_wconf 88' lang='lat' dir='ltr'>litora,</span> <span class='ocrx_word' id='word_1_134' title='bbox 486 1606 544 1648; x_wconf 92' lang='lat' dir='ltr'>non</span> <span class='ocrx_word' id='word_1_135' title='bbox 561 1589 655 1650; x_wconf 92' lang='lat' dir='ltr'>solum</span> <span class='ocrx_word' id='word_1_136' title='bbox 669 1592 750 1668; x_wconf 92' lang='lat' dir='ltr'>ipsos</span> <span class='ocrx_word' id='word_1_137' title='bbox 766 1591 870 1650; x_wconf 90' lang='lat' dir='ltr'>intueri</span> <span class='ocrx_word' id='word_1_138' title='bbox 882 1590 1014 1651; x_wconf 90' lang='lat' dir='ltr'>videatur</span> <span class='ocrx_word' id='word_1_139' title='bbox 1030 1600 1059 1651; x_wconf 93' lang='lat' dir='ltr'>et</span> <span class='ocrx_word' id='word_1_140' title='bbox 1122 1623 1124 1626; x_wconf 95' lang='lat'>·</span> 
     </span>
     <span class='ocr_line' id='line_1_18' title="bbox 57 1672 1058 1753; baseline 0 -18"><span class='ocrx_word' id='word_1_141' title='bbox 57 1674 156 1735; x_wconf 89' lang='lat' dir='ltr'>locum</span> <span class='ocrx_word' id='word_1_142' title='bbox 172 1682 201 1732; x_wconf 94' lang='lat' dir='ltr'>et</span> <span class='ocrx_word' id='word_1_143' title='bbox 221 1673 348 1734; x_wconf 90' lang='lat' dir='ltr'>habitum</span> <span class='ocrx_word' id='word_1_144' title='bbox 369 1674 422 1733; x_wconf 91' lang='lat' dir='ltr'>sed</span> <span class='ocrx_word' id='word_1_145' title='bbox 438 1672 577 1752; x_wconf 89' lang='lat' dir='ltr'>quaedam</span> <span class='ocrx_word' id='word_1_146' title='bbox 593 1675 678 1734; x_wconf 90' lang='lat' dir='ltr'>etiam</span> <span class='ocrx_word' id='word_1_147' title='bbox 693 1692 731 1733; x_wconf 86' lang='lat' dir='ltr'>ex</span> <span class='ocrx_word' id='word_1_148' title='bbox 745 1675 798 1750; x_wconf 91' lang='lat' dir='ltr'>iis,</span> <span class='ocrx_word' id='word_1_149' title='bbox 820 1691 894 1753; x_wconf 89' lang='lat' dir='ltr'>quae</span> <span class='ocrx_word' id='word_1_150' title='bbox 909 1674 986 1734; x_wconf 89' lang='lat' dir='ltr'>dicta</span> <span class='ocrx_word' id='word_1_151' title='bbox 1001 1692 1058 1735; x_wconf 95' lang='lat' dir='ltr'>non</span> 
     </span>
     <span class='ocr_line' id='line_1_19' title="bbox 57 1754 1100 1835; baseline 0.007 -19"><span class='ocrx_word' id='word_1_152' title='bbox 57 1765 139 1833; x_wconf 90' lang='lat' dir='ltr'>sunt,</span> <span class='ocrx_word' id='word_1_153' title='bbox 161 1757 216 1816; x_wconf 89' lang='lat' dir='ltr'>sibi</span> <span class='ocrx_word' id='word_1_154' title='bbox 237 1759 301 1835; x_wconf 92' lang='lat' dir='ltr'>ipse</span> <span class='ocrx_word' id='word_1_155' title='bbox 323 1754 451 1818; x_wconf 87' lang='lat' dir='ltr'>astruat‘l</span> <span class='ocrx_word' id='word_1_156' title='bbox 489 1757 553 1835; x_wconf 86' lang='lat' dir='ltr'>Ego</span> <span class='ocrx_word' id='word_1_157' title='bbox 579 1766 659 1818; x_wconf 91' lang='lat' dir='ltr'>certe</span> <span class='ocrx_word' id='word_1_158' title='bbox 680 1757 747 1817; x_wconf 89' lang='lat' dir='ltr'>milri</span> <span class='ocrx_word' id='word_1_159' title='bbox 768 1775 890 1818; x_wconf 90' lang='lat' dir='ltr'>cernere</span> <span class='ocrx_word' id='word_1_160' title='bbox 911 1758 1014 1818; x_wconf 88' lang='lat' dir='ltr'>videor</span> <span class='ocrx_word' id='word_1_161' title='bbox 1030 1768 1100 1823; x_wconf 78' lang='lat' dir='ltr'>etot</span> 
     </span>
     <span class='ocr_line' id='line_1_20' title="bbox 56 1840 1057 1921; baseline 0.002 -21"><span class='ocrx_word' id='word_1_162' title='bbox 56 1840 165 1901; x_wconf 91' lang='lat' dir='ltr'>vultum</span> <span class='ocrx_word' id='word_1_163' title='bbox 181 1850 210 1900; x_wconf 96' lang='lat' dir='ltr'>et</span> <span class='ocrx_word' id='word_1_164' title='bbox 224 1841 327 1901; x_wconf 91' lang='lat' dir='ltr'>oculos</span> <span class='ocrx_word' id='word_1_165' title='bbox 349 1851 378 1901; x_wconf 88' lang='lat' dir='ltr'>et</span> <span class='ocrx_word' id='word_1_166' title='bbox 396 1840 542 1901; x_wconf 80' lang='lat' dir='ltr'>deformes</span> <span class='ocrx_word' id='word_1_167' title='bbox 559 1843 708 1920; x_wconf 88' lang='lat' dir='ltr'>utriusque</span> <span class='ocrx_word' id='word_1_168' title='bbox 724 1841 877 1902; x_wconf 87' lang='lat' dir='ltr'>blanditias</span> <span class='ocrx_word' id='word_1_169' title='bbox 901 1850 1057 1921; x_wconf 85' lang='lat' dir='ltr'>eteorum,</span> 
     </span>
     <span class='ocr_line' id='line_1_21' title="bbox 56 1923 1056 2002; baseline 0.002 -20"><span class='ocrx_word' id='word_1_170' title='bbox 56 1925 106 2002; x_wconf 93' lang='lat' dir='ltr'>qui</span> <span class='ocrx_word' id='word_1_171' title='bbox 125 1923 261 2000; x_wconf 84' lang='lat' dir='ltr'>aderant,</span> <span class='ocrx_word' id='word_1_172' title='bbox 282 1926 397 1985; x_wconf 89' lang='lat' dir='ltr'>tacitam</span> <span class='ocrx_word' id='word_1_173' title='bbox 414 1926 625 1985; x_wconf 79' lang='lat' dir='ltr'>aversationem</span> <span class='ocrx_word' id='word_1_174' title='bbox 646 1943 682 1984; x_wconf 92' lang='lat' dir='ltr'>ac</span> <span class='ocrx_word' id='word_1_175' title='bbox 704 1925 829 1987; x_wconf 89' lang='lat' dir='ltr'>timidam</span> <span class='ocrx_word' id='word_1_176' title='bbox 844 1927 1056 1986; x_wconf 89' lang='lat' dir='ltr'>verecundiam.</span> 
     </span>
     <span class='ocr_line' id='line_1_22' title="bbox 56 2005 1101 2086; baseline 0.006 -19"><span class='ocrx_word' id='word_1_177' title='bbox 56 2005 173 2067; x_wconf 83' lang='lat' dir='ltr'>lnterim</span> <span class='ocrx_word' id='word_1_178' title='bbox 192 2007 374 2086; x_wconf 89' lang='lat' dir='ltr'>expluribus</span> <span class='ocrx_word' id='word_1_179' title='bbox 393 2008 516 2068; x_wconf 84' lang='lat' dir='ltr'>eflicitur</span> <span class='ocrx_word' id='word_1_180' title='bbox 531 2009 597 2084; x_wconf 84' lang='lat' dir='ltr'>itta,</span> <span class='ocrx_word' id='word_1_181' title='bbox 620 2025 704 2086; x_wconf 65' lang='lat' dir='ltr'>marn</span> <span class='ocrx_word' id='word_1_182' title='bbox 728 2027 864 2070; x_wconf 92' lang='lat' dir='ltr'>conamur</span> <span class='ocrx_word' id='word_1_183' title='bbox 882 2011 1056 2086; x_wconf 82' lang='lat' dir='ltr'>exprimere,</span> <span class='ocrx_word' id='word_1_184' title='bbox 1067 2019 1101 2075; x_wconf 88' lang='grc'>66</span> 
     </span>
     <span class='ocr_line' id='line_1_23' title="bbox 56 2090 1057 2171; baseline 0.003 -22"><span class='ocrx_word' id='word_1_185' title='bbox 56 2090 159 2165; x_wconf 83' lang='lat' dir='ltr'>iacies,</span> <span class='ocrx_word' id='word_1_186' title='bbox 178 2099 208 2150; x_wconf 92' lang='lat' dir='ltr'>ut</span> <span class='ocrx_word' id='word_1_187' title='bbox 224 2100 270 2151; x_wconf 91' lang='lat' dir='ltr'>est</span> <span class='ocrx_word' id='word_1_188' title='bbox 285 2090 360 2171; x_wconf 91' lang='lat' dir='ltr'>apud</span> <span class='ocrx_word' id='word_1_189' title='bbox 377 2091 498 2153; x_wconf 90' lang='lat' dir='ltr'>eundern</span> <span class='ocrx_word' id='word_1_190' title='bbox 520 2093 663 2170; x_wconf 89' lang='lat' dir='ltr'>(namque</span> <span class='ocrx_word' id='word_1_191' title='bbox 678 2091 714 2152; x_wconf 94' lang='lat' dir='ltr'>ad</span> <span class='ocrx_word' id='word_1_192' title='bbox 729 2094 852 2152; x_wconf 89' lang='lat' dir='ltr'>omnium</span> <span class='ocrx_word' id='word_1_193' title='bbox 867 2092 986 2152; x_wconf 91' lang='lat' dir='ltr'>ornandi</span> <span class='ocrx_word' id='word_1_194' title='bbox 1001 2095 1057 2152; x_wconf 91' lang='lat' dir='ltr'>vir·</span> 
     </span>
     <span class='ocr_line' id='line_1_24' title="bbox 57 2175 1057 2254; baseline 0.001 -21"><span class='ocrx_word' id='word_1_195' title='bbox 57 2183 147 2234; x_wconf 91' lang='lat' dir='ltr'>tutum</span> <span class='ocrx_word' id='word_1_196' title='bbox 166 2175 329 2252; x_wconf 90' lang='lat' dir='ltr'>exemplum</span> <span class='ocrx_word' id='word_1_197' title='bbox 348 2175 397 2235; x_wconf 91' lang='lat' dir='ltr'>vel</span> <span class='ocrx_word' id='word_1_198' title='bbox 420 2193 492 2234; x_wconf 91' lang='lat' dir='ltr'>unus</span> <span class='ocrx_word' id='word_1_199' title='bbox 515 2175 642 2253; x_wconf 84' lang='lat' dir='ltr'>suflicit)</span> <span class='ocrx_word' id='word_1_200' title='bbox 665 2176 693 2233; x_wconf 96' lang='lat' dir='ltr'>in</span> <span class='ocrx_word' id='word_1_201' title='bbox 715 2175 911 2254; x_wconf 91' lang='lat' dir='ltr'>descriptione</span> <span class='ocrx_word' id='word_1_202' title='bbox 932 2177 1057 2236; x_wconf 89' lang='lat' dir='ltr'>convivii</span> 
     </span>
     <span class='ocr_line' id='line_1_25' title="bbox 55 2256 1058 2336; baseline 0.002 -17"><span class='ocrx_word' id='word_1_203' title='bbox 55 2257 213 2319; x_wconf 83' lang='lat' dir='ltr'>luxuriosi:</span> <span class='ocrx_word' id='word_1_204' title='bbox 233 2256 369 2321; x_wconf 83' lang='lat' dir='ltr'>Videbar</span> <span class='ocrx_word' id='word_1_205' title='bbox 383 2261 489 2321; x_wconf 83' lang='lat' dir='ltr'>uidere</span> <span class='ocrx_word' id='word_1_206' title='bbox 500 2260 578 2320; x_wconf 83' lang='lat' dir='ltr'>alios</span> <span class='ocrx_word' id='word_1_207' title='bbox 590 2260 751 2336; x_wconf 81' lang='lat' dir='ltr'>intrantes,</span> <span class='ocrx_word' id='word_1_208' title='bbox 767 2260 845 2320; x_wconf 81' lang='lat' dir='ltr'>alios</span> <span class='ocrx_word' id='word_1_209' title='bbox 855 2277 928 2320; x_wconf 82' lang='lat' dir='ltr'>ocra</span> <span class='ocrx_word' id='word_1_210' title='bbox 942 2278 1058 2321; x_wconf 75' lang='lat' dir='ltr'>exeun·</span> 
     </span>
     <span class='ocr_line' id='line_1_26' title="bbox 55 2342 1058 2420; baseline -0.001 -17"><span class='ocrx_word' id='word_1_211' title='bbox 55 2349 113 2418; x_wconf 82' lang='lat' dir='ltr'>tec,</span> <span class='ocrx_word' id='word_1_212' title='bbox 128 2343 277 2419; x_wconf 83' lang='lat' dir='ltr'>quosdam</span> <span class='ocrx_word' id='word_1_213' title='bbox 291 2361 332 2403; x_wconf 84' lang='lat' dir='ltr'>ea</span> <span class='ocrx_word' id='word_1_214' title='bbox 345 2344 415 2404; x_wconf 87' lang='lat' dir='ltr'>uino</span> <span class='ocrx_word' id='word_1_215' title='bbox 426 2343 617 2418; x_wconf 77' lang='lat' dir='ltr'>oscillantes,</span> <span class='ocrx_word' id='word_1_216' title='bbox 634 2342 784 2418; x_wconf 79' lang='lat' dir='ltr'>quosdam</span> <span class='ocrx_word' id='word_1_217' title='bbox 793 2343 938 2403; x_wconf 76' lang='lat' dir='ltr'>lauterna</span> <span class='ocrx_word' id='word_1_218' title='bbox 953 2361 993 2402; x_wconf 85' lang='lat' dir='ltr'>aa</span> <span class='ocrx_word' id='word_1_219' title='bbox 1005 2360 1058 2420; x_wconf 90' lang='lat' dir='ltr'>po·</span> 
     </span>
     <span class='ocr_line' id='line_1_27' title="bbox 55 2425 1057 2502; baseline 0 -16"><span class='ocrx_word' id='word_1_220' title='bbox 55 2426 169 2488; x_wconf 74' lang='lat' dir='ltr'>aedom</span> <span class='ocrx_word' id='word_1_221' title='bbox 183 2427 359 2488; x_wconf 78' lang='lat' dir='ltr'>oscitantes.</span> <span class='ocrx_word' id='word_1_222' title='bbox 390 2425 508 2488; x_wconf 83' lang='lat' dir='ltr'>Hamus</span> <span class='ocrx_word' id='word_1_223' title='bbox 525 2434 594 2487; x_wconf 83' lang='lat' dir='ltr'>arat</span> <span class='ocrx_word' id='word_1_224' title='bbox 613 2426 788 2502; x_wconf 85' lang='lat' dir='ltr'>immunda,</span> <span class='ocrx_word' id='word_1_225' title='bbox 812 2426 959 2487; x_wconf 86' lang='lat' dir='ltr'>lutulenta</span> <span class='ocrx_word' id='word_1_226' title='bbox 977 2427 1057 2501; x_wconf 86' lang='lat' dir='ltr'>eino,</span> 
     </span>
     <span class='ocr_line' id='line_1_28' title="bbox 56 2506 1099 2589; baseline -0.003 -19"><span class='ocrx_word' id='word_1_227' title='bbox 56 2509 179 2571; x_wconf 68' lang='lat' dir='ltr'>ammeio</span> <span class='ocrx_word' id='word_1_228' title='bbox 200 2510 389 2589; x_wconf 76' lang='lat' dir='ltr'>languidulis</span> <span class='ocrx_word' id='word_1_229' title='bbox 408 2518 437 2571; x_wconf 87' lang='lat' dir='ltr'>et</span> <span class='ocrx_word' id='word_1_230' title='bbox 458 2511 556 2588; x_wconf 78' lang='lat' dir='ltr'>spinis</span> <span class='ocrx_word' id='word_1_231' title='bbox 571 2517 716 2588; x_wconf 85' lang='lat' dir='ltr'>cooperta</span> <span class='ocrx_word' id='word_1_232' title='bbox 729 2510 871 2588; x_wconf 81' lang='lat' dir='ltr'>piscium.</span> <span class='ocrx_word' id='word_1_233' title='bbox 904 2506 978 2581; x_wconf 85' lang='lat' dir='ltr'>Quid</span> <span class='ocrx_word' id='word_1_234' title='bbox 994 2507 1059 2587; x_wconf 90' lang='lat' dir='ltr'>plus</span> <span class='ocrx_word' id='word_1_235' title='bbox 1066 2517 1099 2574; x_wconf 85' lang='grc'>67</span> 
     </span>
     <span class='ocr_line' id='line_1_29' title="bbox 55 2590 1057 2671; baseline 0 -21"><span class='ocrx_word' id='word_1_236' title='bbox 55 2593 186 2668; x_wconf 84' lang='lat' dir='ltr'>videret,</span> <span class='ocrx_word' id='word_1_237' title='bbox 209 2595 258 2670; x_wconf 94' lang='lat' dir='ltr'>qui</span> <span class='ocrx_word' id='word_1_238' title='bbox 280 2590 436 2654; x_wconf 81' lang='lat' dir='ltr'>intrasset?</span> <span class='ocrx_word' id='word_1_239' title='bbox 476 2594 525 2653; x_wconf 87' lang='lat' dir='ltr'>Sic</span> <span class='ocrx_word' id='word_1_240' title='bbox 545 2603 576 2653; x_wconf 90' lang='lat' dir='ltr'>et</span> <span class='ocrx_word' id='word_1_241' title='bbox 597 2592 709 2652; x_wconf 90' lang='lat' dir='ltr'>urbium</span> <span class='ocrx_word' id='word_1_242' title='bbox 724 2601 871 2671; x_wconf 89' lang='lat' dir='ltr'>captarum</span> <span class='ocrx_word' id='word_1_243' title='bbox 885 2593 993 2653; x_wconf 86' lang='lat' dir='ltr'>crescit</span> <span class='ocrx_word' id='word_1_244' title='bbox 1007 2593 1057 2650; x_wconf 91' lang='lat' dir='ltr'>mi·</span> 
     </span>
     <span class='ocr_line' id='line_1_30' title="bbox 56 2676 1057 2755; baseline 0 -21"><span class='ocrx_word' id='word_1_245' title='bbox 56 2677 176 2736; x_wconf 89' lang='lat' dir='ltr'>seratio.</span> <span class='ocrx_word' id='word_1_246' title='bbox 207 2678 277 2736; x_wconf 88' lang='lat' dir='ltr'>Sine</span> <span class='ocrx_word' id='word_1_247' title='bbox 292 2677 378 2737; x_wconf 89' lang='lat' dir='ltr'>dubio</span> <span class='ocrx_word' id='word_1_248' title='bbox 393 2677 484 2754; x_wconf 86' lang='lat' dir='ltr'>enim,</span> <span class='ocrx_word' id='word_1_249' title='bbox 507 2678 555 2755; x_wconf 91' lang='lat' dir='ltr'>qui</span> <span class='ocrx_word' id='word_1_250' title='bbox 571 2676 640 2736; x_wconf 92' lang='lat' dir='ltr'>dicit</span> <span class='ocrx_word' id='word_1_251' title='bbox 657 2684 850 2755; x_wconf 83' lang='lat' dir='ltr'>expugnatam</span> <span class='ocrx_word' id='word_1_252' title='bbox 873 2693 941 2735; x_wconf 89' lang='lat' dir='ltr'>esse</span> <span class='ocrx_word' id='word_1_253' title='bbox 959 2677 1057 2735; x_wconf 89' lang='lat' dir='ltr'>civita·</span> 
     </span>
     <span class='ocr_line' id='line_1_31' title="bbox 55 2759 1056 2838; baseline -0.001 -20"><span class='ocrx_word' id='word_1_254' title='bbox 55 2768 131 2834; x_wconf 79' lang='lat' dir='ltr'>tem,</span> <span class='ocrx_word' id='word_1_255' title='bbox 153 2759 356 2838; x_wconf 85' lang='lat' dir='ltr'>complectitur</span> <span class='ocrx_word' id='word_1_256' title='bbox 374 2761 483 2836; x_wconf 83' lang='lat' dir='ltr'>omnia,</span> <span class='ocrx_word' id='word_1_257' title='bbox 507 2777 697 2838; x_wconf 90' lang='lat' dir='ltr'>quaecunque</span> <span class='ocrx_word' id='word_1_258' title='bbox 721 2760 787 2820; x_wconf 91' lang='lat' dir='ltr'>talis</span> <span class='ocrx_word' id='word_1_259' title='bbox 807 2760 922 2820; x_wconf 88' lang='lat' dir='ltr'>fortuna</span> <span class='ocrx_word' id='word_1_260' title='bbox 937 2759 1056 2837; x_wconf 89' lang='lat' dir='ltr'>recipit;</span> 
     </span>
     <span class='ocr_line' id='line_1_32' title="bbox 56 2840 1098 2922; baseline 0.004 -21"><span class='ocrx_word' id='word_1_261' title='bbox 56 2842 111 2902; x_wconf 92' lang='lat' dir='ltr'>sed</span> <span class='ocrx_word' id='word_1_262' title='bbox 126 2843 291 2903; x_wconf 84' lang='lat' dir='ltr'>ineffectus</span> <span class='ocrx_word' id='word_1_263' title='bbox 309 2846 401 2903; x_wconf 91' lang='lat' dir='ltr'>minus</span> <span class='ocrx_word' id='word_1_264' title='bbox 417 2852 550 2922; x_wconf 87' lang='lat' dir='ltr'>penetrat</span> <span class='ocrx_word' id='word_1_265' title='bbox 570 2844 668 2904; x_wconf 87' lang='lat' dir='ltr'>brevis</span> <span class='ocrx_word' id='word_1_266' title='bbox 689 2844 737 2904; x_wconf 91' lang='lat' dir='ltr'>hio</span> <span class='ocrx_word' id='word_1_267' title='bbox 758 2843 838 2904; x_wconf 87' lang='lat' dir='ltr'>velut</span> <span class='ocrx_word' id='word_1_268' title='bbox 859 2845 982 2903; x_wconf 87' lang='lat' dir='ltr'>nuntius.</span> <span class='ocrx_word' id='word_1_269' title='bbox 1015 2840 1098 2906; x_wconf 81' lang='lat' dir='ltr'>Atos</span> 
     </span>
     <span class='ocr_line' id='line_1_33' title="bbox 57 2925 1129 3006; baseline -0.001 -21"><span class='ocrx_word' id='word_1_270' title='bbox 57 2926 82 2985; x_wconf 89' lang='lat' dir='ltr'>si</span> <span class='ocrx_word' id='word_1_271' title='bbox 101 2927 215 3004; x_wconf 90' lang='lat' dir='ltr'>aperias</span> <span class='ocrx_word' id='word_1_272' title='bbox 230 2926 320 3003; x_wconf 81' lang='lat' dir='ltr'>haee,</span> <span class='ocrx_word' id='word_1_273' title='bbox 339 2945 413 3005; x_wconf 89' lang='lat' dir='ltr'>quae</span> <span class='ocrx_word' id='word_1_274' title='bbox 433 2927 525 2987; x_wconf 84' lang='lat' dir='ltr'>verbo</span> <span class='ocrx_word' id='word_1_275' title='bbox 546 2945 602 2988; x_wconf 94' lang='lat' dir='ltr'>uno</span> <span class='ocrx_word' id='word_1_276' title='bbox 622 2926 734 2988; x_wconf 89' lang='lat' dir='ltr'>inclusa</span> <span class='ocrx_word' id='word_1_277' title='bbox 756 2937 854 3003; x_wconf 85' lang='lat' dir='ltr'>erant,</span> <span class='ocrx_word' id='word_1_278' title='bbox 878 2925 1057 3006; x_wconf 87' lang='lat' dir='ltr'>apparebunt</span> <span class='ocrx_word' id='word_1_279' title='bbox 1128 2941 1129 2944; x_wconf 71' lang='grc'>’</span> 
     </span>
     <span class='ocr_line' id='line_1_34' title="bbox 56 3009 1058 3089; baseline 0 -21"><span class='ocrx_word' id='word_1_280' title='bbox 56 3009 168 3069; x_wconf 85' lang='lat' dir='ltr'>eliusae</span> <span class='ocrx_word' id='word_1_281' title='bbox 185 3027 240 3088; x_wconf 90' lang='lat' dir='ltr'>per</span> <span class='ocrx_word' id='word_1_282' title='bbox 254 3009 355 3070; x_wconf 91' lang='lat' dir='ltr'>domus</span> <span class='ocrx_word' id='word_1_283' title='bbox 371 3028 406 3071; x_wconf 91' lang='lat' dir='ltr'>ac</span> <span class='ocrx_word' id='word_1_284' title='bbox 423 3011 531 3089; x_wconf 90' lang='lat' dir='ltr'>templa</span> <span class='ocrx_word' id='word_1_285' title='bbox 551 3011 681 3071; x_wconf 85' lang='lat' dir='ltr'>dammae</span> <span class='ocrx_word' id='word_1_286' title='bbox 703 3020 732 3071; x_wconf 92' lang='lat' dir='ltr'>et</span> <span class='ocrx_word' id='word_1_287' title='bbox 752 3013 894 3071; x_wconf 90' lang='lat' dir='ltr'>ruentium</span> <span class='ocrx_word' id='word_1_288' title='bbox 914 3018 1058 3069; x_wconf 89' lang='lat' dir='ltr'>tectorum</span> 
     </span>
     <span class='ocr_line' id='line_1_35' title="bbox 56 3092 1057 3174; baseline 0 -23"><span class='ocrx_word' id='word_1_289' title='bbox 56 3092 158 3169; x_wconf 82' lang='lat' dir='ltr'>fragor</span> <span class='ocrx_word' id='word_1_290' title='bbox 175 3102 204 3152; x_wconf 92' lang='lat' dir='ltr'>et</span> <span class='ocrx_word' id='word_1_291' title='bbox 224 3111 262 3152; x_wconf 90' lang='lat' dir='ltr'>ex</span> <span class='ocrx_word' id='word_1_292' title='bbox 276 3095 399 3155; x_wconf 89' lang='lat' dir='ltr'>diversis</span> <span class='ocrx_word' id='word_1_293' title='bbox 415 3094 588 3155; x_wconf 88' lang='lat' dir='ltr'>clamoribus</span> <span class='ocrx_word' id='word_1_294' title='bbox 606 3113 678 3154; x_wconf 94' lang='lat' dir='ltr'>unus</span> <span class='ocrx_word' id='word_1_295' title='bbox 691 3095 805 3174; x_wconf 90' lang='lat' dir='ltr'>quidam</span> <span class='ocrx_word' id='word_1_296' title='bbox 820 3111 919 3170; x_wconf 89' lang='lat' dir='ltr'>sonus,</span> <span class='ocrx_word' id='word_1_297' title='bbox 936 3093 1057 3154; x_wconf 92' lang='lat' dir='ltr'>aliorum</span> 
     </span>
     <span class='ocr_line' id='line_1_36' title="bbox 56 3176 1056 3256; baseline -0.001 -20"><span class='ocrx_word' id='word_1_298' title='bbox 56 3176 127 3252; x_wconf 85' lang='lat' dir='ltr'>fuga</span> <span class='ocrx_word' id='word_1_299' title='bbox 143 3178 271 3253; x_wconf 80' lang='lat' dir='ltr'>incerta,</span> <span class='ocrx_word' id='word_1_300' title='bbox 295 3177 344 3238; x_wconf 93' lang='lat' dir='ltr'>alii</span> <span class='ocrx_word' id='word_1_301' title='bbox 364 3187 493 3238; x_wconf 88' lang='lat' dir='ltr'>extremo</span> <span class='ocrx_word' id='word_1_302' title='bbox 511 3178 665 3256; x_wconf 86' lang='lat' dir='ltr'>complexu</span> <span class='ocrx_word' id='word_1_303' title='bbox 686 3195 803 3239; x_wconf 91' lang='lat' dir='ltr'>suorum</span> <span class='ocrx_word' id='word_1_304' title='bbox 819 3179 1011 3238; x_wconf 86' lang='lat' dir='ltr'>cohaerentes</span> <span class='ocrx_word' id='word_1_305' title='bbox 1027 3185 1056 3236; x_wconf 92' lang='lat' dir='ltr'>et</span> 
     </span>
     <span class='ocr_line' id='line_1_37' title="bbox 56 3259 1056 3342; baseline 0.002 -24"><span class='ocrx_word' id='word_1_306' title='bbox 56 3259 205 3320; x_wconf 83' lang='lat' dir='ltr'>infantium</span> <span class='ocrx_word' id='word_1_307' title='bbox 219 3259 445 3341; x_wconf 89' lang='lat' dir='ltr'>feminarumque</span> <span class='ocrx_word' id='word_1_308' title='bbox 460 3262 591 3342; x_wconf 89' lang='lat' dir='ltr'>ploratus</span> <span class='ocrx_word' id='word_1_309' title='bbox 607 3271 637 3322; x_wconf 90' lang='lat' dir='ltr'>et</span> <span class='ocrx_word' id='word_1_310' title='bbox 650 3262 727 3322; x_wconf 90' lang='lat' dir='ltr'>male</span> <span class='ocrx_word' id='word_1_311' title='bbox 743 3263 771 3321; x_wconf 91' lang='lat' dir='ltr'>in</span> <span class='ocrx_word' id='word_1_312' title='bbox 784 3261 866 3322; x_wconf 92' lang='lat' dir='ltr'>illum</span> <span class='ocrx_word' id='word_1_313' title='bbox 876 3279 969 3340; x_wconf 90' lang='lat' dir='ltr'>usque</span> <span class='ocrx_word' id='word_1_314' title='bbox 980 3261 1056 3321; x_wconf 91' lang='lat' dir='ltr'>diem</span> 
     </span>
     <span class='ocr_line' id='line_1_38' title="bbox 57 3343 1099 3425; baseline 0.006 -23"><span class='ocrx_word' id='word_1_315' title='bbox 57 3345 166 3403; x_wconf 88' lang='lat' dir='ltr'>servati</span> <span class='ocrx_word' id='word_1_316' title='bbox 186 3343 246 3404; x_wconf 87' lang='lat' dir='ltr'>lato</span> <span class='ocrx_word' id='word_1_317' title='bbox 269 3363 370 3415; x_wconf 78' lang='lat' dir='ltr'>senes:</span> <span class='ocrx_word' id='word_1_318' title='bbox 394 3355 453 3405; x_wconf 90' lang='lat' dir='ltr'>tum</span> <span class='ocrx_word' id='word_1_319' title='bbox 473 3345 523 3406; x_wconf 88' lang='lat' dir='ltr'>illa</span> <span class='ocrx_word' id='word_1_320' title='bbox 548 3345 733 3425; x_wconf 76' lang='lat' dir='ltr'>profanorum</span> <span class='ocrx_word' id='word_1_321' title='bbox 753 3362 961 3424; x_wconf 90' lang='lat' dir='ltr'>sacrorumque</span> <span class='ocrx_word' id='word_1_322' title='bbox 980 3344 1055 3407; x_wconf 86' lang='lat' dir='ltr'>dire·</span> <span class='ocrx_word' id='word_1_323' title='bbox 1063 3352 1099 3408; x_wconf 85' lang='grc'>69</span> 
     </span>
     <span class='ocr_line' id='line_1_39' title="bbox 58 3426 1056 3509; baseline 0.002 -22"><span class='ocrx_word' id='word_1_324' title='bbox 58 3426 137 3504; x_wconf 81' lang='lat' dir='ltr'>ptio‚</span> <span class='ocrx_word' id='word_1_325' title='bbox 160 3427 340 3488; x_wconf 82' lang='lat' dir='ltr'>efferentium</span> <span class='ocrx_word' id='word_1_326' title='bbox 361 3430 484 3508; x_wconf 89' lang='lat' dir='ltr'>praedas</span> <span class='ocrx_word' id='word_1_327' title='bbox 506 3431 756 3509; x_wconf 85' lang='lat' dir='ltr'>repetentiumque</span> <span class='ocrx_word' id='word_1_328' title='bbox 778 3429 926 3491; x_wconf 89' lang='lat' dir='ltr'>discursus</span> <span class='ocrx_word' id='word_1_329' title='bbox 946 3429 1056 3490; x_wconf 83' lang='lat' dir='ltr'>etacti</span> 
     </span>
    </p>
   </div>
   <div class='ocr_carea' id='block_1_3' title="bbox 0 0 1288 4026">
    <p class='ocr_par' dir='ltr' id='par_1_4' title="bbox 0 0 1288 4026">
     <span class='ocr_line' id='line_1_40' title="bbox 0 0 1288 4026; baseline 0 1"><span class='ocrx_word' id='word_1_330' title='bbox 0 0 1288 4026; x_wconf 95' lang='lat' dir='ltr'> </span> 
     </span>
    </p>
   </div>
  </div>
 </body>
</html>
