2566 4026
390 179 857 249 1usn.onauon.u1B.X‚t.5.
1072 175 1130 235 177

121 340 178 399 hoc
194 341 364 415 contingere
381 356 497 416 semper
512 347 610 416 potest
627 339 799 415 praesertim
815 339 934 415 oratori,
952 341 996 398 cui
1012 342 1129 419 saepius

121 423 251 482 scribere
267 424 302 483 ad
318 431 490 500 praesentes
512 440 581 481 usus
602 439 727 481 neccsse
750 431 808 491 est;
833 431 862 482 et
887 422 1048 484 emendatio
1067 427 1129 503 ipsa

121 508 206 566 linem
222 506 340 566 haheat.
368 507 439 566 Sunt
455 507 530 565 enim
548 507 595 584 qui
606 506 641 565 ad
654 507 748 565 omnia
760 506 867 585 scripta
878 515 1012 586 tauquam
1025 511 1129 570 vitiosa

120 592 241 651 redeant
261 601 306 666 et,
324 592 406 668 quasi
420 590 490 649 nihil
507 590 551 650 ias
568 592 605 649 sit
620 599 731 650 rectum
752 608 819 650 esse
842 590 919 668 quod
935 593 1055 670 primum
1072 603 1128 670 cst,

119 676 222 735 melius
240 677 404 735 existiment
421 674 559 752 quidquid
577 683 622 734 est
637 674 731 750 aliud,
748 676 836 752 idque
852 675 973 751 iaciant,
994 679 1128 754 quotiens

120 759 223 821 librum
237 761 267 818 in
282 777 381 818 manus
401 767 630 837 resumpserunt,
648 758 758 818 similes
774 759 894 818 medicis
913 761 1005 820 etiam¹
1016 762 1129 838 integra

119 843 295 903 secantibus.
338 843 455 904 Accidit
477 844 593 921 itaque,
616 851 647 902 ut
662 844 834 904 cicatricosa
850 845 907 903 siut
923 853 952 903 et
971 848 1129 923 exsanguia

119 936 148 985 ct
165 945 233 987 cura
250 929 362 1005 peiora.
406 928 450 988 sit
472 945 543 1006 crgo
570 926 724 1006 aliquando
750 927 828 1006 quod
844 926 960 1006 placeat
984 938 1032 989 aut
1048 938 1159 994 certet

119 1012 197 1089 quod
221 1011 364 1087 sufficiat,
387 1020 418 1071 ut
438 1029 512 1091 opus
533 1012 626 1090 poliat
649 1010 715 1070 lima
736 1029 793 1070 uon
816 1021 939 1073 exterat.
976 1011 1128 1093 Temporis

72 1161 73 1165 Ἰ
118 1112 235 1173 quoque
252 1114 319 1155 esse
337 1096 426 1156 debet
441 1096 554 1161 modus,
590 1094 663 1156 Nam
686 1095 763 1173 quod
782 1093 890 1158 Cinnae
911 1097 1062 1172 Zmyrnam
1077 1115 1128 1158 no-

117 1198 182 1238 vem
197 1181 277 1240 annis
293 1182 460 1258 accepimus
479 1182 627 1257 scriptam,
647 1189 675 1239 et
686 1178 896 1257 Panegyricum
909 1180 1059 1257 Isocratis,
1079 1183 1128 1261 qui

117 1265 298 1340 parcissime,
315 1264 418 1324 decem
430 1266 510 1324 annis
523 1264 621 1324 dicunt
634 1263 828 1324 elaboratum:
846 1265 882 1326 ad
897 1274 1044 1325 oratorem
1058 1266 1127 1327 nihil

117 1350 260 1424 pertinet,
280 1349 360 1407 cuius
376 1348 485 1408 nullum
504 1350 569 1424 erit,
586 1349 611 1406 si
626 1356 684 1407 tam
701 1349 812 1408 tardum
823 1349 920 1425 fuerit,
937 1350 1083 1409 auxilium.

403 1501 490 1560 QUAE
507 1501 694 1552 SCRIBENDA
707 1501 849 1554 ΜΑΧΙΜΕ.

199 1600 235 1658 V.
252 1600 416 1661 Proximum
428 1612 483 1677 est,
496 1611 527 1661 ut
539 1601 677 1677 dicamus,
695 1620 786 1680 quae
801 1603 1014 1681 praecipue
1030 1606 1125 1665 scri-

117 1684 235 1744 benda
255 1687 337 1745 sint.
367 1686 432 1746 Hoc
447 1686 633 1747 exuberantis
649 1688 687 1745 sit
703 1686 819 1764 quidem
835 1687 954 1766 operis,
976 1696 1007 1747 ut
1032 1689 1124 1768 expli-

117 1787 226 1844 cemus,
244 1788 318 1848 quae
331 1773 386 1829 sint
400 1772 550 1847 materiae,
569 1789 644 1849 quae
660 1772 751 1848 prima
769 1779 817 1830 aut
835 1770 962 1831 secunda
980 1782 1029 1832 aut
1045 1773 1125 1833 deiu-

116 1871 187 1931 ceps
208 1855 357 1915 tractanda
379 1857 448 1923 siut;
474 1874 538 1916 nam
558 1856 587 1915 id
610 1856 717 1916 factum
742 1864 788 1915 est
814 1857 899 1916 etiam
918 1858 1010 1935 primo
1038 1856 1124 1934 libro,

115 1956 173 2015 quo
190 1957 356 2015 puerorum,
373 1948 403 1998 et
422 1941 568 2016 secundo,
587 1957 644 2017 quo
667 1938 862 1999 robustiorum
878 1939 979 2000 studiis
996 1940 1126 2001 ordinem

116 2021 261 2090 dedimus;
283 2024 353 2097 sed,
371 2022 407 2082 de
429 2041 486 2101 quo
508 2041 583 2082 nunc
605 2025 715 2100 agitur,
738 2024 814 2083 unde
836 2024 922 2103 copia
944 2042 979 2084 ac
1000 2024 1125 2086 facilitas

115 2106 239 2163 maxIme
254 2108 361 2163 veniat.

199 2188 361 2248 Vertere
386 2187 529 2249 Graeca
550 2190 585 2248 iu
606 2188 902 2249 Latinumveteres
918 2192 1010 2249 nostri
1028 2199 1153 2251 orato-2

77 2275 80 2281 ’
114 2291 164 2331 res
183 2274 321 2350 optimum
342 2271 515 2331 iudicabant.
551 2269 584 2330 ld
600 2289 632 2330 se
648 2272 678 2331 L.
701 2270 825 2332 Crassus
848 2274 877 2331 iu
896 2273 955 2332 illis
973 2270 1125 2333 Ciceronis

115 2356 151 2415 dc
169 2354 293 2416 Oratore
309 2355 390 2415 libris
409 2356 477 2415 dicit
492 2355 652 2415 factitasse.
678 2355 710 2415 ld
725 2353 831 2415 Cicero
847 2374 898 2416 sua
914 2357 979 2434 ipse
997 2374 1124 2434 persona

114 2440 352 2518 frequentissime
373 2441 529 2519 praecipit,
559 2440 626 2517 quin
655 2441 741 2499 etiam
765 2438 856 2498 libros
881 2439 1011 2499 Platonis
1037 2450 1125 2520 atque

114 2524 317 2604 Xenophontis
340 2525 429 2585 edidit
449 2524 506 2585 hoc
526 2542 637 2602 genere
650 2522 817 2584 translatos.
852 2522 885 2583 ld
899 2521 1044 2584 Messalae
1061 2524 1124 2603 pla·

116 2613 183 2685 cuit,
200 2609 366 2688 multaeque
380 2619 445 2669 sunt
460 2609 496 2669 ab
509 2627 545 2669 eo
557 2611 684 2687 scriptae
698 2608 733 2668 ad
745 2608 821 2668 huuc
833 2608 948 2667 modum
964 2609 1123 2685 orationes,

115 2695 189 2753 adeo
204 2704 235 2753 ut
252 2695 338 2754 etiam
357 2712 422 2754 cum
437 2693 488 2754 illa
503 2693 659 2772 Hyperidis
675 2710 728 2770 pro
747 2691 861 2768 Phryne
881 2691 1049 2753 difficillima
1065 2693 1123 2752 llo-

114 2780 203 2839 maais
220 2779 378 2838 subtilitate
395 2778 595 2838 contenderet.
622 2776 660 2836 Et
670 2776 821 2837 manifesta
842 2784 888 2837 est
906 2777 1154 2840 exercitationis3

113 2862 235 2921 huiusce
256 2866 341 2922 ratio.
370 2862 442 2922 Nam
454 2872 483 2922 et
494 2880 591 2922 rerum
607 2862 692 2940 copia
708 2859 812 2921 Graeci
827 2870 963 2922 auctores
979 2859 1124 2921 abundant

115 2955 143 3004 ct
160 2947 312 3023 plurimum
328 2948 397 3006 artis
419 2948 449 3005 in
471 2946 668 3024 eloquentiam
684 2945 855 3022 intulerunt,
878 2953 908 3006 et
928 2944 983 3003 hos
1001 2944 1123 3004 transfe-

113 3029 243 3088 rentibus
255 3030 353 3089 verbis
369 3032 409 3089 uti
426 3031 541 3108 optimis
559 3029 640 3105 licet,
660 3028 790 3089 omnibus
803 3031 878 3089 enim
890 3031 994 3089 utimur
1004 3030 1122 3088 uostris.

114 3112 236 3188 Figurae
252 3131 336 3189 vero,
354 3114 457 3192 quibus
475 3115 598 3173 maxime
616 3122 733 3172 ornatur
744 3115 848 3190 oratio,
864 3113 968 3172 multas
980 3131 1015 3172 ac
1027 3115 1122 3173 varias
1169 3152 1172 3162 ι

115 3197 301 3272 excogitandi
318 3200 403 3257 etiam
420 3199 582 3257 necessitas
599 3196 739 3275 quaedam
756 3206 817 3273 est,
837 3198 903 3277 quia
919 3197 1091 3276 plerumque
1106 3215 1124 3260 a

115 3279 234 3340 Graecis
253 3280 381 3340 Romana
397 3280 578 3341 dissentiunt.

200 3365 258 3423 Sed
283 3373 312 3425 et
334 3365 385 3425 illa
407 3385 451 3426 ex
471 3366 612 3427 Latinis
636 3368 837 3427 conversio
861 3366 979 3426 multum
1008 3375 1037 3427 et
1057 3369 1151 3446 ipsaa

115 3448 279 3507 contulerit.
320 3449 421 3510 Aede
446 3451 617 3511 carminibus
639 3453 753 3530 quidem
775 3453 917 3513 neminem
934 3451 1024 3512 credo
1041 3452 1123 3513 dubi·

155 3553 186 3592 u.
198 3554 223 3593 a.
237 3554 349 3604 perunum.
362 3539 396 3594 lt.
932 3535 970 3598 12
