2566 4026
344 183 783 252 1nsr.onnron.n1e.1x‚l.
1011 177 1068 238 129

63 357 225 420 quanquam
247 347 276 396 et
298 339 316 396 ii
332 339 387 415 ipsi
407 339 482 397 inter
503 356 535 397 se
551 338 707 399 dissimiles
722 338 846 398 luerunt.
885 336 958 401 Nam
973 361 1069 421 neque

61 424 133 484 illud
157 425 185 481 in
199 421 285 497 Lysia
300 421 413 482 dicendi
434 430 544 481 textum
564 431 652 482 tenue
673 431 760 500 atque
783 441 878 482 rasum
899 421 1068 486 laetioribus

62 508 191 566 numeris
206 505 446 583 corrumpendum
463 515 538 574 erat;
555 506 730 584 perdidisset
746 507 819 566 enim
836 509 976 584 gratiam,
993 528 1068 590 quae

61 594 90 650 in
105 608 142 650 eo
165 592 287 649 maxima
309 599 369 665 est,
394 590 534 668 simplicis
557 599 644 668 atque
665 590 821 650 inaffectati
846 591 970 667 coloris,
1000 610 1067 671 per·

61 675 183 734 didisset
198 672 284 733 iidem
302 690 429 752 quoque.
471 672 543 732 Nam
563 673 710 733 scrihebat
730 674 810 750 aliis,
833 692 890 734 non
909 676 973 754 ipse
989 676 1067 737 dice·

60 758 125 832 hat,
145 766 174 816 ut
196 758 358 835 oportuerit
377 775 444 816 esse
465 756 516 817 illa
535 757 652 818 rudihus
673 767 703 818 et
727 759 927 837 incompositis
949 759 1066 830 similia;

62 841 139 920 quod
154 843 249 918 ipsum
266 841 438 917 compositio
458 849 512 900 est.
557 839 594 900 Et
610 841 765 918 historiae,
789 860 864 920 quae
884 859 1003 902 currere
1019 843 1111 909 ‹te-rs

60 925 110 984 het
133 924 269 1000 ecferri,
289 925 380 984 minus
398 925 602 984 convenissent
617 927 783 986 insistentes
805 927 952 987 clausulae
974 934 1003 986 et
1018 927 1067 987 de·

60 1008 119 1068 hita
137 1008 297 1068 actionibus
313 1009 468 1086 respiratio
485 1016 514 1068 et
529 1008 662 1069 cludendi
677 1009 888 1088 inchoandique
908 1013 1067 1072 sententias

62 1094 146 1152 ratio.
191 1092 222 1151 ln
242 1091 423 1151 contionibus
440 1093 554 1171 quidem
576 1094 661 1152 etiarn
681 1093 813 1153 similiter
830 1095 962 1154 cadentia
978 1112 1065 1172 quae·

60 1175 124 1236 dam
146 1184 175 1235 et
196 1177 393 1253 contraposita
420 1176 633 1254 deprehendas.
678 1177 710 1236 ln
731 1176 882 1238 herodoto
907 1193 980 1237 vcro
1002 1197 1067 1239 cum

61 1260 155 1318 omnia
171 1260 217 1337 (ut
233 1276 290 1335 ego
304 1260 419 1337 quidem
434 1261 545 1340 sentio)
561 1260 666 1321 leniter
680 1260 785 1336 duunt,
810 1271 868 1321 tum
889 1263 953 1340 ipsa
970 1256 1065 1322 orate

59 1364 128 1414 κτος
158 1342 246 1402 hahet
270 1361 333 1402 eam
364 1343 584 1420 iucunditatem,
619 1353 651 1404 ut
675 1345 798 1405 latentes
823 1346 908 1405 etiam
930 1362 1065 1405 numeros

61 1426 214 1504 complexa
240 1426 381 1486 videatur.
426 1426 485 1487 Sed
508 1429 544 1488 de
573 1429 790 1506 propositorum
810 1429 978 1488 diversitate
999 1435 1108 1507 post19

60 1510 185 1589 paulum.
223 1509 322 1586 Nunc,
340 1528 414 1588 quae
430 1512 508 1589 prius
525 1513 577 1588 iis,
598 1514 646 1590 qui
661 1521 744 1572 recte
760 1528 938 1591 componere
953 1512 1064 1585 volent,

60 1593 197 1654 discenda
214 1595 279 1653 sint.

144 1676 198 1737 Est
215 1679 302 1754 igitur
321 1688 387 1738 ante
409 1679 502 1738 omnia
520 1681 613 1738 oratio
629 1679 686 1738 alia
706 1681 801 1739 vincta
819 1689 906 1758 atquc
929 1688 1065 1740 contexta

60 1760 155 1820 soluta
176 1762 246 1837 alia,
270 1762 363 1839 qualis
386 1763 414 1820 in
429 1778 564 1822 sermone
583 1771 612 1822 et
629 1763 778 1840 epistolis;
802 1765 857 1823 nisi
876 1782 939 1823 oum
957 1763 1065 1843 aliquid

59 1863 147 1922 supra
173 1855 300 1904 naturam
316 1863 395 1904 suam
410 1855 551 1923 tractant,
572 1855 604 1905 ut
624 1846 660 1906 de
678 1846 879 1926 philosophia,
903 1849 940 1908 de
962 1866 995 1907 re
1013 1866 1064 1926 pn-

58 1928 154 2004 hlica,
176 1928 325 1988 similibus.
366 1929 451 2002 Quod
465 1948 522 1990 non
540 1947 576 1990 eo
593 1930 676 2006 dico,
701 1933 767 2009 quia
786 1949 843 1990 non
858 1931 928 1991 illud
946 1940 1108 2010 quoqueao

59 2011 185 2071 solutum
209 2012 314 2072 haheat
336 2030 405 2072 suos
428 2014 568 2091 quosdam
590 2023 619 2073 et
639 2013 760 2075 forsitan
776 2014 958 2075 difficiliores
979 2017 1065 2075 etiam

59 2095 165 2174 pedes;
188 2100 376 2173 nequeenim
400 2106 449 2156 aut
471 2097 552 2157 hiare
570 2115 687 2174 semper
706 2098 858 2158 vocalibus
880 2107 928 2157 aut
949 2098 1065 2158 destitui

60 2179 240 2256 temporibus
255 2181 356 2240 volunt
378 2196 474 2239 sermo
491 2189 577 2258 atque
594 2180 735 2258 epistola;
759 2184 887 2243 sednon
904 2180 994 2240 fluunt
1009 2199 1066 2241 nec

58 2262 217 2322 cohaerent
236 2282 291 2324 nec
308 2263 398 2323 verba
413 2264 511 2323 verhis
533 2263 661 2338 trahunt,
681 2272 712 2322 ut
731 2266 827 2341 potius
844 2264 956 2324 laxiora
972 2266 1000 2322 in
1019 2262 1064 2323 his

57 2346 173 2406 vincula
190 2365 273 2424 quam
293 2347 371 2407 nulla
387 2349 453 2407 sint.
497 2345 706 2425 Nonnunquam
726 2349 754 2405 in
771 2348 865 2406 causis
882 2364 1000 2425 quoque
1015 2347 1106 2413 mim

57 2429 176 2489 norihus
197 2433 284 2492 decet
308 2430 409 2491 eadem
433 2431 619 2508 simplicitas,
648 2448 721 2508 quae
744 2430 906 2490 nonnullis
927 2428 980 2488 sed
1001 2429 1064 2489 aliis

57 2516 145 2573 utitur
170 2518 311 2591 numeris,
337 2513 553 2592 dissimulatque
578 2531 630 2574 eos
652 2523 680 2573 et
708 2523 816 2574 tantum
837 2513 991 2574 communit
1015 2530 1063 2572 oc·

58 2597 172 2657 cultius.

142 2681 181 2740 At
195 2681 246 2742 illa
259 2699 390 2741 connexa
405 2683 499 2740 series
514 2690 574 2740 tres
590 2681 678 2741 habet
691 2682 813 2742 formas:
832 2681 971 2757 Incisa,
989 2694 1107 2760 quaeda

57 2757 192 2842 κόμματα
206 2766 353 2842 dicuntur,
377 2764 551 2842 lllemhra,
569 2783 643 2846 quae
661 2769 755 2843 κῶλα,
770 2765 964 2845 περίοδον,
988 2782 1063 2844 quae

57 2857 104 2908 est
123 2849 172 2909 vel
194 2848 316 2908 ambitus
337 2849 386 2909 rel
405 2850 628 2909 circumductum
653 2850 702 2910 vel
726 2851 903 2910 continuatio
925 2848 974 2907 vel
995 2865 1063 2907 cou-

58 2931 161 2991 olusio.
199 2933 232 2992 ln
248 2934 323 2992 omni
340 2950 429 3011 porro
447 2934 658 3011 compositione
674 2935 728 2993 tria
747 2943 812 2993 sunt
831 2951 943 3011 genera
959 2949 1063 2991 neces·

57 3017 149 3074 saria:
174 3016 263 3091 ordo,
280 3019 426 3093 iunctura,
443 3035 588 3077 numerus.

141 3098 265 3159 Primum
286 3102 373 3177 igitur
394 3101 431 3160 de
455 3101 596 3161 ordine.
642 3099 712 3159 Eius
733 3101 900 3160 observatio
920 3101 948 3158 in
965 3098 1106 3164 verbisatt

58 3191 103 3241 est
119 3183 240 3260 singulis
256 3193 285 3242 et
301 3186 454 3244 contentis.
500 3184 619 3261 Singula
635 3193 716 3260 sunt,
741 3202 816 3263 quae
832 3174 977 3244 ἀσύνδετα
991 3183 1063 3242 dixi·

57 3283 130 3325 mus.
174 3266 206 3326 ln
221 3266 265 3327 his
282 3269 455 3344 cavendum,
472 3287 509 3328 ne
524 3269 677 3328 decrescat
693 3270 804 3344 oratio,
822 3277 851 3327 et
867 3267 980 3327 fortiori
996 3266 1062 3325 suh·

57 3350 193 3426 iungatur
205 3351 312 3428 aliquid
328 3353 485 3428 infirmius,
501 3360 532 3411 ut
549 3351 695 3428 sacrilego
711 3351 772 3427 lur,
794 3360 842 3411 aut
861 3351 965 3411 latroni
981 3360 1063 3429 petu-

58 3431 131 3493 lans.
163 3435 272 3510 Augeri
290 3437 363 3495 enim
378 3435 484 3495 dehent
499 3437 659 3495 sententiae
677 3444 707 3495 et
720 3436 890 3512 insurgere,
910 3442 940 3495 ut
956 3436 1064 3514 optime

101 3538 131 3575 rr.
144 3536 168 3575 r.
182 3536 293 3584 ournrrc.
310 3524 344 3577 11.
878 3519 897 3579 9
