2566 4026
413 161 829 244 rusu.onnu0n.c1n.l,s.
1085 169 1125 232 23

117 333 283 408 emendata,
303 341 335 392 nt
351 331 492 408 dilucida,
509 340 540 391 ut
554 339 654 393 ornata
672 333 710 392 sit
729 333 811 412 (quia
827 334 926 395 dicere
942 345 1028 414 apte,
1047 338 1124 416 quod

117 427 159 480 est
173 418 384 498 praecipuum,
407 415 543 494 plerique
562 418 674 477 ornatui
696 415 882 498 subiiciunt);
903 419 1023 481 totidem
1044 424 1123 498 vitia,

117 520 189 583 qnae
218 509 288 562 sunt
314 500 513 579 supradictis
538 502 697 562 contraria:
732 503 921 564 emendato
945 504 1124 583 loquendi

116 587 263 666 regulam,
286 601 363 664 qnae
381 585 583 663 grammatices
602 586 683 663 prior
700 602 769 663 pars
782 586 849 662 'est,
868 589 1020 648 examinet.
1044 589 1151 652 llaecb

118 672 244 749 exigitur
263 667 364 728 verbis
387 677 436 728 aut
456 668 578 746 singulis
600 677 649 728 aut
670 669 811 747 pluribus.
855 668 958 732 Verbo
976 690 1052 734 nunc
1071 693 1124 752 gc·

116 754 258 816 ncraliter
281 753 377 830 accipi
403 752 490 828 volo,
516 771 581 813 nam
607 753 718 831 duplex
744 769 845 814 eorum
867 754 1036 816 intellectus
1064 769 1123 826 est:

116 840 205 915 alter,
226 839 277 917 qui
295 838 390 896 omnia
406 854 461 915 per
476 854 550 915 quae
565 853 662 898 sermo
681 838 807 898 nectitur
820 838 983 916 significat,
1002 849 1032 899 ut
1050 841 1125 920 opud

115 924 279 984 Horatium:
300 921 460 999 verboque
474 923 632 1001 provisam
653 941 719 984 rem
739 941 801 983 non
821 923 920 985 incito
938 933 1126 1001 aequentur,-

116 1007 205 1082 alter,
228 1007 259 1065 in
282 1021 340 1084 quo
363 1012 410 1064 est
431 1023 487 1066 una
509 1022 577 1085 pars
599 1006 754 1082 orationis,
777 1008 860 1085 lepo,
878 1009 992 1070 scribo
1034 1006 1125 1082 Quam

116 1095 241 1152 mutes
258 1088 475 1167 ambiguitatem
494 1089 608 1168 quidam
626 1088 725 1150 dicere
740 1090 902 1151 maluerunt
915 1109 1023 1168 occec,
1042 1093 1124 1154 loca·

117 1178 231 1251 dona,
256 1175 417 1236 dicdoaec
463 1173 584 1251 Singula
604 1181 670 1234 sunt
691 1182 739 1235 aut
765 1183 865 1236 nostra
888 1184 936 1236 aut
957 1178 1153 1254 peregrinat

116 1268 161 1320 ant
183 1257 331 1337 simplicia
350 1266 400 1317 aut
421 1260 598 1336 composita,
621 1267 669 1319 aut
690 1260 810 1337 propria
831 1268 880 1319 aut
899 1259 1054 1336 translata,
1077 1269 1126 1321 aut

116 1346 221 1404 usitata
239 1350 290 1402 aut
311 1340 387 1401 dcta.

198 1425 258 1487 llni
275 1424 369 1485 verbo
384 1425 484 1485 vitium
498 1427 615 1504 saepius
632 1443 716 1503 quam
732 1428 822 1486 virtus
839 1427 924 1486 inest.
953 1426 1036 1488 Licet
1050 1429 1125 1487 enim

115 1511 245 1572 dicamus
263 1508 372 1589 aliquid
388 1511 552 1588 proprium,
575 1511 758 1588 speciosum,
780 1509 917 1570 sublime:
938 1509 1009 1571 nihil
1030 1520 1125 1572 tamen

115 1595 218 1656 borum
240 1595 298 1653 nisi
324 1595 354 1653 in
376 1593 533 1672 complexo
558 1593 695 1672 loquendi
721 1596 858 1673 serieque
880 1595 1035 1673 contingit;
1063 1596 1123 1657 lau·

115 1679 216 1740 murus
233 1679 310 1738 enim
326 1676 418 1738 verba
434 1677 522 1738 rebus
537 1677 613 1738 bene
629 1678 854 1739 accommodata.
887 1679 958 1740 Sola
973 1688 1028 1755 est,
1050 1687 1150 1758 quael

114 1763 209 1824 notari
232 1763 330 1841 possit
349 1761 431 1823 velut
451 1763 620 1837 accolitus,
649 1779 724 1840 quae
744 1752 878 1840 εὖφωνία
898 1764 1015 1832 dicitnr;
1042 1766 1124 1825 cuius

114 1850 140 1907 in
163 1863 203 1908 eo
227 1845 364 1907 delectus
384 1855 446 1921 est,
469 1855 500 1904 ut
517 1847 593 1905 inter
612 1845 684 1922 duo,
711 1864 785 1924 quae
806 1846 882 1909 idem
903 1846 1068 1924 significant
1089 1865 1125 1908 ac

114 1929 284 1993 tantundem
301 1929 415 2006 valent,
439 1929 516 2008 quod
537 1929 640 1990 melius
659 1940 759 2006 sonet,
783 1931 874 1990 malis.

200 2015 298 2076 Prima
324 2012 543 2075 barbarismi
572 2032 608 2075 ac
637 2013 851 2075 soloecismi
881 2015 1008 2076 foeditas
1038 2015 1152 2076 absita

114 2100 173 2161 Sed
204 2100 275 2177 qnia
301 2099 414 2158 interim
442 2107 618 2159 excusantur
641 2096 716 2158 haec
738 2100 807 2158 vitia
835 2108 884 2159 aut
913 2101 1123 2161 consuetudine

113 2194 160 2244 aut
175 2183 355 2243 auctoritate
372 2191 421 2242 aut
434 2191 581 2242 vetustate
596 2191 644 2242 aut
661 2181 785 2261 denique
803 2184 952 2244 vicinitate
972 2185 1122 2254 virtutum;

114 2287 178 2328 nam
198 2284 293 2344 saepe
315 2284 333 2326 a
353 2265 453 2344 liguris
474 2283 509 2326 ea
533 2283 673 2345 separare
692 2265 813 2327 difficile
834 2276 896 2328 est:
926 2286 963 2329 ne
987 2287 1043 2347 qua
1068 2279 1124 2330 tam

114 2351 230 2412 lubrica
246 2348 415 2410 observatio
431 2349 530 2425 sallat,
554 2353 661 2413 acriter
680 2369 713 2410 se
733 2353 761 2410 io
776 2351 846 2412 illud
862 2361 949 2412 tenue
970 2352 1125 2413 discrimen
1227 2392 1230 2397 -

113 2435 322 2515 grammaticus
337 2432 475 2510 intendat,
493 2433 601 2512 dequo
617 2452 671 2494 nos
686 2435 771 2495 latius
786 2435 825 2494 ibi
841 2436 1008 2514 loquemur,
1024 2435 1073 2496 ubi
1087 2437 1124 2497 de

115 2521 218 2597 dgnris
236 2519 376 2578 orationis
394 2517 573 2578 tractandum
587 2520 651 2579 erit.
685 2517 802 2578 Interim
819 2520 933 2594 vitium,
959 2520 1036 2597 qnod
1052 2520 1084 2579 lit
1096 2522 1150 2582 ino

115 2603 241 2681 singulis
262 2602 378 2678 verbis,
407 2603 444 2662 sit
465 2601 723 2675 barbarismus.
770 2599 912 2662 Occurrat
936 2602 1003 2661 mihi
1026 2602 1126 2661 forsan

115 2687 232 2766 aliquis,
247 2687 325 2765 perid
334 2688 385 2748 bic
396 2689 566 2765 promissor
577 2688 646 2746 tanti
659 2687 757 2766 operis
770 2686 917 2765 dipsium?
932 2694 980 2745 aut
993 2687 1057 2764 quis
1068 2683 1126 2745 hoc

114 2775 226 2848 nescit,
250 2770 326 2831 alios
341 2769 536 2832 barbarismos
554 2769 710 2831 scribendo
729 2770 792 2830 fieri
812 2770 886 2830 alios
903 2767 1065 2848 loquendo;
1084 2802 1127 2816 --

115 2858 199 2936 qnia,
235 2855 316 2934 quod
338 2854 413 2915 male
442 2852 594 2930 scribitur,
621 2855 697 2915 male
725 2856 810 2915 etiam
832 2853 889 2915 dici
916 2870 1040 2913 necesse
1064 2862 1123 2921 est;

114 2958 190 3019 quae
209 2941 320 2998 vitiose
337 2938 462 3014 dixeris,
484 2956 542 2998 non
559 2941 659 3018 utiquc
679 2948 708 2998 et
725 2940 834 3017 scripto
852 2946 976 3018 peccaut
993 2971 1035 2983 -
1054 2936 1125 2998 illud

113 3026 194 3104 prius
217 3023 403 3097 adiectione,
424 3023 623 3098 detractione,
643 3025 855 3099 immutatione,
875 3024 1124 3099 transmutatione,

112 3107 170 3169 boc
184 3107 349 3169 secundum
364 3107 517 3182 divisione,
534 3107 750 3185 complexione,
766 3107 955 3186 aspiratione,
970 3122 1043 3167 sono
1056 3123 1125 3166 con·

113 3190 220 3253 lineri?
261 3190 323 3253 Sed
347 3200 377 3250 ut
395 3209 485 3270 parva
508 3193 564 3252 sint
582 3193 670 3253 baec:
694 3192 778 3271 pueri
800 3191 942 3252 docentur
964 3190 1071 3266 adbuc,
1097 3199 1151 3256 stt

111 3278 323 3354 grammaticos
352 3275 442 3336 officii
469 3277 513 3334 sui
541 3293 765 3350 commonemus,
812 3274 858 3334 Ex
884 3274 987 3353 quibus
1011 3276 1035 3334 si
1061 3278 1125 3353 quis

112 3364 167 3423 erit
186 3361 279 3441 plaue
299 3358 448 3437 impolitus
469 3369 498 3420 et
517 3361 692 3422 vestibulum
715 3358 801 3418 modo
823 3360 891 3417 artis
912 3360 995 3419 huius
1014 3360 1127 3436 ingres·

111 3465 178 3508 sus:
199 3448 278 3506 intra
302 3444 395 3520 baec,
419 3462 493 3523 quae
514 3445 709 3525 profitentium
738 3442 982 3503 commentariolis
1008 3442 1128 3520 vulgata
