2566 4026
199 181 240 244 28
534 194 894 251 cinnomannorum

197 349 322 410 futurum
348 349 411 409 luit.
460 347 533 407 Nam
558 350 586 406 in
609 349 825 426 comparatione
847 348 987 407 malorum
1014 347 1083 408 boni
1109 349 1204 410 locum

198 433 309 492 obtinet
324 433 434 492 levius:
458 440 489 491 ut
505 432 529 490 si
544 429 693 492 Mancinus
709 432 812 491 foedus
828 430 1028 491 Numantinum
1044 434 1087 491 sic
1103 433 1204 492 delen·

198 516 263 591 dat,
287 516 365 594 quod
385 517 547 594 periturus,
570 516 625 573 nisi
646 515 676 575 id
696 514 803 574 iactum
826 525 921 592 esset,
943 515 1030 575 luerit
1046 518 1202 576 exercitus.

197 599 261 659 Hoc
284 618 377 677 genus
400 590 565 670 ἀντίστασις
583 596 695 659 Graece
715 601 892 675 nominatur,
914 601 1204 678 comparativum

198 685 290 743 nostri
305 691 421 743 vocant.

157 781 190 836 ιε
282 766 362 826 llaec
375 768 452 826 circa
467 764 667 825 defensionem
682 765 751 826 iacti
760 788 767 835 ;
788 783 862 844 quac
878 767 902 825 si
915 783 1010 844 neque
1024 784 1077 844 per
1093 784 1126 824 se
1141 767 1204 843 ipsa

197 869 253 910 nec
270 850 404 910 adhibitis
419 849 533 910 auxiliis
545 848 671 909 dabitur:
687 850 848 927 proximum
864 858 924 926 est,
942 851 971 908 in
985 850 1071 910 alium
1085 858 1204 909 trans-

197 935 300 994 ferre
324 935 477 1008 crimen,
502 934 527 992 si
548 949 713 1010 possumus.
758 931 887 1011 Ideoque
910 935 994 992 etiam
1014 935 1043 992 in
1058 933 1130 1009 hos,
1156 934 1204 1013 qui

197 1021 252 1079 iam
268 1019 370 1095 scripti
385 1025 468 1091 sunt,
485 1024 575 1076 status
590 1017 653 1076 visa
669 1025 715 1075 est
731 1017 838 1077 cadere
855 1016 1015 1078 translatio.
1059 1016 1204 1076 Interdum

199 1118 270 1179 ergo
293 1101 379 1178 culpa
396 1103 425 1160 in
443 1099 586 1159 hominem
608 1098 773 1178 relegatur:
795 1110 826 1160 ut
847 1103 871 1160 si
886 1099 1034 1161 Gracchus
1053 1119 1121 1159 reus
1140 1078 1202 1159 sde-

198 1185 276 1245 deris
292 1184 470 1260 Numantini,
494 1185 574 1242 cuius
589 1192 666 1243 metu
689 1184 773 1262 leges
791 1185 949 1263 populares
974 1185 1076 1244 tulisse
1100 1186 1128 1243 iu
1154 1186 1203 1243 tri·

156 1268 303 1334 labunatu
324 1268 455 1343 videtur,
476 1268 595 1326 missurn
617 1285 650 1326 se
673 1267 708 1327 ab
730 1269 905 1346 imperatore
921 1285 974 1328 suo
996 1269 1117 1328 diceret.
1159 1267 1202 1327 In-

198 1354 281 1411 ten‘m
303 1351 450 1412 derivatur
470 1351 499 1410 in
515 1368 592 1411 rem:
614 1360 645 1410 ut
662 1352 687 1410 si
702 1353 743 1428 is,
765 1353 814 1431 qui
830 1360 1003 1413 testamento
1020 1353 1087 1431 quid
1107 1352 1203 1410 iussus

197 1453 255 1494 non
270 1435 392 1511 lecerit,
415 1435 508 1511 dicat,
524 1434 677 1513 perleges
693 1435 721 1495 id
739 1436 802 1495 lieri
819 1451 877 1495 non
892 1437 1032 1514 potuisse.
1077 1436 1141 1495 Hoc
1156 1456 1203 1513 με·

198 1512 338 1578 τᾶστασιν
353 1518 460 1578 dicunt.
509 1579 511 1583 ,

281 1601 354 1661 Hinc
378 1618 495 1679 quoque
517 1600 645 1660 exclusis
672 1602 876 1662 excusatio
903 1611 1048 1681 superest.
1093 1600 1137 1662 Ea
1159 1611 1204 1662 εει

198 1693 245 1745 εει
260 1686 457 1761 ignorantiae:
476 1693 506 1743 ut
521 1686 546 1743 si
564 1685 628 1761 quis
644 1685 766 1762 fugitivo
786 1686 919 1762 stigmata
934 1687 1086 1764 scripserit
1107 1703 1203 1764 eoque

197 1770 323 1845 ingenuo
340 1768 467 1828 iudicato
483 1776 590 1845 neget,
606 1785 639 1826 se
657 1767 779 1827 liberum
795 1787 862 1828 esse
880 1770 988 1837 scisse;
1013 1778 1061 1830 aut
1073 1770 1202 1829 necessi·

197 1853 279 1911 tatis:
302 1861 333 1911 ut
350 1870 414 1910 cum
428 1851 512 1910 miles
528 1850 563 1910 ad
581 1860 756 1911 commeatus
772 1852 848 1912 diem
868 1870 927 1912 non
944 1853 1023 1914 affuit
1042 1863 1071 1913 et
1087 1853 1155 1913 dicit
1170 1871 1203 1912 sc

156 1935 357 1998 cacuminibus
373 1935 560 1994 interclusum
576 1934 809 1996 autvaletudinc.
841 1935 968 1997 Fortuna
980 1954 1096 2016 quoque
1112 1954 1203 2014 sacpc

197 2018 379 2078 substituitur
395 2017 510 2097 culpae.
546 2017 755 2098 Nonnunquam
770 2019 845 2080 male
861 2020 970 2080 fecisse
987 2038 1040 2081 nos
1056 2021 1109 2081 sed
1124 2021 1202 2079 bono

197 2103 290 2162 animo
315 2102 445 2162 dicimus.
490 2101 647 2181 Utriusque
668 2105 712 2162 rei
732 2102 819 2163 multa
841 2112 871 2163 ει
890 2105 1041 2165 manifesta
1069 2103 1202 2183 exempla

197 2195 271 2245 sunt.
317 2184 432 2247 ldcirco
451 2195 569 2246 nonest
587 2204 688 2246 eorum
703 2189 871 2247 necessaria
888 2189 1044 2266 expositio.

279 2270 310 2331 Si
329 2270 440 2345 omnia,
463 2288 538 2348 quae
553 2288 641 2349 supra
657 2271 765 2350 scripta
780 2280 860 2347 sunt,
884 2271 1020 2333 deerunt:
1036 2271 1201 2346 videndum,

196 2372 232 2415 an
246 2354 354 2414 minui
372 2354 482 2433 culpa
499 2356 602 2432 possit.
646 2354 700 2414 llic
715 2363 760 2414 εει
774 2355 841 2430 ἰΙΙε,
859 2357 907 2433 qui
924 2373 940 2416 a
956 2355 1125 2434 quibusdam
1139 2355 1203 2413 fieri

156 2437 291 2514 ldsolet‚
320 2446 411 2498 status
437 2439 612 2515 quantitatis.
656 2438 715 2498 Sed
739 2457 775 2498 ea
801 2457 864 2498 cum
890 2440 928 2499 sit
949 2449 997 2500 aut
1017 2456 1131 2517 poenae
1155 2445 1203 2497 aut

113 2515 115 2519 ’
195 2522 329 2598 honoris,
353 2540 391 2581 cx
409 2522 549 2600 qualitate
563 2520 634 2582 facti
652 2523 849 2600 constituitur,
865 2539 961 2601 coque
976 2523 1059 2583 nobis
1077 2520 1202 2581 subhac

196 2623 264 2664 csse
280 2614 356 2666 statu
371 2606 485 2665 videtur
497 2607 572 2665 sicut
587 2607 649 2665 eius
666 2622 798 2685 quoque,
817 2624 892 2684 quae
903 2607 939 2668 ad
950 2624 1098 2666 numerum
1109 2604 1201 2664 reler-

195 2696 241 2747 tur
262 2707 279 2748 a
297 2687 427 2750 Graccis.
466 2687 538 2749 Nam
559 2698 589 2750 et
607 2683 787 2767 πηιικότητα
805 2700 835 2750 ει
855 2684 1001 2770 ποσότητα
1015 2691 1128 2765 dicunt,
1147 2705 1203 2746 nos

195 2781 347 2850 utrumque
363 2771 562 2850 appellatione
577 2790 633 2832 una
650 2773 878 2851 complectimur.

154 2856 186 2911 17
278 2855 383 2917 Ultima
402 2864 447 2916 est
470 2856 707 2934 deprecatio,
732 2858 809 2935 quod
830 2875 922 2935 genus
946 2874 1052 2918 causae
1067 2856 1202 2935 plerique

194 2947 337 3017 negarunt
357 2939 386 2998 in
406 2939 541 2999 iudicium
560 2958 684 3019 unquam
708 2942 818 3001 venire.
865 2941 939 3015 Quin
956 2937 1061 3001 Cicero
1084 2956 1202 3018 quoque

194 3040 248 3100 pro
261 3023 296 3097 Q.
310 3021 426 3101 Ligario
441 3022 517 3082 idem
531 3025 633 3083 testari
648 3024 777 3100 videtur,
795 3043 859 3085 cum
874 3024 958 3100 dicit,
976 3021 1107 3100 Concae,
1122 3021 1202 3084 Goe-

193 3124 265 3182 sor,
292 3109 340 3184 epi
361 3108 473 3169 multos
494 3116 524 3168 et
548 3109 670 3186 quidem
693 3117 808 3186 tecum,
826 3111 899 3171 dom
922 3115 951 3169 te
967 3109 1001 3168 in
1018 3109 1087 3186 foro
1108 3107 1205 3169 tenuit

194 3192 275 3252 ratio
299 3191 446 3252 tonorum
469 3199 609 3260 tuorum·
629 3198 713 3254 oeric
730 3208 888 3271 nonquam
904 3192 961 3254 ltoc
978 3192 1085 3268 modo,
1108 3188 1201 3271 lquo-

193 3274 286 3349 cct'to,
313 3274 448 3348 iudices,
478 3276 610 3350 arrodit,
635 3275 744 3353 lapsus
770 3285 831 3350 est,
853 3294 913 3336 ooo
930 3277 1067 3354 putauit,
1093 3277 1122 3336 si
1146 3294 1202 3336 un·

155 3363 187 3416 18
194 3371 286 3434 quom
298 3358 446 3434 posthoc,
465 3366 495 3417 et
509 3367 618 3418 cetera.
662 3357 695 3416 ln
709 3358 816 3419 Senatu
831 3377 903 3419 vero
924 3368 953 3418 et
969 3359 1045 3436 apud
1061 3358 1202 3438 populum

196 3448 225 3500 et
242 3439 318 3516 apud
333 3440 496 3519 Principem
517 3449 546 3501 ει
561 3441 743 3519 ubicunque,
768 3443 793 3502 si
811 3443 881 3503 iuris
898 3442 1051 3504 clementia
1068 3451 1129 3519 est,
1152 3441 1201 3502 lra-
