2566 4026
213 149 275 212 212
536 161 899 222 m.uan.an1nr1n1an1

212 320 250 381 llt
264 326 329 378 sunt
344 315 473 377 eiusdem
487 317 531 375 rei
546 317 630 396 plura
644 317 779 395 propria,
798 324 828 374 ut
843 316 933 394 ipsius
952 317 1026 394 ignis
1042 315 1154 391 lucere,
1172 335 1219 377 aa·

213 404 286 464 lere.
320 401 432 478 ltaque,
451 398 645 478 quodeunque
662 400 810 481 proprium
824 398 928 476 deerit,
944 400 1032 460 solvit
1046 400 1218 468 linitionem3

170 497 270 552 utnon
285 488 399 563 utique,
417 484 610 563 quodeunque
627 485 699 561 erit,
723 482 881 544 eonlirmat.
913 484 1091 562 Saepissime
1112 492 1218 560 autem,

213 570 282 650 quid
300 571 337 629 sit
352 569 501 647 proprium
515 569 666 646 cuiusque,
684 569 848 647 quaeritur:
867 577 908 645 ut,
925 569 950 628 si
963 585 1017 646 per
1029 565 1215 648 lvvpoioylm

214 655 341 730 dieatur,
368 651 599 731 Tyrannicidae
620 653 784 731 propriam
810 660 855 712 eat
880 659 1043 731 tyrannam
1062 654 1219 728 occidere,

211 754 369 816 negemus3
388 737 556 812 nonenim,
574 736 598 793 si
614 735 747 795 traditum
767 733 821 794 sibi
838 753 902 794 eum
918 735 1049 796 carnifex
1066 735 1218 810 occiderit,

170 831 206 886 60
213 819 392 898 tyrannicida
410 819 533 894 dicatur,
549 837 605 878 nee
626 821 650 877 si
674 817 840 897 imprudens
855 818 904 878 vel
921 820 1036 878 invitus.
1070 817 1155 891 Quod
1172 838 1219 879 au·

212 915 271 965 tem
286 905 435 983 proprium
453 920 510 962 non
527 904 591 979 erit,
613 901 688 962 diii
693 920 801 962 erens
820 903 885 977 erit,
901 911 932 961 ut
948 902 1027 961 aliud
1040 911 1086 961 est
1104 921 1220 962 servum

213 1007 281 1049 esse
309 986 386 1048 aliud
408 988 535 1055 servire;
563 985 655 1064 qualis
682 1004 749 1045 esse
776 988 804 1045 in
827 984 948 1045 addictis
970 987 1102 1064 quaestio
1125 986 1219 1046 solet:

215 1071 275 1146 Oai
293 1090 403 1133 aeroas
425 1079 485 1146 aot,
508 1072 536 1131 si
550 1071 796 1145 manumittatur,
811 1068 845 1146 fit
865 1070 1041 1147 libertinas,
1060 1089 1120 1132 moa
1139 1072 1220 1130 a'dem

170 1167 203 1222 61
212 1158 378 1223 addictam
403 1163 432 1213 et
450 1154 549 1233 plura,
571 1152 607 1212 de
629 1152 732 1231 quibus
749 1152 806 1213 alio
825 1152 903 1212 looo.
941 1151 1016 1213 Illud
1032 1171 1150 1231 quoque
1165 1153 1218 1213 dii-

212 1241 311 1300 lerens
326 1247 449 1314 vocant,
469 1256 551 1313 eum,
567 1254 679 1314 genere
694 1238 722 1295 in
738 1238 856 1316 speeies
873 1236 1006 1312 diducto,
1023 1239 1140 1314 species
1157 1239 1221 1314 ipsa

213 1324 397 1385 discernitur.
433 1318 557 1383 Animal
570 1339 675 1399 genus,
692 1318 823 1382 Mortale
840 1320 969 1399 speeies,
989 1320 1156 1381 Terrenum
1171 1320 1221 1379 vel

212 1406 307 1486 Ripae
322 1406 477 1474 differens;
502 1406 627 1465 nondum
649 1405 724 1464 enim
739 1404 887 1483 proprium
909 1413 954 1463 est
975 1405 1028 1464 sed
1049 1406 1104 1464 iam
1125 1403 1221 1463 differt

213 1508 230 1550 a
255 1491 366 1550 marino
393 1489 443 1548 vel
471 1487 664 1568 quadripede;
692 1486 770 1566 quod
795 1504 854 1547 uon
879 1497 936 1548 tam
962 1487 998 1548 ad
1023 1497 1220 1566 argumentum

213 1574 341 1652 pertinet
373 1589 456 1649 quam
491 1572 527 1631 ad
559 1571 726 1649 diligentem
753 1572 888 1631 finitionis
920 1570 1219 1650 comprehensionem.

170 1653 320 1722 620ioero
346 1672 439 1732 genus
465 1665 494 1715 et
515 1657 663 1733 speeiem,
687 1673 771 1732 quam
794 1655 915 1715 eandem
937 1655 1057 1715 iormam
1077 1665 1181 1731 voeat,
1205 1674 1219 1715 a

214 1741 342 1799 linitione
357 1737 475 1798 dedueit
495 1739 590 1814 otiis,
614 1756 690 1817 quae
705 1737 741 1799 ad
758 1738 866 1817 aliquid
882 1748 965 1813 sunt,
989 1739 1119 1798 subiicit:
1138 1748 1179 1815 ut,
1197 1739 1220 1796 si

213 1824 256 1899 is,
275 1824 320 1882 oui
338 1831 488 1899 argentum
504 1838 588 1881 omne
609 1821 737 1899 legatum
755 1831 816 1898 est,
838 1831 919 1901 petat
934 1824 1075 1900 signatum
1092 1838 1219 1900 quoque,

213 1914 310 1966 utatur
332 1923 488 1983 genere;
513 1907 589 1966 atsi
612 1906 694 1983 quis,
720 1924 784 1966 oum
808 1905 935 1983 legatum
950 1908 987 1965 sit
1002 1906 1044 1982 ei,
1067 1923 1141 1984 quae
1156 1907 1220 1963 viro

214 1989 430 2050 materfamilias
455 1998 553 2065 esset,
576 1998 666 2066 neget
687 1990 788 2049 deberi
810 1991 853 2065 ei,
883 2008 957 2068 quae
980 1991 1008 2050 in
1030 2008 1142 2050 manum
1164 2007 1221 2048 non

215 2073 396 2149 convenerit,
413 2074 519 2150 speei
529 2091 560 2141 e;
583 2074 718 2150 quoniam
735 2074 809 2134 duae
825 2073 936 2133 formae
953 2076 1009 2134 sint
1026 2075 1220 2134 matrimonio-

172 2165 285 2220 63rum.
328 2155 479 2215 Diuisione
510 2166 605 2216 autem
635 2156 764 2217 adiuvari
786 2156 944 2217 linitionem
969 2157 1073 2234 doeet,
1099 2175 1219 2235 eamque

215 2239 333 2300 differre
352 2257 368 2299 a
384 2241 557 2317 partitione,
578 2240 655 2319 quod
673 2240 746 2301 haee
762 2242 799 2300 sit
816 2243 904 2302 totius
920 2242 949 2302 in
964 2250 1080 2320 partes,
1103 2240 1154 2300 illa
1169 2259 1219 2317 ge·

215 2324 293 2385 neris
311 2323 339 2382 in
354 2322 472 2383 formas.
505 2323 635 2384 Partes
657 2325 784 2385 incertas
806 2342 891 2402 esse,
916 2334 946 2384 ut
970 2323 1087 2399 Quibus
1108 2333 1222 2400 constet

215 2409 414 2485 responden,-
439 2406 580 2468 lormas
604 2417 716 2485 certas,
739 2417 770 2468 ut
794 2406 872 2482 Quot
888 2411 950 2470 siat
964 2411 1085 2488 speeies
1101 2428 1221 2470 reram-

212 2492 420 2571 pablioaram,
438 2508 509 2569 quas
525 2493 577 2551 tris
591 2493 776 2570 aaaeptmm,
796 2510 871 2571 quae
887 2494 1005 2571 populi,
1023 2511 1097 2571 quae
1113 2508 1221 2570 pauoo‘

173 2582 292 2651 aarum,
316 2593 391 2652 quae
407 2576 489 2633 unius
507 2584 654 2653 potestate
676 2585 858 2653 regerentur.
895 2575 932 2635 Et
952 2577 1003 2635 ille
1029 2575 1142 2653 quidem
1165 2591 1221 2632 non

215 2656 259 2717 his
284 2657 426 2736 exemplis
448 2658 552 2734 utitur,
572 2660 638 2738 quia
653 2659 785 2719 scribens
804 2660 839 2720 ad
857 2658 1022 2718 Trebatium
1038 2675 1075 2716 ex
1092 2659 1153 2714 iure
1171 2654 1220 2712 du·

217 2759 286 2801 eere
309 2760 343 2802 ea
363 2740 475 2811 maluit;
503 2759 559 2820 ego
586 2745 732 2820 apertiora
748 2744 842 2822 posui.
877 2741 997 2819 Propria
1011 2755 1083 2799 vero
1100 2739 1135 2798 ad
1153 2754 1220 2797 oon·

215 2827 347 2885 iacturae
373 2840 489 2903 quoque
516 2827 661 2903 pertinent
681 2836 809 2904 partem:
840 2834 887 2900 ut,
916 2824 981 2901 quia
1005 2824 1153 2901 proprium
1178 2832 1221 2881 est

216 2908 285 2968 boni
300 2918 382 2968 reete
397 2908 514 2984 lacere,
531 2910 659 2970 iraoundi
675 2909 773 2970 verbis
791 2907 1053 2988 [excandescere}‚
1073 2924 1140 2965 esse
1158 2925 1220 2965 cre·

218 2992 319 3053 dantur
335 3002 382 3052 aut
399 3001 507 3052 eontra.
539 2991 611 3053 Nam
622 3002 652 3052 ut
668 2993 808 3070 quaedam
822 2993 851 3051 in
863 2990 1032 3069 quibusdam
1049 2992 1148 3068 utique
1165 3008 1222 3049 nou

110 3128 122 3149 ,
219 3085 299 3136 sunt:
317 3085 346 3136 et
360 3077 445 3152 ratio,
465 3077 594 3153 quamvis
610 3077 649 3136 ita
665 3093 703 3135 ex
714 3075 842 3150 diverso,
859 3075 961 3136 eadem
979 3084 1033 3134 est.

175 3165 209 3220 65
300 3158 449 3219 Divisio
463 3166 504 3219 ‘et
525 3158 560 3220 ad
577 3158 757 3239 probandum
779 3158 863 3218 simili
877 3160 924 3219 via
938 3159 1018 3219 valet
1036 3168 1064 3218 et
1080 3158 1116 3218 ad
1133 3159 1221 3218 refel-

219 3242 343 3302 lendum.
391 3242 558 3303 Probationi
590 3244 704 3302 interim
730 3244 801 3302 satis
828 3252 873 3303 est
900 3262 985 3303 unum
1013 3242 1138 3318 habere,
1166 3243 1222 3302 hoe

218 3325 314 3402 modo,
335 3325 372 3387 Ut
386 3328 426 3388 aa
441 3328 527 3404 aiala,
544 3336 599 3388 aat
612 3335 704 3389 natas
717 3328 757 3388 sit
771 3335 888 3407 oportet
903 3337 956 3389 aat
970 3329 1095 3407 fantem,-
1116 3335 1221 3385 utrum·

176 3417 210 3471 66
220 3426 276 3487 que
298 3409 456 3470 tollendum
481 3420 536 3488 est,
561 3408 626 3472 Nea
646 3419 739 3473 natae
756 3430 815 3473 mee
832 3412 938 3491 foetae
953 3421 1007 3474 eat.
1047 3409 1094 3471 Fit
1113 3410 1171 3471 hoe
1193 3418 1222 3468 et
