2566 4026
345 153 434 202 ausu.
452 136 602 202 culros.
620 153 689 201 crs.
709 153 765 219 ιιι,
779 150 805 201 a.
1029 142 1088 204 lto

84 307 162 385 outa
177 303 272 385 ergo?
288 307 390 367 eadem
402 304 603 386 exponemus?
624 307 655 367 Si
671 307 708 367 de
726 306 865 386 qualitate
881 309 986 386 egitur,
1004 307 1086 369 caius

83 401 144 453 tum
159 391 272 452 demum
288 392 421 470 quaestio
436 399 492 468 est,
511 409 575 450 cum
591 390 629 450 de
643 408 676 450 re
692 399 823 466 constat,
841 391 943 452 eadem
958 391 1012 452 sed
1027 409 1086 453 non

83 476 189 537 eodem
209 474 311 543 modo;
332 474 404 533 alias
427 493 545 551 causas,
571 475 655 535 aliam
677 482 817 550 mentem,
840 474 925 535 aliam
944 477 1086 537 rationem

83 559 171 620 (labo.
207 557 313 618 Verbis
329 558 447 619 elevare
464 559 604 636 quaedam
624 557 737 626 licebit;
761 557 873 618 luxuria
890 558 1083 639 liberalitatis,
1094 563 1127 622 tt

83 643 204 703 avaritia
223 643 433 720 parsimoniae,
452 642 632 720 negligentia
652 641 844 721 simplicitatis
863 644 978 703 nomine
994 643 1085 704 lenie-

84 735 140 786 tur.
178 725 268 786 Vultu
290 725 431 804 denique,
454 743 548 802 voce,
576 725 673 786 babitu
696 725 746 786 vel
771 726 881 787 favoris
908 725 1016 804 aliquid
1036 727 1086 789 rel

82 811 277 870 miserationis
298 809 444 869 merebor.
482 810 566 870 Solet
588 826 790 889 nonnunquam
810 826 929 870 movere
951 810 1085 871 lacrimas

82 894 147 972 ipsa
163 893 322 954 confessio.
353 893 451 972 Atque
468 911 525 971 ego
546 893 671 953 libenter
687 896 881 970 interrogem,
898 895 954 953 sint
969 894 1019 955 illa
1034 896 1084 956 tle·

83 977 210 1053 iensuri,
235 994 309 1055 quae
332 993 389 1037 non
408 979 607 1053 narraverint,
629 974 743 1038 necne?
777 976 850 1038 Nam
871 979 895 1038 si
916 995 1012 1056 neque
1034 979 1083 1040 (le
1092 980 1128 1036 78

83 1060 229 1122 leuderint
250 1078 346 1138 neque
368 1062 563 1136 narraverint,
584 1070 645 1122 tota
661 1079 748 1122 causa
763 1063 917 1139 prodetur3
941 1070 970 1121 st
988 1063 1013 1121 si
1034 1064 1083 1123 de·

82 1144 194 1204 iensuri
208 1153 288 1204 sunt:
305 1161 472 1223 proponere
489 1153 570 1204 certe
585 1145 756 1224 plerumque
771 1144 817 1221 id,
841 1145 918 1223 quod
934 1146 1083 1207 conflrma-

82 1229 139 1288 turi
166 1246 280 1305 sumus,
307 1237 434 1307 oportet.
478 1226 536 1288 Gur
563 1245 635 1305 ergo
657 1245 714 1288 non
738 1245 932 1307 exponamus,
955 1230 1033 1309 quod
1055 1239 1084 1291 ct

83 1312 152 1373 dilui
172 1320 290 1391 potest,
313 1321 359 1388 et,
382 1321 414 1372 ut
434 1309 493 1372 hoc
514 1313 677 1389 contingat,
697 1314 797 1390 utique
815 1313 995 1373 indicandum
1017 1311 1083 1374 esti

82 1395 141 1455 Aut
169 1396 238 1473 quid
261 1397 337 1455 iuter
362 1396 564 1474 probationem
590 1405 619 1455 et
643 1397 836 1457 narrationem
860 1399 999 1472 interest,
1029 1399 1126 1462 nisi79

83 1479 161 1557 quod
186 1481 312 1539 narratio
336 1489 382 1540 est
403 1479 584 1558 probationis
611 1482 745 1540 continua
771 1481 953 1559 propositio,
983 1500 1083 1542 rursus

81 1562 217 1640 probatio
233 1565 388 1624 narrationi
407 1581 571 1641 congruens
592 1561 792 1624 conlirmatioi
825 1563 982 1625 Videamus
998 1583 1082 1644 ergo,

82 1664 148 1705 num
170 1645 244 1706 baec
269 1648 415 1726 expositio
439 1648 555 1724 longior
576 1649 689 1708 demum
712 1647 818 1708 debeat
840 1666 926 1724 esse,
948 1657 978 1709 et
993 1650 1082 1728 paulo

83 1730 236 1791 rerbosior
248 1732 471 1810 praeparatione
487 1740 516 1791 et
529 1731 698 1808 quibusdam
712 1734 898 1809 argumentis,
915 1732 1082 1811 (argumen-

81 1816 121 1874 tis
134 1816 217 1890 dico,
239 1831 298 1874 non
317 1816 600 1894 argumentatione),
624 1817 669 1875 cui
685 1823 780 1875 tamen
800 1816 953 1894 plurimum
968 1819 1082 1878 confert

82 1899 221 1976 frequens
247 1899 415 1959 affirmatio:
447 1895 620 1982 Effectnros
643 1918 716 1976 nos,
745 1901 827 1978 qnod
848 1901 997 1971 uicinam
1022 1908 1083 1963 non

80 2000 170 2060 posse
185 1984 244 2043 cim
263 2002 369 2044 rerum
390 1984 510 2044 ostendi
525 1985 628 2061 prima
648 1985 852 2062 expositiones
874 1992 1084 2064 expectentes

80 2066 239 2144 opiniones
258 2085 335 2128 suos
355 2066 498 2149 differant
519 2074 548 2127 et
568 2068 644 2128 bene
663 2076 796 2146 sperent.
833 2066 966 2147 Denique
981 2068 1125 2147 utiqueso

82 2150 252 2211 narrandum
267 2159 327 2225 est,
349 2149 486 2228 quidquid
507 2151 607 2226 aliter,
630 2168 713 2230 quam
734 2151 917 2213 adversarius
934 2155 1080 2232 exposuit,

82 2234 193 2293 narrari
209 2242 320 2313 potest;
340 2243 388 2294 aut
405 2235 489 2294 etiam
498 2235 651 2312 prooemia
666 2243 731 2294 sunt
750 2237 779 2295 in
795 2236 839 2294 bis
860 2239 956 2297 causis
979 2256 1080 2317 super·

81 2334 191 2393 vacua,
215 2335 289 2395 quae
313 2318 380 2396 quid
402 2319 493 2395 magis
515 2326 618 2394 agunt,
642 2334 727 2395 quam
749 2327 780 2377 ut
802 2321 961 2396 cognitioni
984 2338 1081 2381 rerum

81 2400 371 2462 accommodatiorem
394 2402 518 2463 iudicem
539 2397 667 2460 iaciant?
706 2399 803 2479 Atque
829 2403 988 2479 constabit,
1013 2422 1080 2463 nus·

82 2501 166 2561 quam
189 2503 256 2544 esse
280 2502 379 2545 eorum
398 2487 537 2546 maiorem
557 2501 654 2562 usum,
675 2501 759 2562 qnam
780 2484 829 2544 ubi
846 2488 954 2546 animus
977 2487 1080 2547 iudicis

81 2565 116 2628 ab
140 2567 237 2646 aliqua
261 2577 362 2629 contra
381 2586 435 2628 nos
455 2569 540 2627 insita
561 2569 698 2646 opinione
721 2567 881 2629 flectendus
907 2578 962 2630 est.
1004 2567 1121 2629 Gon-81

79 2651 237 2711 iecturales
253 2661 349 2713 antem
365 2670 488 2728 causae,
511 2650 660 2729 inquibus
682 2651 719 2712 de
740 2652 818 2713 iacto
835 2655 1000 2731 quaeritur,
1023 2670 1081 2712 non

79 2743 136 2794 tam
154 2752 245 2813 saepe
261 2738 320 2813 rei,
339 2737 376 2797 de
392 2754 448 2815 qua
463 2736 598 2796 iudicium
612 2743 673 2811 est,
697 2754 781 2814 quam
797 2753 914 2813 eorum,
937 2752 991 2816 per
1006 2755 1080 2816 quae

78 2836 127 2877 res
144 2819 309 2897 colligenda
330 2829 390 2897 est,
412 2821 625 2898 expositionem
646 2819 761 2880 babent.
795 2820 893 2897 Quae,
913 2839 977 2881 cum
994 2839 1080 2881 accu-

79 2911 160 2962 sator
186 2905 351 2982 suspiciose
375 2913 491 2979 narret,
519 2922 588 2963 reus
616 2904 716 2965 levare
742 2905 937 2981 suspicionem
962 2905 1079 2981 debeat,

80 2986 165 3047 aliter
180 2987 215 3047 ab
232 2987 290 3047 boc
305 2998 392 3067 atque
408 2987 444 3047 ab
460 2986 512 3047 illo
529 2988 564 3049 ad
584 2988 709 3048 iudicem
729 2988 854 3065 perierri
876 2997 1004 3068 oportet.
1040 2988 1123 3050 Ater

79 3071 155 3131 enim
173 3072 315 3149 quaedam
330 3080 498 3150 argumenta
514 3070 597 3131 turba
611 3073 725 3148 ualent,
745 3072 860 3134 diducta
875 3073 986 3134 leviora
1002 3082 1077 3134 sunt.

77 3151 110 3213 ld
126 3155 242 3232 quidem
256 3172 314 3216 non
329 3174 366 3217 eo
383 3157 525 3235 pertinet,
545 3164 575 3215 ut
590 3165 762 3235 quaeratur,
782 3174 818 3217 an
838 3157 1009 3218 narrandum
1026 3159 1079 3220 sed

78 3239 225 3316 quomodo
239 3240 410 3301 narrandum
427 3236 485 3299 snt
511 3237 583 3300 Nam
597 3249 627 3299 et
644 3256 807 3316 congerere
823 3242 945 3320 plurima
961 3244 1078 3323 exposi-

76 3321 156 3382 tione
180 3324 244 3401 quis
263 3324 416 3403 probibet,
440 3325 464 3384 si
485 3323 514 3384 id
534 3324 606 3384 utile
627 3332 674 3385 est
696 3342 819 3402 causae,
839 3335 869 3385 et
889 3328 1077 3405 promittere:

76 3405 177 3467 sedet
198 3407 330 3468 diuidere
345 3408 538 3468 narrationem
558 3417 588 3468 et
610 3407 798 3487 probationes
821 3409 997 3489 subiungere
1012 3428 1078 3491 par·
