2566 4026
158 166 199 231 88
474 179 511 226 ιι.
529 177 608 224 one.
626 177 848 235 concausam

158 333 321 395 nominibus
344 340 466 412 prosunt
486 331 539 392 sed
560 331 729 401 effectibus;
758 339 789 391 nt
813 340 918 391 statum
940 333 1168 395 coniecturalem

160 438 196 480 an
211 416 359 478 infitialem
371 435 407 476 an
422 416 491 476 lacti
508 416 591 477 ande
609 416 768 476 substantia
782 416 977 493 nominemus,
994 416 1065 478 nihil
1081 420 1167 478 inter·

132 511 224 578 9est‚
249 502 316 561 dum
330 501 406 561 idem
406 501 526 587 quaeri
544 502 678 560 sciamus.
724 498 867 578 Optimum
885 518 957 577 ergo
974 503 1002 560 in
1023 501 1068 561 his
1085 504 1168 580 sequi

159 588 283 647 maxime
298 562 420 664 recepta
432 593 461 643 et
472 603 533 643 rem
544 585 653 663 ipsam,
671 601 846 663 quocunque
859 583 1057 663 appellabitur
1069 587 1166 663 modo,

158 671 335 747 intelligere.
380 667 455 728 Illud
471 677 566 728 tamen
587 667 760 744 notandum,
780 669 861 727 coire
876 669 1069 767 frequenter'
1060 689 1090 730 sn
1105 689 1168 731 eas·

159 756 225 815 dem
250 754 408 813 sententias
432 761 461 812 et
477 746 587 833 τρόπον
609 760 638 811 et
661 713 791 829 liguraln.
834 751 904 812 'lam
924 753 999 811 enim
1020 755 1168 815 translatis

158 837 257 899 verbis
277 854 363 916 quam
379 837 505 915 propriis
522 836 661 913 liguratur
679 837 782 896 oratio.

115 927 149 978 lo
240 920 295 981 Est
316 929 411 980 autem
437 938 494 980 non
514 920 669 980 mediocris
693 921 769 979 inter
790 928 926 980 auctores
947 919 1111 997 dissensio,
1140 932 1170 982 et

158 1023 233 1084 quae
248 1007 293 1064 vis
313 1005 435 1063 nominis
454 1006 515 1063 eius
538 1013 567 1063 et
582 1012 652 1081 quot
668 1021 778 1081 genera
796 1012 824 1063 et
845 1021 920 1081 quae
936 1021 1082 1084 quamque
1097 1007 1168 1067 mul-

157 1099 204 1150 tae
227 1090 283 1149 sint
306 1088 433 1167 species.
479 1086 577 1161 Quare
591 1089 711 1166 primum
733 1088 898 1147 intuendum
916 1099 977 1164 est,
1000 1088 1070 1167 quid
1092 1092 1168 1151 acci-

157 1191 229 1252 pere
246 1171 403 1232 debeamus
425 1172 591 1249 figuram.
636 1170 708 1231 Nam
724 1171 836 1232 duobus
851 1172 943 1231 modis
968 1172 1088 1232 dicitur:
1112 1191 1168 1233 uno

157 1257 369 1336 qualiscunque
384 1256 501 1316 forma
517 1257 697 1332 sententiae,
716 1256 791 1315 sicut
805 1257 834 1315 in
848 1255 1037 1333 corporibus,
1051 1258 1168 1335 quibus,

157 1358 275 1420 quoquo
304 1340 390 1401 modo
420 1349 486 1399 sunt
514 1341 691 1418 composita,
718 1340 817 1417 utique
843 1339 957 1399 babitus
980 1349 1026 1399 est
1047 1341 1168 1420 aliquis;

115 1425 268 1501 llaltero,
293 1441 350 1503 quo
365 1426 484 1503 proprie
505 1424 651 1485 schema
674 1423 795 1500 dicitur,
817 1425 847 1483 in
861 1442 948 1482 sensu
968 1423 1016 1482 vel
1032 1442 1170 1485 sermone

156 1509 254 1587 aliqua
270 1508 416 1585 evulgari
432 1517 461 1568 et
476 1508 601 1586 simplici
617 1509 718 1585 specie
737 1526 801 1568 cum
816 1509 927 1568 ratione
939 1510 1076 1584 mutatio,
1094 1511 1170 1570 sicut

156 1609 210 1652 nos
229 1592 382 1667 sedemus,
403 1590 608 1667 incumbimus,
625 1592 807 1670 respicimus.
852 1590 953 1669 ltaque
977 1610 1040 1651 cunr
1057 1593 1087 1652 in
1103 1610 1169 1653 eos·

155 1675 222 1736 dem
244 1693 329 1735 casus
351 1684 399 1734 aut
421 1684 553 1753 tempora
575 1685 623 1734 aut
645 1693 780 1735 numeros
802 1679 956 1736 autetiam
981 1676 1075 1754 pedes
1100 1695 1169 1736 con·

156 1759 236 1820 tinuo
255 1761 319 1836 quis
342 1766 390 1818 aut
412 1767 493 1818 certe
509 1759 624 1817 nimium
644 1760 814 1836 frequenter
834 1761 970 1818 incurrit:
993 1762 1169 1838 praecipere

160 1842 287 1902 solemus
307 1842 459 1902 variandas
481 1842 589 1919 figuras
610 1860 677 1902 esse
697 1843 831 1903 vitandae
852 1843 1043 1903 similitudinis
1064 1847 1168 1921 gratia.

118 1921 192 1985 121n
214 1943 270 2004 quo
291 1927 330 1986 ita
351 1926 510 2004 loquimur,
529 1936 663 2005 tanquam
681 1929 773 1986 omnis
797 1945 893 1986 sermo
910 1926 1017 1987 babeat
1035 1928 1169 2005 liguram,

156 2011 283 2087 itemque
299 2012 409 2072 eodem
422 2010 526 2089 fipura
540 2011 644 2071 dicitur
659 2013 813 2072 curatore
830 2029 885 2089 qua
900 2012 1056 2086 lectitare,
1077 2013 1107 2072 id
1125 2023 1171 2073 est

157 2094 259 2154 eadem
281 2095 411 2170 ratione,
438 2095 587 2155 declinari.
639 2093 737 2168 Quare
765 2095 817 2154 illo
842 2095 992 2155 intellectu
1019 2099 1120 2173 priore
1142 2106 1170 2156 et

158 2179 299 2237 communi
321 2177 391 2237 nihil
413 2197 470 2238 non
495 2179 647 2256 liguratum
670 2188 723 2238 est.
770 2178 835 2252 Quo
861 2180 886 2237 si
908 2181 1035 2239 contenti
1058 2199 1168 2256 sumus,

156 2279 214 2321 non
242 2263 383 2321 immerito
406 2262 622 2341 Apollodorus,
653 2264 678 2321 si
703 2262 827 2323 tradenti
851 2260 981 2324 Caecilio
1011 2264 1168 2341 credimus,

114 2346 459 2424 13incomprebensibilia
481 2349 570 2425 partis
592 2346 675 2406 buius
701 2356 861 2425 praecepta
883 2349 1061 2407 existimarit.
1109 2349 1169 2408 Sed

156 2431 181 2488 si
196 2429 311 2489 babitus
329 2431 444 2508 quidam
460 2440 489 2490 et
505 2431 588 2508 quasi
603 2439 706 2507 gestus
725 2433 768 2490 sic
784 2431 952 2512 appellandi
968 2441 1048 2491 sunt:
1072 2433 1101 2492 id
1118 2433 1168 2492 de-

156 2532 231 2572 mum
251 2514 309 2573 hoc
330 2514 398 2574 loco
415 2517 509 2592 accipi
529 2514 647 2574 schema
663 2514 827 2592 oportebit,
852 2515 929 2592 qnod
950 2516 1019 2576 sita
1042 2517 1169 2594 simplici

156 2606 245 2675 atque
265 2599 293 2656 in
315 2607 449 2676 promptu
471 2600 568 2676 posito
592 2597 706 2658 dicendi
726 2599 812 2658 modo
838 2601 956 2677 poetice
970 2598 1020 2658 vel
1039 2603 1168 2660 oratorie

155 2689 302 2740 mutatum
349 2683 399 2741 Sic
418 2685 492 2740 enim
507 2700 608 2741 verum
626 2684 696 2757 erit,
713 2682 799 2743 aliam
815 2702 883 2743 esse
900 2684 1061 2743 orationem
1077 2679 1168 2763 ἄσχη-

156 2757 317 2843 μάτιστον,
341 2765 369 2824 id
386 2775 431 2824 est
449 2775 595 2826 carentem
615 2727 731 2843 ligurls,
749 2767 825 2845 quod
841 2768 939 2827 vitium
954 2784 1012 2827 non
1027 2770 1103 2828 inter
1118 2769 1167 2828 mi·

114 2849 184 2902 14
156 2865 232 2908 nrma
250 2856 311 2916 est;
335 2849 420 2909 aliam
436 2849 698 2949 ἐσχηματισμένην,
714 2850 742 2910 id
759 2860 804 2910 est
819 2851 978 2928 liguratam.
1024 2850 1083 2910 ld
1075 2869 1168 2931 ipsum

156 2941 252 2992 tamen
270 2943 392 3010 anguste
405 2933 504 2994 Zoilus
516 2936 695 3009 terminavit,
709 2952 757 3012 qur
750 2935 801 2994 id
813 2935 907 2995 solum
922 2937 1069 3013 putaverit
1083 2937 1169 2996 sche-

156 3034 219 3090 ma,
243 3032 300 3092 quo
324 3017 401 3077 aliud
424 3019 572 3078 simulatur
587 3019 643 3078 dici
659 3036 743 3096 quam
761 3019 880 3095 dicitur,
899 3020 977 3097 quod
992 3038 1062 3080 sane
1077 3020 1168 3097 vulgo

157 3117 276 3177 quoque
302 3102 345 3160 sie
373 3103 468 3180 accipi
494 3105 572 3169 scio;
604 3103 680 3163 unde
709 3112 738 3162 et
758 3103 914 3182 fiqurotae
939 3106 1170 3166 controversiae

158 3183 314 3261 quaedam,
329 3184 481 3263 dequibus
498 3186 668 3265 paulopost
684 3187 791 3262 dicam,
808 3196 957 3247 vocantur.
978 3186 1059 3265 Ergo
1077 3189 1169 3266 figura

157 3267 194 3323 sit
217 3276 298 3326 arte
320 3267 447 3346 aliqua
465 3279 598 3331 novata
621 3271 735 3330 forma
754 3270 910 3331 dicendi.

115 3354 148 3408 15
241 3348 337 3409 Genus
354 3355 416 3411 eius
431 3372 516 3412 unum
535 3354 649 3431 quidam
666 3363 853 3432 putaverunt,
873 3357 902 3413 in
916 3354 974 3415 boo
989 3357 1054 3434 ipso
1072 3356 1168 3417 diver·

156 3449 205 3490 sas
221 3435 373 3512 opiniones
389 3438 492 3495 secuti.
527 3436 598 3497 Nam
612 3437 657 3514 bi,
677 3439 742 3516 quia
756 3439 913 3499 verborum
927 3442 1046 3500 mutatio
1063 3459 1168 3501 sensus
