2566 4026
409 189 500 237 misr.
514 186 842 255 onnroa.n113.V1,o.
1060 178 1117 241 281

121 345 269 427 paululum
286 345 481 424 impendamus
499 343 564 404 huic
586 361 703 423 quoque
727 345 883 423 peculiaris
902 364 1027 424 operae,
1048 366 1122 426 quae

119 431 237 510 quidem
252 432 280 488 in
292 429 460 508 quibusdam
476 430 571 488 causis
587 428 622 488 ad
637 432 787 488 victoriam
803 429 851 489 vel
867 430 1017 507 plurimum
1032 432 1121 493 valet.
1137 460 1140 466 ·

118 513 192 574 Nam
210 516 284 572 utin
300 513 438 592 qualitate
455 513 597 588 generali,
615 514 726 590 inqua,
743 523 862 572 rectene
879 514 985 573 lactum
1003 516 1070 592 quid
1087 525 1150 580 ant

119 606 220 659 contra
237 599 283 671 sit,
298 599 454 675 quaeritur,
468 604 610 675 perpetua
627 596 786 656 dominatur
804 599 913 665 oratio;
931 607 960 657 et
976 601 1122 675 quaestio·

117 700 184 742 nem
207 681 341 740 linitionis
364 683 494 740 actiones
517 680 689 758 plerumque
715 682 785 740 satis
812 682 957 760 explicant
980 691 1008 741 et
1029 686 1123 743 omnia

117 784 230 846 paene,
256 764 409 843 inquibus
434 764 470 822 de
493 765 571 824 lacto
594 774 706 824 constat
728 774 775 824 aut
797 768 963 825 coniectura
982 766 1123 826 artificiali

117 851 231 910 ratione
248 849 409 925 colligitur:
425 850 463 907 ita
480 850 507 906 in
521 850 555 907 iis
572 851 677 923 causis,
695 867 769 926 quae
783 859 847 908 sunt
858 850 1121 928 frequentissimae,

118 951 194 1013 quae
213 933 262 992 vel
285 934 356 991 solis
379 941 461 991 extra
484 942 574 991 artem
594 932 814 1010 probationibus
843 934 891 993 vel
917 935 1011 992 mixtis
1031 935 1121 993 conti·

118 1026 238 1091 nentur,
259 1019 418 1095 asperrima
434 1018 462 1074 in
477 1016 531 1075 hac
546 1026 629 1093 parte
645 1015 790 1076 dimicatio
808 1027 868 1091 est,
886 1035 941 1077 nec
957 1016 1024 1077 alibi
1040 1017 1120 1077 dixe·

116 1104 157 1162 ris
172 1101 265 1176 magis
280 1117 418 1159 mucrone
434 1102 565 1178 pugnari.
603 1099 674 1159 Nam
695 1109 724 1160 et
740 1100 899 1160 firmissima
914 1119 1046 1179 quaeque
1062 1120 1150 1171 ιιι-5

116 1187 227 1245 moriae
243 1184 344 1243 iudicis
363 1183 532 1243 inculcanda
549 1192 629 1257 sunt,
651 1193 680 1242 et
697 1184 917 1263 praestandum,
941 1185 1077 1263 quidquid
1093 1187 1121 1244 in

117 1271 232 1330 actione
252 1269 450 1346 promisimus,
473 1277 502 1326 et
523 1266 684 1326 refellenda
707 1269 866 1328 mendacia.
910 1267 1055 1346 Nusquam
1078 1278 1122 1328 est

117 1355 260 1431 deniqne,
291 1354 338 1429 qui
365 1353 536 1427 cognoscit,
564 1353 708 1409 intentior.
753 1351 817 1411 Nec
841 1354 980 1411 immerito
1008 1353 1120 1430 quidam

117 1453 278 1517 quanquam
297 1439 325 1494 in
347 1435 469 1494 dicendo
493 1436 657 1495 mediocres
680 1435 735 1495 hac
753 1446 848 1495 tamen
863 1435 1021 1496 altercandi
1036 1455 1121 1515 prae·

116 1523 219 1581 stantia
240 1528 405 1579 meruerunt
425 1536 530 1577 nomen
550 1527 744 1596 patronorum.
781 1519 820 1579 At
841 1521 953 1598 quidam
969 1520 1149 1598 litigatori-6

115 1605 170 1666 bus
193 1605 252 1663 suis
273 1603 351 1662 illum
371 1603 457 1662 modo
480 1602 659 1663 ambitiosum
682 1602 861 1663 declamandi
885 1604 1020 1663 sudorem
1035 1622 1120 1683 prae-

115 1691 226 1748 stitisse
248 1688 374 1747 contenti
408 1705 471 1746 cum
501 1687 583 1746 turba
607 1687 780 1747 laudantium
803 1689 959 1748 destituunt
981 1687 1119 1748 subsellia

115 1789 300 1852 pugnamque
327 1771 404 1830 illam
431 1772 622 1831 decretoriam
649 1773 788 1850 imperitis
815 1791 850 1831 ac
875 1790 966 1850 saepe
991 1772 1120 1850 pullatae

115 1856 218 1916 turbae
241 1857 414 1932 relinquunt.
466 1853 567 1933 ltaque
592 1856 692 1915 videas
715 1856 788 1914 alios
816 1857 987 1934 plerumque
1008 1857 1146 1927 iudiciis?

114 1941 236 2021 privatis
263 1940 298 1998 ad
322 1940 452 1998 actiones
475 1939 610 1999 advocari
634 1940 707 1999 alios
732 1939 766 1998 ad
791 1940 1001 2017 probationem.
1038 1939 1121 2012 Quae

114 2027 140 2084 si
162 2023 315 2083 dividenda
336 2031 401 2082 sunt
424 2022 536 2082 oldaia:
557 2023 614 2082 hoc
637 2032 717 2083 certe
738 2025 829 2100 magis
851 2025 1048 2083 necessarium
1065 2032 1120 2096 est,
1216 2057 1217 2060 =

114 2108 339 2188 pudendumque
355 2107 448 2180 dictu,
471 2108 495 2164 ai
511 2107 576 2184 plus
593 2106 769 2183 litigantibus
787 2116 908 2184 prosunt
922 2109 1059 2166 minores.
1090 2105 1122 2166 ln

114 2192 240 2272 publicis
265 2200 345 2250 certe
371 2190 484 2250 iudiciis
505 2207 564 2248 vox
592 2189 640 2248 illa
661 2190 815 2268 praeconis
840 2200 958 2268 praeter
981 2199 1122 2269 patronos

114 2279 220 2354 ipsum,
237 2277 284 2352 qui
300 2275 409 2350 egerit,
427 2275 504 2332 citat.

202 2357 281 2436 Opus
319 2366 363 2416 est
399 2357 486 2432 igitur
517 2357 644 2432 inprimis
679 2356 795 2432 ingenio
826 2357 924 2417 veloci
950 2374 985 2415 ac
1010 2355 1151 2431 mobilis

115 2445 210 2503 animo
226 2441 373 2521 praesenti
390 2448 418 2498 et
434 2441 503 2498 acri.
533 2437 598 2496 Non
614 2440 688 2497 enim
705 2439 887 2516 cogitandum
905 2440 957 2499 sed
970 2438 1122 2498 dicendum

116 2528 212 2587 statim
236 2535 279 2584 est
301 2535 329 2584 et
352 2539 447 2601 prope
470 2522 523 2582 sub
547 2531 650 2582 conatu
674 2523 834 2582 adversarii
849 2541 948 2582 manus
967 2522 1120 2599 exigenda.

117 2609 215 2683 Quare
233 2628 295 2668 cum
311 2611 339 2666 in
356 2609 431 2666 omni
447 2616 530 2685 parte
550 2605 671 2666 huiusce
693 2606 783 2666 oflicii
798 2607 950 2686 plurimum
968 2607 1054 2681 lacit,
1078 2615 1121 2664 to·

116 2703 160 2753 tas
177 2709 234 2751 non
250 2693 404 2768 diligenter
418 2691 505 2750 modo
523 2690 575 2750 sed
595 2693 680 2750 etiam
702 2691 880 2750 familiariter
895 2707 983 2750 nosse
1002 2705 1122 2750 causas:

116 2785 175 2836 tum
190 2779 218 2835 in
247 2776 437 2835 altercatione
459 2777 581 2834 maxime
603 2777 799 2834 necessarium
824 2785 884 2850 est,
910 2776 1032 2833 omnium
1055 2792 1121 2852 per·

116 2877 267 2935 sonarum,
288 2861 556 2932 instrumentorum,
584 2869 760 2936 temporum,
783 2858 916 2919 locorum
937 2858 1047 2917 habere
1070 2872 1122 2915 no·

117 2946 217 3004 titiam
253 2943 371 3021 Alioqui
399 2953 428 3003 et
450 2942 601 3002 tacendum
619 2945 672 3002 erit
690 2961 780 3021 saepe
797 2951 841 3018 et,
865 2943 930 3002 aliis
946 2941 1121 3000 subiicienti-

117 3026 189 3104 bus,
217 3027 387 3105 plerumque
418 3027 512 3086 studio
535 3026 671 3127 loquendi
692 3027 769 3086 tarne
795 3027 881 3087 modo
909 3025 1121 3092 accedendum

119 3128 175 3190 quo
191 3128 391 3189 nonnunquam
410 3110 530 3186 accidit,
553 3113 607 3170 ut
598 3130 627 3171 m
640 3120 738 3170 nostra
755 3110 927 3171 credulitate
943 3110 1036 3169 aliena
1053 3108 1122 3169 stul·

118 3197 179 3255 titia
196 3194 413 3254 erubescamus.
451 3192 555 3271 Neque
571 3204 678 3254 tantum
694 3194 775 3255 hoc
766 3195 837 3273 1psis
853 3195 1043 3254 monitoribus
1062 3192 1120 3253 cla·
1132 3209 1148 3263 9

118 3280 224 3348 rescit;
251 3278 364 3357 quidam
379 3279 486 3338 faciunt
502 3288 618 3356 aperte,
641 3297 715 3357 quae
740 3279 877 3338 rixemur.
914 3277 1023 3338 Videas
1047 3278 1151 3337 enim*

120 3363 280 3441 plerosque
295 3364 337 3422 ira
353 3364 481 3440 percitos
497 3363 710 3438 exclamantes,
728 3372 758 3421 ut
776 3362 862 3421 iudex
881 3361 991 3438 audiat,
1008 3370 1121 3422 contra-

120 3446 191 3504 rium
207 3445 235 3505 id
252 3464 330 3521 esse,
347 3445 424 3524 quod
440 3445 657 3522 admoneantur,
675 3448 806 3523 sciatque
819 3446 880 3524 ille,
899 3446 1123 3526 quipronnntia·
