2566 4026
215 184 254 246 16
529 193 897 252 uunuoommmnm

213 347 380 411 Clusiuium
406 345 546 428 Figulum
568 347 665 426 titium
695 345 841 410 Urbiniae
868 350 937 409 acic
963 350 1064 427 uictu,
1096 352 1129 411 iu
1161 368 1220 429 quo

211 438 347 509 steterat,
358 433 485 513 fugisse,
497 433 704 510 iactatumque
715 433 840 494 casibus
849 433 958 508 curiis,
971 441 1120 494 retentum
1131 438 1221 496 etium

212 536 233 577 u
256 536 330 596 repe
351 515 474 578 taudem
493 516 526 576 iu
546 513 670 578 Italiam
697 534 737 576 oc
756 517 893 593 putrium
911 536 1000 578 suum
1022 515 1222 580 Marrucinos

211 602 332 662 remisse
347 609 440 678 utque
459 599 502 660 ibi
523 601 668 677 aquosam
690 598 783 659 Pollio
801 609 920 678 contra,
936 602 1071 663 seruisse
1088 622 1155 664 eum
1174 601 1222 663 Pi·

211 686 302 745 souri
316 685 447 745 domiuis
462 682 598 759 duobus,
613 684 799 745 medicinam
807 683 987 762 suscitasse,
1002 688 1223 748 manumissum

212 770 333 830 alienae
347 786 381 829 se
400 768 539 848 fumiliue
552 768 656 828 aemuli
671 767 889 844 immiscuisse,
911 787 932 828 o
945 787 979 829 se
995 777 1170 848 rogantem,
1191 777 1223 830 ut

169 865 203 922 27
215 853 243 915 ei
257 853 403 928 serviret,
427 857 566 930 emptum.
605 849 708 909 Nonne
725 858 786 909 tota
803 850 839 909 lis
857 860 970 911 constat
986 852 1103 912 duarum
1121 872 1222 914 causa·

213 954 276 995 rum
292 935 509 1014 comparatione
526 942 555 993 et
569 936 737 994 coniectura
753 933 861 1012 duplici
873 944 960 1013 atque
977 935 1116 996 diversa?
1140 936 1222 1010 Quae

213 1029 309 1079 autem
325 1019 522 1079 accusantium
540 1036 574 1078 ao
591 1018 821 1095 defendentium,
841 1015 942 1078 eadem
956 1023 1117 1098 petentIum
1136 1029 1164 1079 et
1180 1022 1220 1078 ln·

213 1100 363 1163 litiantium
377 1103 450 1161 ratio
468 1110 523 1161 est.

298 1186 419 1246 Ducitur
443 1186 610 1246 coniectura
630 1187 751 1264 prImum
777 1203 793 1245 a
817 1187 991 1263 praeteritis.
1031 1186 1063 1246 In
1085 1186 1130 1246 his
1158 1195 1223 1245 sunt

212 1288 413 1349 personae,
431 1287 588 1344 causae,
607 1269 776 1328 consilia.
812 1268 885 1329 Nam
904 1271 929 1329 is
953 1272 1026 1332 ordo
1047 1278 1110 1346 est,
1133 1280 1164 1330 nt
1180 1271 1221 1331 ia·

214 1372 283 1414 cere
305 1354 447 1429 voluerit,
476 1354 618 1431 potnerit,
648 1353 762 1412 iecerit.
805 1352 936 1433 Ideoque
962 1354 1127 1414 intuendum
1154 1363 1219 1413 ante

170 1439 323 1513 280mnia,
345 1437 465 1514 qualis
493 1439 558 1513 sit,
582 1436 628 1496 de
650 1453 717 1514 quo
739 1438 874 1514 agitur.
912 1437 1103 1498 Accusatoris
1124 1447 1220 1497 autem

213 1531 258 1580 est
282 1521 416 1595 eiicere,
438 1529 486 1596 ut,
508 1522 533 1579 si
555 1520 622 1598 quid
644 1520 803 1597 obiecerit,
825 1538 882 1580 non
897 1521 991 1582 solum
1008 1530 1093 1599 turpe
1112 1523 1150 1580 sit
1167 1520 1220 1581 sed

214 1606 300 1670 etiam
317 1605 441 1679 crimini,
457 1603 494 1663 de
510 1621 567 1683 quo
582 1613 626 1663 est
643 1605 794 1681 iudicium,
817 1623 901 1682 quam
915 1607 1038 1665 maxIme
1055 1607 1218 1665 conveniat.

212 1686 285 1747 Nam
300 1689 324 1745 si
339 1705 420 1745 reum
443 1688 542 1746 caedis
566 1687 738 1764 impudicum
754 1688 803 1747 vel
819 1689 979 1748 adulterum
994 1699 1095 1749 vocet·
1121 1687 1219 1748 laedat

214 1770 330 1848 quidem
349 1769 479 1845 infamia,
505 1771 596 1830 minus
611 1780 706 1830 tamen
720 1772 777 1832 hoc
800 1773 836 1832 ad
851 1772 937 1832 iidem
956 1773 1069 1848 ualeat,
1093 1771 1218 1849 quamsi

170 1865 204 1919 29
212 1854 367 1930 audacem,
384 1853 575 1931 petulantem,
595 1853 759 1931 crudelem,
772 1857 956 1916 temerarium
973 1857 1141 1916 ostenderit.
1166 1853 1217 1913 Pa·

213 1947 314 2014 trono,
336 1939 360 1996 si
376 1937 439 1996 fieri
458 1940 581 2016 poterit,
601 1937 630 1997 id
646 1939 788 2016 agendum
804 1949 866 2016 est,
888 1950 919 1999 ut
934 1940 1049 2000 obiecta
1064 1940 1113 1998 vel
1130 1946 1219 2015 neget

213 2020 261 2081 vel
276 2020 413 2080 defendat
427 2021 475 2081 vel
491 2023 611 2090 minuam
628 2024 789 2100 proximum
805 2031 864 2099 est,
889 2032 951 2084 uta
967 2025 1115 2103 praesenti
1132 2038 1219 2101 quae·

213 2107 308 2164 stione
324 2107 451 2182 separet.
488 2106 559 2166 Sunt
575 2108 650 2165 enlm
663 2106 805 2185 pleraque
820 2124 877 2166 non
892 2108 986 2168 solum
1002 2106 1151 2167 dissimilia
1167 2104 1219 2164 sed

216 2190 300 2247 etiam
316 2189 469 2267 aliquando
489 2192 651 2250 contraria:
668 2199 714 2265 ut,
736 2193 760 2250 si
782 2208 850 2250 reus
866 2191 934 2251 inrti
955 2192 1094 2270 prodigus
1109 2191 1221 2250 dloatur

213 2281 261 2331 aut
276 2272 441 2350 negligens.
472 2272 576 2352 Neque
593 2275 667 2333 enim
680 2275 795 2337 videtur
809 2276 839 2333 in
854 2276 977 2334 eundem
992 2283 1021 2335 et
1037 2283 1219 2350 contemptus

171 2357 357 2434 30pecuniae
383 2365 411 2416 et
430 2356 570 2436 cupiditas
591 2358 706 2418 cadere.
740 2359 770 2418 Si
787 2359 909 2418 deerunt
929 2359 1003 2419 haee
1018 2357 1163 2418 remedia:
1184 2354 1220 2414 ad

213 2440 263 2500 illa
285 2439 485 2500 declinandum
506 2451 566 2517 est,
585 2459 642 2500 non
661 2440 697 2500 de
713 2441 770 2501 hoc
785 2444 901 2519 quaeri,
926 2461 981 2502 nec
998 2460 1078 2518 eum,
1103 2442 1151 2519 qui
1169 2439 1219 2499 ali-

214 2524 328 2601 quando
345 2525 530 2601 peccaverit,
554 2526 653 2604 utique
675 2527 854 2585 commisisse
877 2529 987 2602 omnia,
1007 2535 1036 2585 et
1058 2526 1133 2586 hauc
1148 2523 1218 2582 lidu-
1263 2585 1267 2589 ,

215 2608 287 2668 ciam
307 2607 399 2667 fnisse
423 2608 640 2667 accusatoribus
663 2609 738 2668 falsa
765 2609 935 2678 obiiciendi;
958 2611 1034 2688 quod
1055 2610 1167 2668 laesum
1191 2614 1220 2665 et

172 2697 205 2751 31
214 2690 394 2750 vulneratum
416 2710 497 2751 reum
516 2709 677 2770 speravere
693 2692 748 2751 hac
766 2694 871 2753 Invidia
888 2695 1010 2771 opprimi
1025 2711 1125 2772 posse.
1160 2688 1220 2749 Alii

213 2776 445 2851 apropositione
462 2777 639 2835 accusatoris
656 2784 814 2854 contraque
836 2777 894 2836 loci
913 2779 1050 2837 oriuntur.
1088 2776 1186 2851 Saepe
1203 2791 1220 2832 a

218 2874 344 2935 persona
359 2858 439 2936 prior
454 2858 532 2918 ducit
547 2868 713 2936 argumenta
734 2859 873 2919 defensor
892 2871 922 2920 et
942 2863 1055 2920 interim
1075 2856 1219 2936 generali·

213 2950 276 3016 ter,
292 2941 467 3001 Incredibile
482 2957 570 3018 esse,
593 2961 609 3002 a
626 2943 685 3004 lilio
702 2951 813 3020 patrem
829 2946 973 3021 occisum,
991 2944 1026 3004 ab
1042 2946 1219 3022 imperatore

214 3024 356 3102 proditam
378 3025 510 3085 hostibus
533 3027 663 3103 patriam.
700 3026 800 3086 FaciIe
816 3029 1028 3105 respondetur,
1052 3026 1120 3102 vel,
1142 3021 1220 3103 quod

216 3109 308 3167 omnia
333 3108 448 3168 scelera
473 3110 501 3168 in
524 3109 615 3169 malos
638 3110 740 3169 cadant
771 3112 897 3189 ideoque
920 3129 1010 3189 saepe
1037 3108 1219 3188 deprehensa

214 3192 284 3257 sInt;
306 3192 372 3268 vel,
395 3193 472 3271 quod
495 3193 676 3269 ingeniosum
698 3196 750 3269 sit,
773 3196 889 3254 crimina
913 3197 976 3273 ipsa
998 3195 1150 3254 atrocitate
1169 3191 1218 3251 de·

173 3273 302 3333 attendi.
337 3275 454 3336 Interim
477 3277 611 3354 proprie;
641 3278 718 3356 qnod
742 3287 788 3337 est
801 3280 919 3337 varium.
957 3277 1029 3337 Nam
1045 3277 1167 3355 dignitas
1188 3283 1217 3332 et

215 3365 311 3416 tuetur
326 3377 407 3418 reum
423 3368 452 3419 et
464 3377 664 3439 nonnunquam
678 3362 741 3438 ipsa
756 3363 785 3420 in
800 3370 996 3439 argumentum
1010 3361 1080 3420 lacti
1095 3376 1217 3420 conver·

112 3501 113 3504 ,
215 3440 298 3517 titur,
322 3451 455 3521 tanquam
470 3444 537 3503 inde
553 3443 641 3503 fuerit
659 3462 728 3524 spes
746 3446 935 3525 impunitatis;
956 3445 1078 3523 proinde
1093 3459 1218 3522 pauper·
