2566 4026
460 185 496 231 M.
509 183 587 230 ΕΑΒ.
604 181 826 242 omnnium

411 338 454 388 DE
472 337 598 389 FlGURlS
614 337 879 389 SENTENTIARUM.

224 421 260 482 tt.
293 419 373 497 Ergo
392 422 438 479 oni
454 419 539 479 latius
556 420 712 498 complecti
728 419 974 479 conformationes
990 420 1144 480 verborum

141 526 176 568 ac
192 505 397 565 sententiarum
421 503 581 581 placuerit,
599 502 698 578 habet,
716 503 794 581 quod
809 512 965 580 sequatur,
988 522 1046 564 nec
1069 503 1144 564 aldr-

141 608 220 651 mars
242 589 349 662 ausim,
366 589 519 665 quicquam
541 604 608 646 esse
629 586 748 655 melius;
773 587 825 646 sed
846 585 920 646 haec
942 586 978 648 ad
1002 589 1145 667 propositi

141 677 197 734 mei
213 673 353 732 rationem
375 671 465 747 legat.
495 669 567 729 Nam
589 670 657 730 mihi
680 670 716 729 de
739 670 784 730 his
807 673 1083 731 sententiarum
1101 671 1146 731 fi·

141 757 244 836 guris
262 755 361 814 dicere
376 755 404 812 in
421 756 514 813 animo
531 763 593 830 est,
619 771 692 832 quae
714 754 818 815 altillo
835 755 960 833 simplici
975 756 1063 815 modo
1075 756 1145 815 indi·

143 841 225 902 candi
250 838 404 905 recedunt;
433 839 509 916 qnod
535 837 610 897 idem
638 838 734 898 multis
761 839 935 898 doctissimis
961 840 1033 898 viris
1059 839 1146 899 video

113 925 300 1004 iplacuisse.
332 920 432 982 Omnia
449 932 545 982 tamen
560 921 627 996 illa,
649 923 735 981 etiam
759 931 914 1000 quaesunt
930 922 1052 982 alterius
1069 923 1147 983 modi

143 1011 257 1083 nimina,
274 1007 348 1066 adeo
365 1015 430 1065 sunt
444 1009 565 1065 virtutes
583 1007 737 1081 orationis,
755 1016 785 1065 ut
801 1007 863 1065 sine
877 1007 911 1065 iis
927 1005 1006 1067 nulla
1022 1005 1147 1084 intelligi

142 1094 205 1153 iere
226 1092 320 1169 possit
342 1092 445 1149 oratio.
482 1088 554 1149 Nam
578 1089 723 1168 quomodo
745 1090 833 1149 iudex
859 1089 960 1149 doceri
982 1098 1101 1168 potest,
1124 1091 1148 1149 si

142 1178 216 1237 desit
235 1175 354 1234 illustris
371 1175 554 1252 explanatio,
577 1174 756 1251 propositio,
781 1175 952 1251 promissio,
975 1174 1084 1250 linitio,
1102 1191 1147 1233 se·

142 1261 266 1333 iunctio,
290 1260 435 1336 expositio
456 1258 616 1317 sententiae
638 1275 723 1333 suae,
747 1258 866 1317 rationis
891 1266 958 1336 apta
983 1257 1148 1333 conclusio,

143 1344 348 1423 praemunitio,
372 1342 543 1416 similitudo,
563 1340 740 1418 exemplum,
760 1342 896 1418 digestio,
915 1341 1092 1417 distributio,
1108 1343 1149 1401 in·

143 1428 328 1506 terpellatio,
365 1426 577 1504 interpellantis
608 1425 766 1500 coercitio,
804 1427 968 1501 contentio,
999 1426 1148 1504 purgatio,

114 1508 256 1575 elassiol
295 1509 369 1583 Quid
384 1527 456 1570 vero
481 1511 540 1587 agit
562 1511 674 1569 omnino
698 1509 865 1586 eloquentia
885 1509 1024 1569 detractis
1048 1509 1148 1588 ampli·

144 1594 247 1655 licendi
270 1594 472 1671 minuendique
497 1589 679 1653 rationibus?
708 1592 835 1666 Quarum
855 1595 936 1671 prior
952 1592 1102 1653 desiderat
1117 1593 1148 1651 il·

143 1679 199 1739 lam
225 1677 290 1755 plus
313 1694 397 1754 quam
418 1679 526 1736 dixeris
549 1677 805 1754 significationem,
828 1677 856 1736 id
877 1685 922 1736 est
952 1674 1098 1754 ἔμφασιν,
1121 1686 1149 1735 et

143 1760 370 1839 superlationem
393 1763 524 1820 veritatis
547 1770 577 1820 et
597 1762 815 1826 aelectionem:
840 1760 915 1820 haec
945 1761 1039 1820 altera
1066 1769 1147 1821 exte·

143 1846 317 1918 nuationem,
335 1844 639 1922 deprecationemque.
679 1843 735 1917 Qui
760 1845 881 1903 allectus
905 1853 988 1903 erunt
1008 1843 1059 1905 vel
1081 1861 1148 1904 con·

145 1930 223 1989 citati
239 1927 369 1987 detracta
384 1945 460 1988 voce
482 1927 590 2004 libera,
615 1928 802 1988 effrenatiore
824 1928 989 2003 iracundia,
1013 1927 1148 2005 obiurga·

144 2014 233 2086 tione,
250 2012 415 2088 optatione,
436 2009 642 2072 execratione?
654 2011 704 2071 vel
721 2011 762 2071 illi
785 2013 926 2087 mitiores,
946 2013 1000 2071 uisi
1014 2012 1149 2072 adiuvan-

145 2106 189 2155 tur
204 2096 466 2172 commendatione,
486 2096 700 2171 conciliatione,
720 2096 755 2155 ad
768 2096 942 2156 hilaritatem
954 2091 1149 2174 impulsione?

114 2179 226 2252 ‹lQuae
248 2178 403 2239 delectatio
427 2189 475 2239 aut
496 2179 573 2257 quod
595 2180 781 2240 mediocriter
801 2180 903 2238 saltem
925 2179 1004 2239 docti
1026 2179 1149 2238 hominis

144 2264 294 2323 indicium:
321 2264 376 2322 nisi
402 2263 459 2323 alia
480 2265 655 2341 repetitione
681 2263 738 2323 alia
763 2264 989 2323 commoratione
1015 2263 1148 2340 infigere,

144 2348 257 2425 digredi
273 2366 289 2408 a
304 2366 337 2407 re
353 2356 383 2407 et
397 2348 493 2407 redire
509 2349 544 2408 ad
561 2349 743 2426 propositum
759 2365 841 2406 suum
860 2349 973 2414 scierit;
994 2363 1149 2407 removere

144 2450 160 2491 a
176 2450 220 2508 se,
237 2433 265 2490 in
281 2432 366 2492 alium
378 2433 528 2499 traiicere;
546 2448 620 2509 quae
637 2431 839 2508 relinquenda,
852 2449 926 2509 quae
940 2430 1149 2490 contemnende

145 2517 210 2591 sint,
231 2511 381 2575 iudicare?
410 2513 506 2574 Motus
525 2524 570 2573 est
592 2516 620 2573 in
639 2514 683 2573 his
705 2516 844 2573 orationis
863 2523 949 2592 atque
965 2523 1065 2590 actus,
1090 2514 1150 2594 qui·

144 2598 198 2657 bus
220 2598 358 2659 detractis
381 2600 457 2657 iacet
483 2606 512 2656 et
534 2598 616 2657 velut
645 2600 772 2675 agitante
795 2615 901 2674 corpus
928 2598 1032 2675 spiritu
1058 2605 1148 2657 caret.

119 2680 229 2755 50uae
251 2700 315 2740 oum
337 2681 442 2741 adesse
465 2681 588 2757 debent,
617 2691 675 2740 tum
697 2682 878 2759 disponenda
899 2690 986 2759 atque
1011 2680 1149 2742 varianda

146 2774 221 2840 sunt,
237 2773 268 2823 ut
285 2765 455 2840 auditorem,
474 2765 550 2843 quod
569 2767 596 2823 in
613 2765 715 2826 fidibus
739 2765 801 2824 fieri
816 2766 962 2841 videmus,
982 2766 1059 2824 omni
1077 2781 1150 2825 sono

145 2848 298 2908 mulceant.
326 2847 434 2907 Verum
449 2867 484 2910 ea
505 2849 675 2927 plerumque
693 2858 774 2909 recta
790 2858 855 2908 sunt
873 2867 929 2908 nec
946 2866 979 2907 se
996 2848 1109 2926 lingunt
1123 2856 1151 2908 et

146 2933 327 2992 confitentur.
361 2932 521 2992 Admittunt
535 2943 647 3009 autem,
666 2942 696 2993 ut
711 2933 785 3008 dixi,
803 2932 929 3010 figuras,
953 2933 1032 3010 quod
1049 2933 1100 2993 vel
1115 2948 1150 2992 ex

145 3017 275 3095 proxima
291 3016 391 3075 doceri
408 3025 515 3094 potest.

117 3107 134 3164 ⁶
229 3099 304 3173 Quid
316 3100 458 3159 enimtam
471 3117 620 3161 commune
639 3119 723 3179 qnam
740 3102 984 3177 interrogare
1000 3099 1050 3161 vel
1067 3118 1149 3179 per·

148 3180 314 3243 contari?
360 3182 432 3243 Nam
459 3192 584 3262 utroque
612 3186 716 3244 utimur
745 3184 958 3258 indifferenter,
988 3200 1150 3262 quanquam

146 3266 268 3327 alterum
288 3268 429 3327 noscendi
451 3267 572 3327 altorum
596 3269 736 3346 arguendi
759 3270 851 3345 gratia
873 3268 987 3327 videtur
1007 3267 1148 3328 adhiberl.

146 3348 186 3408 dt
203 3368 237 3409 ea
253 3369 319 3426 res,
340 3360 521 3429 utrocunque
537 3351 640 3411 dicitur
657 3352 759 3426 modo,
782 3353 868 3410 etiam
889 3351 1045 3429 multiplex
1062 3349 1150 3411 hahet

145 3432 273 3492 schema.
304 3433 477 3512 Incipiemus
494 3435 568 3493 enim
584 3434 620 3494 ab
636 3436 688 3512 iis,
713 3434 816 3513 quibus
834 3435 930 3495 aerior
944 3453 979 3494 ac
994 3434 1148 3496 vehemen-
