2566 4026
367 169 456 218 rusa.
475 169 624 218 carros.
640 170 709 217 ma.
725 170 781 236 111,
796 165 823 220 a.
1041 162 1097 223 141

96 325 228 388 Rontuui
247 344 289 386 au
313 321 495 399 Fidenates,
515 325 630 389 Graeci
646 344 687 387 au
708 327 854 404 barbari,
878 337 907 388 et
922 330 950 388 in
966 330 1098 409 singulis,

96 407 211 471 Catoni
223 409 372 488 petendos
390 409 520 470 honores
536 412 725 472 suadeamus
741 428 783 471 au
799 408 832 471 0.
850 409 969 491 Mando,
991 416 1030 475 de
1046 435 1098 476 ra·

96 496 176 554 tione
195 493 266 554 belii
285 491 390 570 Scipio
404 494 495 570 prior
515 491 694 556 au'Fobius
715 494 870 556 deliberet.
915 495 1037 557 Proinde
1056 500 1141 558 trs-38

96 575 202 636 tuenda
220 594 324 651 sexus,
347 575 487 652 dignitas,
509 587 600 636 aetas.
638 577 696 637 Sed
712 594 808 638 mores
824 581 983 658 praecipue
997 581 1097 642 discri-

96 679 162 720 men
178 658 294 720 dabunt.
325 658 362 718 Ilt
379 659 502 720 honesta
518 661 632 739 quidem
647 661 776 721 honestis
792 662 916 722 suadere
932 663 1097 725 facillimum

97 753 157 812 est;
183 745 207 802 si
227 761 298 803 vero
321 743 396 822 apud
420 753 519 822 turpes
539 754 620 806 recta
643 746 775 806 obtinere
797 745 978 822 conabimur,
1003 766 1039 807 ne
1055 750 1096 807 vi-

98 829 216 888 deamur
234 826 415 904 exprobrare
441 828 584 888 diversam
606 830 683 889 vitae
699 839 825 906 sectam,
850 830 1018 890 cavendum.
1059 830 1138 893 Et39

97 913 206 972 animus
237 911 424 972 deliberantis
456 929 513 970 non
543 914 606 990 ipsa
635 913 749 972 honesti
778 922 897 990 natura,
933 932 1017 992 quam
1045 914 1097 975 illc

96 1012 155 1055 non
174 996 311 1073 respicit,
336 996 565 1073 permovendus,
592 996 644 1056 sed
662 997 763 1072 laude,
788 997 868 1074 vulgi
890 999 1041 1076 opinione,
1068 1008 1097 1058 et

96 1080 243 1157 siparum
269 1079 403 1157 proficiet
426 1078 499 1139 baec
521 1081 650 1156 vanitas,
678 1088 812 1140 secutura
835 1099 873 1140 ex
894 1081 938 1141 bis
960 1081 1095 1158 utilitate,

96 1164 244 1242 aliquanto
268 1180 339 1223 vero
364 1164 455 1240 magis
480 1162 643 1224 obiiciendo
671 1165 800 1242 aliquos,
829 1167 853 1223 si
880 1165 995 1227 diversa
1016 1167 1095 1226 feee-

95 1249 167 1322 rint,
191 1256 294 1306 metus.
331 1245 462 1324 Namque
478 1256 596 1324 praeter
616 1247 660 1323 id,
683 1246 760 1326 quod
777 1249 821 1308 his
843 1247 982 1309 levissimi
1001 1251 1139 1311 cuius-40

96 1349 154 1410 quc
178 1333 285 1391 animus
312 1330 449 1390 facillime
471 1340 613 1407 terretur,
642 1333 742 1391 nescio
764 1349 799 1390 an
822 1333 907 1392 etiam
928 1333 1097 1394 naturaliter

96 1414 173 1493 apud
193 1415 332 1492 plurimos
350 1414 416 1493 plus
433 1414 530 1474 valeat
545 1414 684 1473 malorum
701 1416 785 1474 timor
808 1433 892 1493 quam
913 1434 982 1495 spes
1003 1416 1095 1477 bono·

96 1517 174 1575 rum,
196 1499 271 1558 sicut
288 1497 403 1558 facilior
425 1498 534 1558 eisdem
552 1499 675 1577 turpium
697 1517 781 1576 quam
801 1499 989 1560 bonestorum
1011 1501 1136 1561 intel-41

96 1581 191 1642 lectus
214 1591 268 1641 εει.
311 1581 476 1659 Aliquando
500 1581 583 1641 bonis
607 1600 722 1660 quoque
745 1584 901 1643 suadentur
921 1602 1021 1664 parum
1045 1585 1094 1645 de·

96 1683 183 1741 cora,
212 1665 314 1726 dantur
337 1683 436 1743 parum
459 1665 543 1725 bonis
565 1666 701 1742 consilia,
726 1669 754 1726 in
777 1667 879 1745 quibus
900 1670 1029 1747 ipsorum
1047 1670 1106 1747 qui-

98 1748 250 1809 eonsulunt
280 1758 430 1827 spectatur
460 1750 577 1809 utilitas.
624 1748 687 1809 Nec
710 1769 755 1808 me
780 1750 870 1827 fallit,
902 1770 976 1830 quae
1000 1754 1094 1812 statim

97 1834 236 1910 cogitatio
260 1832 359 1891 subire
382 1834 474 1910 possit
496 1833 656 1909 legentem:
687 1833 750 1893 Hoc
772 1852 844 1911 ergo
867 1832 1034 1913 praecipis?
1066 1845 1094 1894 et

97 1916 154 1976 boc
176 1917 220 1975 fas
244 1913 350 1994 putas?
379 1915 496 1976 Poterat
516 1934 562 1974 me
583 1916 709 1977 liberare
726 1914 848 1993 Cicero,
872 1920 919 1996 qui
935 1921 974 1978 ita
995 1919 1138 1984 scribit42

96 1999 132 2059 ad
146 1999 280 2075 Brutum,
298 2001 474 2077 praepositis
490 2000 636 2078 plurimis,
660 2019 734 2078 quae
749 2000 873 2060 honeste
888 2002 1004 2062 suaderi
1021 2000 1094 2062 Gae-

96 2085 155 2143 sari
184 2084 312 2161 possint:
345 2082 450 2151 Simae
471 2085 567 2146 bouus
586 2086 651 2160 odr,
678 2087 706 2145 sa'
727 2086 805 2147 llaec
825 2087 997 2147 suadeam?
1035 2083 1094 2146 Mi-

95 2169 186 2229 nime.
225 2165 372 2228 Suasoris
394 2169 472 2228 euim
492 2168 563 2246 finis
584 2177 628 2228 est
652 2170 766 2229 utilitas
788 2171 871 2246 eius,
896 2171 946 2231 oui
967 2172 1095 2248 quisque

95 2253 216 2312 suadet.
248 2247 289 2311 At
309 2260 396 2312 reatu
417 2258 496 2316 suut.
532 2249 607 2324 Quis
624 2254 736 2330 ueqat?
757 2254 814 2313 sed
829 2273 887 2313 uon
907 2262 953 2316 est
973 2273 1095 2333 semper

96 2337 190 2396 rectis
206 2336 239 2395 iu
256 2336 419 2396 suadendo
439 2336 534 2399 lacus.
572 2335 630 2394 Sed
647 2336 713 2411 quia
728 2344 773 2394 est
788 2336 874 2395 altior
890 2338 1022 2414 quaestio
1039 2354 1094 2395 nec

96 2427 204 2480 tantum
221 2417 257 2478 ad
275 2419 421 2478 suasorias
438 2420 580 2496 pertinet,
603 2417 761 2477 destinatus
785 2428 829 2478 εει
852 2419 919 2479 mihi
942 2420 989 2479 lde
1010 2419 1093 2479 locus

97 2501 288 2578 duodecimo,
312 2504 360 2580 qui
385 2521 509 2562 summus
525 2503 637 2561 iuturus
653 2510 713 2576 est,
737 2500 822 2560 libro.
859 2500 923 2562 Nec
939 2519 996 2580 ego
1015 2502 1138 2580 quid-lt

97 2604 182 2664 quam
198 2586 261 2644 lieri
276 2587 399 2665 turpiter
413 2586 510 2645 velim.
549 2585 656 2646 Verum
672 2586 783 2643 iuterim
798 2584 872 2644 haee
886 2585 934 2644 vel
954 2586 990 2645 ad
1008 2585 1093 2644 scho·
1193 2638 1197 2647 .

97 2669 188 2729 larum
206 2670 430 2730 exercitationes
448 2671 595 2749 pertinere
618 2669 787 2744 credantur,
809 2686 873 2728 uam
890 2679 919 2729 et
934 2670 1094 2747 iniquorum

96 2754 170 2814 ratic
199 2753 345 2813 noscenda
369 2762 429 2830 est,
461 2763 492 2813 ut
512 2754 614 2813 melius
635 2770 727 2830 aequa
751 2762 890 2814 tueamur.
933 2751 1049 2813 Interim
1070 2752 1137 2813 sill

99 2839 162 2915 quis
183 2836 261 2897 bono
283 2837 434 2897 inhonesta
458 2837 604 2897 suadebit:
628 2837 788 2897 meminerit
809 2853 866 2896 non
888 2836 1012 2897 suadere
1034 2845 1094 2896 tan·

99 2939 183 2999 quam
200 2921 367 2997 inhonesta,
388 2931 418 2981 ut
436 2922 549 2999 quidam
565 2921 776 2981 declamatores
792 2923 911 2982 Sextum
928 2920 1096 2998 Pompeium

98 3005 134 3065 ad
157 3005 323 3083 piraticam,
347 3015 468 3083 propter
489 3005 546 3066 hcc
568 3007 675 3083 ipsum,
697 3005 773 3083 quod
794 3007 886 3083 turpis
912 3013 940 3063 et
969 3003 1095 3064 crudelis

99 3091 150 3164 sit,
167 3088 332 3167 impellunt;
350 3089 402 3148 sed
420 3088 528 3149 dandus
542 3089 600 3149 illis
616 3088 792 3149 deformibus
810 3088 893 3149 color
907 3088 994 3166 idque
1011 3088 1096 3147 etiam

98 3172 174 3250 apud
189 3172 292 3232 malos.
323 3170 426 3250 Neque
443 3174 517 3232 enim
533 3174 683 3251 quisquam
700 3181 746 3232 est
763 3182 819 3232 tam
836 3172 939 3248 malus,
957 3181 989 3231 ut
1003 3171 1096 3231 videri

98 3250 179 3316 uelit.
215 3257 265 3315 Sic
282 3253 404 3316 Catilina
427 3256 502 3335 apud
516 3257 683 3317 Sallustium
707 3257 851 3335 loquitur,
874 3265 904 3315 ut
923 3274 985 3316 rem
1000 3256 1139 3318 caele-45

98 3341 270 3400 ratissimam
286 3356 343 3398 non
357 3340 464 3401 malitia
479 3340 531 3400 sed
547 3340 742 3418 indignatione
756 3339 888 3400 videatur
903 3340 1020 3401 audere.
1046 3341 1095 3400 Sic

98 3422 205 3485 Atreus
227 3423 304 3503 apud
322 3423 454 3485 Varium:
479 3458 521 3471 -·
547 3424 702 3504 lamferd
725 3424 845 3504 (inquit)
865 3425 1095 3505 infandissima,
