2566 4026
316 209 317 213 ¹
354 203 818 268 rusu.0nnu0n.u1n.x11,1.
1058 190 1114 252 241

115 370 211 435 turus,
236 361 311 437 quod
328 359 421 419 adbuc
437 358 616 418 abscisurum
631 367 728 436 putem
745 357 850 424 iuisse;
872 374 936 416 nam
955 366 984 416 et
998 358 1063 418 iere
1080 358 1122 418 sic

115 446 193 505 docti
211 445 425 517 iudicaverunt,
449 442 601 522 plurimum
616 443 645 501 in
662 459 697 501 ec
713 442 864 516 virtutum,
886 440 1016 501 nonnihil
1030 442 1121 501 inisse

113 530 263 603 vitiorum,
286 537 314 587 ct
337 529 401 605 ipse
418 545 451 585 sc
468 526 555 585 multa
577 543 614 585 ex
630 525 748 585 iuvenili
763 524 936 586 abundantia
953 527 1121 586 coercuisse

114 621 251 672 testatur:
269 620 373 686 tamen,
391 611 505 688 quando
521 628 576 670 uec
592 611 731 688 sapientis
747 608 802 668 sibi
816 625 931 683 nomen,
948 610 1062 668 minime
1077 610 1122 668 sui

115 706 315 773 contemptor,
339 697 463 756 asseruit
486 704 515 754 et
537 694 641 754 melius
663 694 778 766 dicere,
805 701 886 752 certe
902 693 968 753 data
984 693 1120 771 longiore

113 783 173 840 vita
190 789 219 840 et
234 789 366 858 tempore
384 779 420 839 ad
437 779 667 856 componendum
687 779 855 853 securiore,
878 778 1036 855 potuisset:
1064 794 1121 836 non

114 864 240 941 maligne
266 864 453 939 crediderim,
482 863 611 923 defuisse
638 865 665 921 ei
690 880 827 931 summam
852 860 945 937 illam,
974 862 1010 922 ad
1036 880 1120 940 quam

114 965 199 1006 nemo
216 950 334 1026 propius
351 948 487 1007 accessit.
519 945 556 1005 Et
572 945 689 1022 licebat,
708 947 733 1005 si
751 946 836 1006 aliter
852 947 999 1022 sentirem,
1016 946 1120 1005 fortius
1128 961 1159 1013 21

113 1032 143 1091 id
163 1031 342 1110 liberiusque
365 1030 533 1090 defendere.
567 1030 613 1089 An
633 1048 705 1091 veru
727 1029 765 1089 ll.
784 1029 926 1089 Antonius
947 1032 1121 1097 neminema

114 1134 148 1174 se
164 1118 256 1174 visum
272 1117 476 1194 eloquentem,
496 1116 573 1193 quod
589 1116 775 1174 tantominus
792 1123 870 1190 erat,
887 1114 1041 1193 professus
1060 1122 1119 1180 est;

113 1202 179 1278 ipse
197 1202 283 1260 etiam
300 1198 337 1257 Μ.
356 1199 467 1259 Tullius
489 1200 601 1277 quaerit
622 1198 716 1258 adbuc
741 1216 820 1274 eum,
845 1206 875 1258 et
896 1206 1004 1258 tantum
1020 1198 1120 1274 imagi-

114 1292 197 1342 natur
213 1302 248 1343 ac
266 1284 362 1360 lingit:
382 1301 438 1359 ego
455 1300 512 1341 non
528 1282 648 1342 audeam
664 1282 775 1358 dicere,
792 1282 900 1360 aliquid
917 1283 945 1341 iu
960 1282 1027 1358 bac,
1045 1298 1120 1360 quae

113 1376 266 1444 superest,
292 1369 463 1428 aeternitate
487 1368 608 1426 inveniri
624 1384 713 1444 posse
736 1384 790 1442 eo,
819 1365 897 1445 quod
920 1366 1024 1442 luerit,
1052 1383 1119 1444 per-

113 1448 241 1510 fectius?
276 1451 406 1511 Transeo
427 1450 511 1525 illos,
537 1453 585 1529 qui
609 1447 745 1512 ciceroni
769 1468 803 1510 uc
820 1449 1010 1510 Demostheni
1032 1468 1070 1509 ne
1091 1450 1162 1511 inii

114 1534 282 1612 eloquentia
299 1536 414 1613 quidem
431 1536 501 1594 satis
519 1534 658 1602 tribuunt;
675 1552 835 1613 quanquam
850 1552 947 1614 neque
963 1535 1019 1612 ipsi
1035 1531 1119 1594 Cice·

113 1621 178 1677 roni
198 1618 413 1680 Demosthenes
432 1619 563 1678 videatur
580 1620 649 1678 satis
672 1637 738 1678 esse
758 1619 924 1697 perlectus,
949 1636 1034 1696 quem
1054 1616 1119 1681 dor-

115 1703 217 1761 mitare
238 1703 350 1762 interim
366 1702 450 1779 dicit,
473 1721 529 1763 nec
546 1700 653 1763 Cicero
670 1703 759 1763 Bruto
777 1700 945 1782 Caluoque,
970 1702 1018 1780 qui
1039 1710 1120 1761 certe

114 1787 356 1864 compositionem
380 1787 458 1847 illius
485 1790 570 1848 etiam
593 1789 671 1867 apud
692 1789 784 1865 ipsum
804 1786 1036 1865 reprehendunt,
1064 1803 1121 1845 nec

112 1869 215 1930 Asinio
241 1873 369 1950 utrique,
398 1873 446 1950 qui
463 1873 532 1932 vitia
556 1873 694 1933 orationis
711 1874 773 1932 eius
792 1875 878 1932 etiam
900 1872 1013 1931 inimice
1030 1869 1119 1948 pluri-

112 1954 168 2013 bus
185 1954 259 2013 locis
274 1956 471 2033 insequuntur.

201 2035 402 2114 Concedamus
421 2056 509 2114 sane,
533 2040 611 2117 quod
625 2041 739 2099 minime
755 2050 854 2101 natura
872 2044 995 2119 patitur,
1019 2045 1163 2118 repen-23

114 2131 173 2179 tum
189 2137 257 2178 csse
278 2120 405 2198 aliquem
430 2120 534 2180 malum
553 2125 644 2181 virum
660 2141 769 2182 summe
792 2123 946 2184 disertum:
974 2123 1063 2183 nihilo
1079 2131 1120 2182 ta-

113 2221 180 2262 men
196 2204 288 2262 miaus
305 2212 451 2263 oratorem
469 2222 533 2262 eum
548 2203 673 2281 negabo.
706 2205 770 2265 Nec
786 2206 934 2284 omnibus,
952 2208 999 2285 qui
1016 2206 1121 2265 luerint

114 2305 198 2346 manu
217 2290 353 2365 prompti,
372 2288 426 2347 viri
443 2287 527 2347 fortis
545 2306 650 2348 nomen
665 2291 880 2366 concesserim,
899 2293 966 2369 quia
984 2293 1046 2349 sine
1062 2290 1119 2348 vir-

115 2379 175 2431 tute
192 2371 313 2449 intelligi
329 2389 386 2431 non
401 2380 500 2450 potest
515 2371 664 2432 fortitudo.
691 2374 738 2433 An
753 2373 791 2449 ei,
807 2375 856 2451 qui
872 2374 907 2434 ad
923 2372 1120 2434 defendendas
1130 2380 1164 2432 24

116 2472 221 2514 causas
246 2456 421 2533 advocatur,
443 2475 501 2517 non
524 2465 569 2516 est
594 2475 668 2535 opus
691 2457 763 2534 fide,
794 2475 879 2535 quam
900 2476 957 2518 nec
980 2456 1121 2536 cupiditas

116 2549 283 2617 corrumpat
299 2559 354 2601 nec
376 2542 468 2619 gratia
484 2550 597 2602 avertat
614 2560 669 2602 nec
684 2551 776 2602 metus
800 2542 929 2620 irangat;
954 2541 1007 2602 sed
1023 2539 1121 2619 prodi-

66 2692 68 2696 ,
114 2634 225 2699 torem,
249 2626 443 2703 transfugam,
461 2628 727 2704 praevaricatorem
742 2625 911 2689 donabimus
928 2626 1052 2685 oratoris
1069 2624 1120 2683 illc

116 2725 200 2767 sacro
217 2706 353 2769 nominc?
384 2709 495 2782 Quodsi
517 2710 713 2771 mediocribus
735 2712 820 2771 etiam
841 2710 970 2789 patronis
987 2709 1122 2769 convenit

115 2792 204 2866 haec,
222 2810 297 2870 quae
313 2793 403 2870 vulgo
420 2794 539 2869 dicitur,
556 2794 685 2856 bouitas:
716 2814 766 2855 cur
782 2813 840 2855 non
861 2804 961 2854 orator
977 2792 1046 2868 ille,
1072 2793 1121 2870 qui

114 2875 239 2934 nondum
253 2876 306 2935 fuit
329 2877 383 2936 sed
405 2887 503 2955 potest
526 2897 611 2955 esse,
635 2887 692 2939 tam
709 2881 745 2939 sit
760 2878 889 2939 moribus
905 2896 990 2957 quam
1005 2876 1120 2937 dicendi

114 2961 220 3019 virtute
236 2959 406 3038 perfectus?
439 2960 504 3021 Non
525 2963 600 3021 enim
624 2963 772 3023 forensem
793 2964 934 3042 quandam
949 2962 1163 3020 instituimusbb

116 3062 237 3122 operam
254 3062 310 3103 nec
325 3047 534 3105 mercenariam
552 3063 656 3106 vocem
671 3065 743 3123 nec,
760 3056 791 3106 ut
807 3044 1004 3126 asperioribus
1020 3043 1120 3105 verbis

115 3145 278 3206 parcamus,
297 3145 354 3187 uon
365 3129 494 3189 inutilem
506 3147 576 3189 sane
589 3129 678 3189 litium
693 3131 876 3207 advocatum,
893 3148 978 3208 quem
995 3130 1119 3207 denique

117 3210 292 3270 causidicum
305 3210 394 3288 vulgo
410 3222 530 3281 vocant:
548 3213 601 3272 sed
615 3215 706 3274 virum
721 3233 784 3274 cum
798 3216 905 3292 ingenii
920 3223 1019 3273 natura
1035 3230 1119 3291 prac-

116 3302 239 3353 stantem
255 3302 313 3353 tum
328 3313 400 3355 vero
417 3304 459 3356 tot
474 3297 683 3377 pulcherrimas
701 3307 779 3359 artes
795 3300 909 3376 penitus
927 3305 1023 3357 mente
1042 3313 1119 3356 com-

116 3378 243 3457 plexum,
261 3377 355 3438 datum
372 3381 485 3441 tandem
497 3380 586 3441 rebus
601 3381 741 3460 humanis,
759 3383 872 3461 qualem
884 3382 961 3442 nullu
975 3390 1058 3442 antea
1068 3398 1118 3440 ve·

115 3470 206 3521 :ustas
224 3466 406 3541 cognoverit,
424 3467 597 3544 singularem
613 3467 833 3547 perlectumque
848 3467 991 3545 undique,
1013 3465 1119 3544 optima

160 3567 186 3605 u.
198 3568 221 3604 r.
236 3567 348 3615 cuturn.
362 3553 394 3613 Π.
915 3549 953 3610 16
