2566 4026
418 178 838 246 rasn.0nauon.u1a.1,s.
1088 172 1127 233 31

121 336 307 398 recentiores
328 334 512 394 instituerunt
532 332 650 395 Graecis
672 333 833 395 nominibus
853 335 980 399 Graecas
1002 339 1128 402 declina-

122 424 218 482 tiones
235 419 333 497 potins
350 417 437 494 dare,
461 417 539 496 quod
554 427 649 478 tamen
668 419 761 498 ipsum
777 436 835 479 non
857 438 973 500 semper
994 424 1057 483 lieri
1076 442 1128 504 po·

120 513 191 566 test.
226 502 297 563 diilri
316 510 412 562 autem
434 501 531 580 placet
545 500 673 562 Latinam
691 505 832 563 rationem
853 509 952 584 sequi,
976 525 1129 589 quousque

121 590 251 669 patietur
265 587 366 647 decor.
395 584 499 665 Neque
515 587 590 645 euim
603 587 659 646 iam
674 584 874 667 Calypsonem
888 587 1009 652 dixerim
1026 601 1058 651 ut
1074 592 1128 655 ln-

120 692 248 749 noncm,
279 687 441 749 quanquam
468 679 586 731 secutus
609 671 742 749 antiquos
768 667 800 731 (i.
825 669 935 733 Cacsar
961 677 1050 736 utitur
1074 677 1129 738 hac

121 760 237 818 ratione
255 753 429 816 declinandi.
469 754 528 815 Sed
543 756 744 816 auctoritatem
767 756 948 817 consuetudo
970 763 1170 837 superavitol

121 840 153 902 ln
176 842 303 916 ceteris,
325 857 400 917 quae
422 846 558 916 poterunt
578 847 702 917 utroque
722 839 809 899 modo
829 856 887 900 non
902 842 1072 904 indecenter
1087 846 1128 905 ei·

119 925 209 1001 ferri,
231 925 279 1002 qui
302 921 442 983 Graecam
457 922 577 1000 figuram
594 923 678 1001 sequi
694 922 799 998 malet,
820 941 877 983 nou
894 924 994 986 Latine
1014 928 1129 1006 quidem

121 1009 176 1070 scd
197 1019 295 1069 tamen
315 1009 386 1067 citra
405 1005 664 1086 reprehensionem
685 1006 830 1085 loquetur.

209 1091 364 1169 Simplices
383 1107 475 1150 voces
493 1092 584 1170 prima
602 1092 748 1168 positione
764 1091 792 1151 id
808 1101 853 1151 est
870 1101 970 1155 natura
991 1113 1043 1155 sua
1060 1105 1170 1159 con-65

120 1185 217 1252 stant,
242 1177 423 1254 compositae
444 1184 493 1234 aut
514 1175 777 1254 praepositionibus
801 1175 1010 1255 subiunguntur
1029 1188 1060 1238 ut
1080 1182 1127 1240 in-

119 1279 255 1337 nocens,
280 1258 422 1319 interdum
438 1258 665 1338 repugnantibus
687 1260 762 1319 inter
777 1277 811 1318 se
826 1259 952 1337 duabus,
976 1263 1062 1340 quale
1083 1271 1129 1323 cst

119 1345 370 1424 imperterriins;
390 1342 499 1422 alioqui
514 1352 636 1421 possunt
654 1342 808 1421 aliqnando
825 1346 985 1405 continuari
1006 1346 1079 1406 duae
1098 1356 1129 1406 ut

119 1430 356 1507 incompositas,
377 1429 554 1488 reconditas
571 1435 616 1503 et,
640 1444 702 1506 quo
715 1424 820 1487 cicero
836 1430 937 1505 utitur,
959 1431 1127 1492 subobsce-

120 1514 218 1581 dmm
239 1521 287 1572 ant
307 1530 324 1570 e
344 1510 457 1571 duobus
479 1513 561 1590 quasi
583 1510 755 1590 corporibus
776 1512 961 1590 coalescunt,
983 1523 1014 1574 ut
1031 1516 1127 1577 malc-

118 1598 209 1677 ficns.
247 1594 319 1656 Nam
342 1613 381 1654 ex
408 1595 498 1654 tribus
521 1603 637 1655 nostrae
664 1597 763 1673 utiquc
786 1595 902 1673 linguae
924 1615 982 1658 non
1004 1612 1169 1668 conces-66

120 1683 226 1749 serim;
242 1680 372 1758 quamvis
385 1681 490 1758 capsis
502 1675 607 1739 Cicero
623 1679 699 1740 dicat
712 1683 903 1759 compositum
918 1700 985 1742 csse
1000 1701 1037 1742 ex
1049 1702 1128 1763 cape

122 1769 146 1826 ri
161 1766 228 1839 cis,
252 1772 282 1823 et
301 1763 482 1823 inveniantur
496 1764 544 1841 qui
558 1761 747 1843 Lupercalia
764 1781 857 1843 aeque
872 1773 933 1825 tres
948 1775 1047 1845 partes
1062 1785 1126 1828 ora·

118 1850 210 1910 tionis
235 1865 303 1909 esse
324 1848 514 1923 contendant,
539 1849 621 1926 quasi
641 1849 726 1908 incre
745 1867 804 1926 per
819 1868 969 1928 capram,·
990 1869 1054 1912 nam
1068 1850 1168 1920 So-ot
1198 1878 1202 1893 ³

117 1933 273 1996 liloniilic
298 1934 354 1992 iam
381 1949 552 2010 persuasum
573 1940 619 1990 est
640 1950 707 1991 esse
730 1931 974 2010 Snocctcnrilic,
1004 1943 1034 1994 ct
1056 1954 1126 1996 sane

117 2020 159 2078 ita
174 2014 313 2077 sehabet
329 2033 457 2092 sacrum,
480 2015 566 2096 quale
584 2015 660 2094 apud
673 2015 828 2077 Homerum
844 2035 961 2098 quoque
979 2028 1033 2079 est.
1068 2019 1127 2080 Sed

117 2102 197 2163 haec
220 2116 278 2160 non
299 2109 357 2160 tam
385 2099 534 2160 extribus
557 2117 640 2178 quam
664 2118 702 2160 ex
723 2101 874 2179 particulis
901 2104 986 2163 trium
1009 2113 1124 2164 cocunt.

120 2184 263 2245 Ceterum
284 2185 369 2244 ctiam
392 2202 430 2243 ex
451 2185 669 2262 praepositione
695 2193 725 2244 et
746 2184 858 2246 duobus
880 2187 1033 2248 vocabulis
1055 2188 1126 2249 dure

117 2269 238 2348 videtur
256 2269 399 2328 struxisse
421 2267 561 2328 Pacuvius
576 2265 671 2330 Nerei
686 2271 968 2349 repandircslrnm,
988 2275 1126 2343 incarni-

119 2349 280 2416 ceroicum
299 2372 405 2432 pecus.
447 2351 605 2429 Iunguntur
633 2360 728 2413 autem
750 2362 797 2414 aut
820 2374 858 2416 ex
879 2355 992 2417 duobus
1019 2354 1126 2417 Latinis
1134 2367 1169 2422 68

118 2439 245 2515 integris
266 2444 298 2496 nt
319 2437 476 2516 superflui,
496 2437 668 2516 andlcrfnpi
689 2437 867 2516 (quanquam
889 2458 927 2499 ex
948 2441 1069 2517 integris
1091 2458 1127 2500 an

120 2521 285 2599 composita
310 2521 367 2580 sint
396 2521 574 2599 quaeritur),
597 2530 646 2581 aut
673 2540 710 2581 ex
736 2524 849 2597 integro
878 2531 909 2581 et
936 2533 1073 2600 corrupto
1096 2532 1127 2583 ut

119 2606 305 2681 malevolas,
330 2613 378 2664 aut
401 2623 438 2664 ex
457 2613 595 2683 corrupto
620 2613 649 2666 et
671 2607 785 2682 integro
809 2613 840 2664 ut
860 2608 1055 2684 noctivagos,
1079 2614 1126 2666 aut

120 2687 235 2751 duobus
257 2689 401 2768 corruptis
422 2697 453 2749 ut
468 2690 649 2768 pedisecos,
671 2699 719 2750 aut
741 2707 780 2748 ex
799 2698 899 2750 nostro
918 2699 947 2749 et
966 2691 1125 2769 peregrino

119 2783 150 2834 ut
172 2774 345 2849 biclinium,
369 2782 417 2833 aut
439 2781 538 2834 contra
560 2781 590 2832 ut
609 2775 772 2853 epitogium
793 2783 822 2834 et
836 2771 996 2850 Anticum,
1019 2783 1067 2834 aut
1089 2792 1126 2835 en

119 2856 234 2919 dnobus
255 2858 421 2937 peregrinis
444 2866 475 2917 ut
492 2859 673 2936 epicedion.
707 2856 779 2919 Nam
801 2877 865 2919 cum
885 2862 922 2919 sit
944 2861 1125 2938 praepositio

121 2940 249 3018 Graeca,
270 2944 352 3003 reda
366 2939 520 3002 Gallicum:
542 2959 638 3020 neque
654 2940 781 3003 Graecus
800 2952 895 3005 tamen
915 2962 1010 3022 neque
1026 2943 1125 3005 Gallus

119 3028 207 3087 utitur
223 3026 403 3105 composito;
426 3024 547 3086 Romani
566 3043 648 3085 suum
666 3044 704 3086 ex
721 3027 817 3088 alieno
836 3038 960 3107 utroque
981 3028 1123 3089 iecerunt.

117 3107 303 3190 Frequenter
318 3119 414 3170 autem
433 3111 668 3190 praepositiones
684 3129 801 3190 quoque
821 3112 969 3190 copulatio
990 3114 1045 3173 ista
1063 3119 1168 3174 cor-69

117 3198 237 3274 rumpit:
262 3194 331 3255 inde
346 3195 485 3268 abstulit,
508 3195 646 3274 aufugii,
669 3197 786 3274 omisit,
807 3215 871 3256 cum
891 3198 1072 3275 praepositio
1088 3197 1125 3256 sit

116 3281 156 3342 ab
180 3279 261 3349 sola3
292 3288 324 3340 et
349 3280 423 3355 coit,
447 3297 511 3339 cum
536 3281 573 3338 sit
596 3281 776 3358 praepositio
805 3299 882 3349 con,·
904 3283 947 3340 sic
968 3281 1074 3359 ipncci
1096 3288 1125 3339 et

115 3373 222 3444 crepet
238 3372 268 3424 et
284 3363 399 3423 similia.
435 3363 493 3423 Sed
510 3382 557 3425 res
578 3371 638 3424 tota
659 3366 750 3440 magis
767 3362 896 3425 Graecos
913 3365 1016 3440 decet,
1040 3362 1167 3426 nobisio

113 3450 207 3509 minus
230 3447 383 3523 succedit,
406 3465 461 3507 nec
483 3447 512 3508 id
535 3448 599 3508 lieri
621 3456 721 3507 natura
742 3456 829 3527 puto,
852 3449 905 3508 sed
923 3449 1025 3508 alienis
1044 3447 1123 3507 lave·
