2566 4026
398 172 486 220 rusn.
502 170 843 238 onanon.n1e.v11,2.
1088 167 1123 225 11

117 329 211 407 ipsum
227 327 319 386 adhuc
337 327 485 402 dividitur,
506 328 617 386 etiamsi
632 335 755 405 uterque
771 327 826 386 sibi
841 337 932 388 totum
946 330 1123 400 vindicarem

117 430 193 471 nunc
215 412 328 489 utique,
353 428 416 469 cnm
440 410 514 469 alter
534 411 685 469 semissem
711 411 785 471 alter
806 413 941 472 universa
962 413 1052 473 fratre
1074 433 1124 474 ex·

118 495 212 555 eluso.
246 494 303 554 Sed
315 495 359 554 bis
375 495 504 553 tractatis
520 496 605 554 etiam
617 494 706 554 habet
717 513 850 572 magnum
861 506 1034 556 momentum
1049 498 1124 577 apud

117 580 228 638 iudices
249 579 338 655 patris
355 579 511 654 memoria,
530 596 593 637 cum
609 581 781 656 praesertim
796 579 832 639 de
850 579 934 639 bonis
956 582 1017 640 eius
1036 599 1124 659 quae·

117 673 205 722 ratur.
225 661 307 739 ,Erit
322 679 394 738 ergo
411 663 595 737 coniectura,
614 661 677 735 Qua
695 672 791 723 mente
806 672 890 742 pater
905 666 1057 724 intestatus
1073 667 1123 726 de·

117 743 262 806 cesserit?
302 746 361 806 Sed
377 764 410 806 ea
427 748 553 823 pertinet
569 746 605 805 ad
623 746 805 824 qualitatem;
829 748 948 808 alterius
967 756 1059 808 statos
1083 750 1124 808 in·

117 840 305 889 strumentum
325 839 380 888 est.
424 830 598 908 Plerumque
619 839 714 891 autem
736 833 764 890 in
780 831 836 892 irne
858 850 1009 892 causarum
1024 833 1060 892 de
1076 851 1124 892 ae·
1133 836 1167 890 63

117 916 226 992 quitate
242 913 428 989 tractabitur,
453 915 519 992 quia
535 913 604 973 nihil
618 913 752 974 libentius
769 916 879 975 iudices
895 916 1020 977 audiunt.
1063 915 1123 975 Ali·

117 999 231 1076 quando
254 1008 349 1057 tamen
366 998 442 1058 bunc
467 998 595 1057 ordinem
617 998 736 1058 mutabit
753 999 880 1076 utilitas,
905 1009 952 1076 nt,
975 1001 1000 1058 si
1018 1001 1046 1058 in
1061 1001 1124 1059 iure

116 1084 207 1141 minus
224 1083 345 1142 fiduciae
361 1083 434 1157 erit,
452 1082 736 1159 aequitateiudicem
753 1101 969 1162 praeparemus.

153 1169 166 1179 ‘
200 1164 278 1225 Nihil
299 1166 386 1225 habui
414 1167 552 1244 amplius,
582 1166 659 1242 quod
678 1168 707 1225 in
727 1169 891 1227 universum
910 1169 1122 1247 praeciperem.

115 1249 198 1308 Nunc
215 1268 312 1309 eamus
330 1268 383 1328 per
404 1250 532 1326 singulas
556 1266 705 1309 causarum
722 1250 895 1311 iudicialium
914 1261 1029 1329 partes,
1052 1262 1167 1330 quasfid

118 1343 147 1392 ut
164 1335 302 1412 persequi
314 1333 350 1392 ad
364 1333 491 1393 ultimam
509 1334 652 1411 speciem,
669 1334 697 1393 id
713 1343 758 1393 est
773 1335 809 1394 ad
824 1335 953 1412 singulas
969 1334 1035 1394 lites
1054 1353 1123 1395 eon·

115 1418 352 1495 troversiasque,
368 1433 426 1476 non
441 1435 575 1494 possum:
593 1417 631 1476 ita
647 1417 683 1476 de
694 1418 881 1494 generalibus
898 1417 1029 1478 scribere
1042 1419 1122 1495 licet,

115 1510 161 1576 ut,
181 1518 255 1579 quae
271 1502 299 1559 in
317 1519 460 1580 quemque
476 1510 579 1561 statum
594 1501 828 1579 frequentissime
843 1502 985 1579 incidant,
1002 1504 1121 1563 tradam.

114 1582 167 1659 Et,
192 1586 258 1663 quia
280 1591 380 1645 natura
400 1587 489 1664 prima
513 1586 646 1663 quaestio
668 1594 730 1657 est,
752 1583 909 1645 Factumne
933 1588 986 1664 sit,
1012 1587 1048 1646 ab
1066 1588 1124 1647 boo

115 1668 221 1728 ordiar.

468 1821 511 1870 Du
531 1821 745 1878 CONIEGTURA.

200 1917 236 1977 ΙΙ.
270 1914 504 1979 Coniectura
530 1920 621 1978 omnis
644 1928 691 1980 aut
711 1919 747 1979 de
768 1936 801 1977 re
824 1927 871 1977 aut
894 1917 930 1977 de
952 1918 1045 1977 animo
1067 1926 1121 1976 est.

114 2001 273 2079 Utriusque
287 2003 341 2061 tria
356 2011 502 2079 tempora,
518 2004 721 2081 praeteritum,
739 2020 897 2081 praesens,
913 2001 1048 2062 futurum.
1078 2000 1123 2059 De

114 2105 147 2145 re
165 2094 194 2144 et
211 2086 367 2162 generales
384 2087 571 2163 quaestiones
583 2096 648 2146 sunt
665 2096 694 2146 et
709 2086 858 2161 delinitae,
879 2085 907 2144 id
923 2095 982 2160 est,
1004 2094 1033 2145 et
1049 2103 1123 2162 quae

115 2171 251 2249 personis
275 2187 333 2228 non
359 2171 541 2229 continentur
566 2180 595 2229 et
620 2187 695 2247 quae
722 2171 912 2229 continentur.
956 2168 1002 2230 De
1028 2169 1150 2230 animai

117 2254 218 2331 quaeri
239 2270 296 2312 non
316 2263 430 2332 potest,
452 2255 506 2312 nisi
521 2253 570 2313 ubi
590 2271 717 2332 persona
734 2261 779 2311 est
796 2263 825 2312 et
845 2253 881 2313 de
902 2252 981 2312 iacto
999 2256 1122 2312 constat.

115 2336 215 2413 Ergo,
236 2355 299 2396 cnm
311 2338 347 2397 de
361 2356 394 2396 re
411 2338 523 2414 agitor,
547 2346 595 2397 aut
614 2337 681 2414 quid
700 2337 807 2396 iactum
823 2336 876 2411 sit,
895 2338 923 2395 in
942 2335 1056 2394 dubium
1073 2353 1123 2394 ve-

115 2423 173 2496 nit,
199 2428 248 2480 aut
268 2422 336 2499 quid
357 2422 423 2497 liat,
451 2430 498 2480 aut
522 2421 589 2500 quid
609 2422 646 2479 sit
667 2419 806 2480 futurum:
828 2428 859 2478 ut
881 2419 909 2477 in
924 2417 1123 2495 generalibus,

115 2502 167 2565 An
193 2511 362 2568 atomorum
382 2524 537 2566 eoncnrsn
563 2507 696 2567 mandas
720 2505 759 2564 sit
780 2503 926 2586 effectae?
957 2519 999 2563 on
1016 2502 1124 2581 praei·

116 2588 224 2651 dantia
238 2591 387 2669 regator?
404 2608 446 2651 an
459 2590 500 2651 rit
513 2589 683 2668 aliqnando
697 2589 855 2651 canarno?
876 2587 904 2646 in
920 2587 1059 2647 delinitis:
1075 2584 1125 2647 An

112 2673 324 2753 parricidium
338 2675 521 2736 commiserit
532 2674 685 2735 Rosciae?
698 2669 747 2734 An
763 2691 891 2751 repnnrn
903 2670 1023 2754 affectet
1033 2667 1124 2731 Man-

115 2759 198 2817 liae?
219 2753 268 2818 Aa
282 2766 366 2820 recte
381 2756 507 2819 Verrem
521 2760 561 2820 eit
572 2766 779 2820 accusaturus
797 2754 832 2828 Q.
841 2753 1016 2817 Caeciliae?
1038 2753 1070 2813 ln
1081 2755 1123 2812 iu·
1135 2767 1153 2820 3

116 2841 200 2899 diciis
216 2843 403 2919 praeteritum
419 2851 532 2921 tempus
547 2844 671 2902 maxime
686 2841 779 2910 valet;
797 2857 880 2900 nemo
898 2841 972 2899 enim
994 2846 1123 2914 accusat,

117 2924 172 2981 nisi
193 2942 267 3002 quae
288 2926 365 2987 iacta
387 2935 462 2985 sunt.
504 2925 576 2986 Nam
597 2944 671 3004 quae
694 2926 761 2985 liant
784 2933 813 2984 et
837 2942 911 3002 qnae
936 2924 1031 2983 futura
1056 2922 1123 2996 sint,

118 3011 344 3086 expraeteritis
368 3009 552 3087 colliguntur.
589 3010 743 3083 Quaeritur
765 3019 795 3070 et
812 3007 896 3068 Unde
918 3007 994 3086 quid,
1009 3001 1124 3065 ortum?

117 3099 149 3150 ut
161 3095 335 3170 pestilentia
353 3128 396 3138 —
411 3095 463 3155 ira
475 3094 566 3158 deam
577 3111 620 3155 an
633 3095 811 3172 intemperie
824 3093 900 3154 coeli
914 3112 955 3153 an
971 3089 1125 3169 correptis

116 3177 209 3251 aqnie
232 3197 273 3240 an
293 3181 386 3240 nonio
408 3185 512 3239 terrae
533 3179 654 3241 balita?
695 3177 733 3238 m
753 3178 835 3251 Quae
856 3194 943 3236 causa
965 3171 1055 3234 lacti?
1082 3182 1123 3249 ut,

118 3257 227 3332 Quare
254 3264 298 3325 ad
328 3262 451 3324 Troiam
480 3263 702 3342 quinquaqinta
725 3281 815 3342 repes
842 3261 1056 3338 navigaverint
1085 3291 1123 3302 -

115 3344 324 3408 iureiurando
338 3349 448 3409 adacti
463 3364 504 3408 an
524 3349 661 3427 enemplo
672 3347 743 3408 moti
758 3365 800 3407 an
812 3345 1025 3424 gratificantes
1038 3340 1124 3404 Atri-

119 3428 191 3489 dis?
215 3448 289 3508 quae
303 3432 359 3491 duo
374 3450 483 3510 genera
499 3449 556 3491 non
570 3431 687 3492 multum
704 3432 779 3491 inter
793 3448 826 3491 se
842 3431 956 3491 distant.
985 3427 1028 3488 Ea
1041 3433 1154 3505 verost
