2566 4026
340 166 776 234 rusmonsromurmlvst.
1003 159 1060 219 171

62 327 151 400 ionga
169 323 221 398 sit,
245 321 405 381 efficiemus
427 337 501 398 quae
517 321 676 399 poterimus
692 322 869 400 differendo,
888 341 946 384 non
966 334 1063 387 temen

61 409 125 467 sine
141 407 287 466 mentione
303 421 417 480 eorum,
439 422 513 482 quse
531 404 712 466 differemus:
735 405 822 479 Quos
842 423 958 470 carmos
977 412 1062 472 ccci-

61 492 160 553 deudi
172 491 324 565 babuerit,
340 503 416 565 quos
429 490 631 566 assumpserit
645 492 791 565 conscios,
807 492 1063 568 quemadmodum

61 575 249 653 disposuerit
272 573 422 648 iusidias,
449 573 640 650 probotionis
664 575 730 635 icco
755 575 869 636 dicam.
914 573 1104 647 Quaedam49

60 674 133 717 vero
151 655 305 717 exordire
321 654 591 733 praetermittenda,
615 656 701 733 quale
717 665 762 716 est
777 657 854 734 opud
871 655 1060 719 Ciceronem·

59 739 193 804 Moritur
206 739 366 801 Fulcinius
371 763 385 811 ‚·
403 741 499 801 multa
514 741 608 815 emim,
628 755 708 817 quae
721 749 794 802 suut
809 741 843 801 iu
856 760 908 816 rc,
924 743 999 819 quia
1013 761 1062 803 rc·

59 833 142 887 muto
160 830 230 886 suut
245 844 267 885 a
288 840 404 899 causa,
431 824 687 902 praetermittam.
733 823 772 884 Et
795 825 912 902 partitio
937 825 1062 886 taedium

60 909 155 969 levat:
176 907 304 986 Dicam,
327 925 407 986 quac
421 916 495 967 acta
507 908 658 968 eiurante
677 909 777 986 ipsum
797 908 846 969 rei
860 915 1060 985 contractum,

59 995 180 1070 dicum,
198 994 323 1071 quaem
338 992 472 1069 reipsa,
494 991 612 1067 dicam,
629 1007 710 1068 quac
720 999 842 1070 postca.
872 990 915 1052 Ita
931 1000 992 1051 tres
1007 1001 1103 1071 poto

60 1078 116 1135 tius
138 1077 270 1138 modicae
292 1076 472 1137 narrationes
496 1073 668 1133 videbuntur
690 1092 774 1154 quam
792 1092 848 1134 una
870 1074 968 1152 longa.
1014 1074 1061 1135 In·

60 1161 144 1220 terim
165 1159 303 1240 expediet
317 1159 524 1238 vexpositiones
550 1157 633 1218 brevi
657 1158 841 1218 interfatione
865 1158 1059 1236 distinguere:

59 1239 215 1320 Audistis,
238 1260 319 1320 quac
333 1252 405 1304 cute
419 1251 493 1304 acta
507 1249 592 1317 suut,
615 1243 748 1320 accipite
761 1260 861 1320 uuuc,
882 1258 962 1320 quae
980 1244 1060 1304 iusc-

61 1335 206 1404 quuntur.
237 1325 397 1386 Reficietur
412 1327 487 1385 enim
507 1325 595 1385 iudex
612 1326 740 1403 priorum
755 1325 811 1385 iiue
832 1335 862 1385 et
881 1343 914 1386 se
929 1325 1009 1386 velut
1024 1325 1060 1386 ad

60 1425 165 1469 novum
181 1428 279 1468 rursus
295 1412 403 1469 initium
418 1408 612 1487 praeparabit.
642 1409 673 1469 si
688 1418 783 1468 tamen
795 1408 929 1470 adhibitis
942 1427 1059 1489 quoque
1068 1412 1102 1466 51

59 1493 103 1552 bis
120 1492 230 1553 artibus
245 1494 274 1552 in
289 1493 407 1571 longum
422 1494 527 1552 exierit
542 1493 613 1552 ordo
631 1509 744 1568 rerum,
761 1495 816 1553 erit
832 1510 891 1552 nou
908 1493 1016 1554 inutilis
1031 1495 1061 1553 in

60 1584 190 1636 extrema
210 1585 292 1654 parte
315 1577 513 1643 commonitio;
535 1576 612 1654 quod
629 1573 734 1636 Cicero
751 1579 837 1637 etiam
855 1578 884 1636 iu
897 1576 980 1637 brevi
995 1595 1059 1637 nar·

59 1662 171 1720 ratione
191 1659 276 1720 iecit:
303 1658 430 1736 Adbuc,
455 1657 591 1736 Caesar,
614 1659 650 1732 0.
670 1658 817 1739 Liparius
838 1662 931 1740 culpa
953 1668 1060 1731 curet,-

60 1745 148 1805 domc
167 1753 213 1805 cot
227 1762 369 1821 opressus
388 1762 448 1804 uon
468 1745 558 1805 modo
571 1745 685 1806 muitum
706 1745 751 1806 cd
764 1745 874 1807 balium
892 1746 951 1807 sed
962 1764 1002 1807 ue
1016 1745 1061 1808 ud

58 1828 214 1889 minimum
230 1829 353 1904 quidem
367 1828 439 1888 belii
449 1828 652 1906 suspicionem
667 1838 696 1888 et
712 1837 820 1888 cetera.

147 1907 352 1971 Credibilis
371 1919 466 1970 autem
487 1913 542 1970 erit
563 1914 688 1972 narratio
709 1921 774 1971 aute
799 1913 908 1987 omnia,
931 1913 957 1970 si
980 1912 1059 1989 prius
1067 1914 1101 1970 oi

60 1992 288 2054 consuluerimus
304 2004 434 2054 nostrum
448 1996 579 2072 animum,
595 2014 632 2055 ne
651 1995 719 2076 quid
734 2005 852 2056 naturae
867 1996 995 2055 dicamus
1010 1994 1058 2055 ad·

58 2095 191 2147 versum;
213 2079 317 2139 deinde
338 2080 363 2137 si
378 2096 480 2140 causas
497 2097 532 2140 ac
547 2081 675 2140 rationes
691 2080 776 2140 iactis
791 2079 1057 2158 praeposuerimus,

59 2177 117 2221 non
139 2160 270 2223 omnibus
292 2163 345 2224 sed
370 2164 406 2223 de
429 2162 532 2241 quibus
555 2165 716 2241 quaesitum
739 2165 763 2223 si
786 2179 928 2242 personas
951 2178 1058 2221 conve·

59 2247 172 2307 trientes
195 2244 259 2323 his,
283 2264 358 2325 quae
379 2248 456 2307 iacta
477 2246 557 2307 credi
577 2247 727 2322 volemus,
751 2247 1000 2322 constituerimus,
1028 2254 1059 2305 ut

58 2330 126 2391 furti
147 2349 229 2390 reum
254 2332 402 2408 cupidum,
426 2330 561 2390 adulterii
584 2329 783 2405 libidinosum,
802 2329 948 2389 homicidii
968 2337 1058 2389 teme·

57 2417 180 2490 ratium,
202 2413 252 2473 vel
274 2423 390 2490 contra,
411 2415 436 2473 si
455 2412 662 2480 defendemus;
683 2420 837 2490 praeterea
857 2413 924 2471 loca
940 2421 970 2471 et
987 2421 1057 2471 tem·

58 2513 132 2575 pora
148 2506 178 2556 et
196 2497 241 2556 his
257 2497 369 2558 similia.
406 2496 460 2556 Est
476 2505 572 2556 autem
588 2495 702 2574 quidam
717 2497 802 2554 etiam
818 2496 920 2555 ductus
936 2496 979 2554 rei
996 2498 1101 2554 cre-63

58 2580 171 2654 dibilis,
194 2580 288 2658 qualis
303 2583 332 2640 in
347 2580 507 2640 comoediis
528 2580 613 2639 etiam
629 2586 658 2638 et
673 2580 701 2638 in
716 2579 817 2638 mimis.
856 2576 961 2656 Aliqua
985 2579 1059 2637 enim

57 2663 227 2724 naturaliter
242 2673 402 2743 sequuntur
417 2672 446 2722 et
462 2664 636 2739 cohaerent,
654 2671 698 2739 ut,
717 2662 741 2721 si
757 2663 854 2740 priora
871 2661 946 2721 bene
962 2679 1059 2722 narra·

56 2748 147 2823 veris,
166 2746 255 2806 iudex
270 2749 345 2825 ipse,
365 2747 442 2828 quod
459 2757 563 2825 postea
579 2749 619 2806 sis
634 2754 812 2821 narraturus,
830 2754 977 2824 expectet.
1013 2744 1102 2804 Nem

56 2830 130 2890 illud
157 2830 273 2907 quidem
296 2831 383 2890 inerit
408 2830 526 2907 inutile,
559 2831 668 2891 semina
694 2829 834 2906 quaedam
857 2828 1060 2908 probationum

58 2931 220 2992 spargere,
240 2932 341 2974 verum
357 2915 416 2990 sic,
439 2923 469 2973 ut
484 2917 677 2975 narrationem
693 2931 762 2973 esse
776 2914 987 2972 meminerimus
1002 2929 1060 2970 nou

56 2995 270 3076 probationem.
315 2996 522 3076 Nonnunquam
543 3007 638 3057 tamen
659 2998 744 3056 etiam
769 3005 937 3072 argumento
961 2996 1059 3073 aliquo

58 3080 308 3158 confirmabimus,
335 3081 412 3159 quod
427 3084 683 3160 proposuerimus,
704 3079 757 3140 sed
772 3080 896 3158 simplici
918 3089 947 3139 et
965 3079 1058 3155 brevi,

56 3173 88 3224 ut
103 3166 132 3224 in
147 3165 314 3225 veneficiis:
336 3164 441 3226 Sumus
463 3166 552 3243 bibit,
571 3168 674 3227 rtatim
687 3165 839 3239 concidit,
861 3164 941 3225 livor
956 3181 996 3226 uc
1011 3172 1060 3225 tu-

56 3267 127 3309 mor
141 3250 301 3328 confestim
315 3257 361 3311 est
374 3251 538 3310 insecutus.
567 3247 632 3308 Hoc
649 3248 758 3308 iaciunt
773 3256 803 3306 et
819 3246 888 3306 iliae
903 3256 1101 3326 praepura-55

56 3332 168 3408 tiones,
193 3350 258 3392 cum
274 3350 342 3391 reus
359 3332 462 3393 dicitur
477 3331 630 3407 robustus,
654 3340 778 3392 armatus
797 3339 898 3390 contra
919 3332 1057 3407 iniirmos,

56 3415 201 3493 inermes,
222 3432 354 3473 securos.
392 3414 491 3473 Omnia
512 3416 654 3494 denique,
674 3431 749 3493 quae
766 3413 938 3493 probatione
952 3424 1057 3476 tracta·
