2566 4026
156 145 216 208 tac
471 155 838 216 amnemamnem

153 312 219 374 dnm
239 313 304 391 ipsc
326 311 451 385 vixerit,
475 310 579 389 quibus
603 311 713 370 meritis
735 310 827 371 fretus
853 310 889 371 ad
912 311 1082 389 petitionem
1103 313 1154 374 de·

154 391 323 456 scanderit?
349 393 409 454 Aut
420 394 468 473 qui
483 394 708 472 repetundarum
724 395 843 454 crimine
859 394 1078 472 insimulabitnr,
1096 414 1156 457 non

154 488 185 539 et
199 487 361 540 anteactam
376 479 479 554 vitam,
504 487 533 537 et
551 477 655 556 quibus
671 477 707 537 de
730 477 826 538 causis
843 479 1022 556 provinciam
1038 481 1154 539 univer·

154 580 216 623 sam
240 562 289 622 vel
311 570 514 622 accusatorem
542 569 591 620 aut
616 568 721 620 testem
744 561 916 638 offenderit,
938 578 995 621 non
1017 563 1156 623 inutiliter

112 642 304 724 lbexponotl
336 643 418 717 Quae
441 645 466 704 si
489 644 616 704 narratio
637 660 696 703 non
719 653 780 720 est,
804 663 840 704 ne
859 645 909 705 illa
933 647 1048 724 quidem
1069 645 1154 706 (iice-

154 729 233 789 ronis
255 745 310 807 pro
333 726 468 788 Cluentio
489 729 595 805 prima,
623 728 703 787 cuins
728 737 774 787 est
794 729 917 788 initium:
939 727 978 789 A.
1001 727 1157 791 Cluentius

158 811 293 873 liabitas.
325 810 404 871 Nihil
426 812 501 871 enim
515 811 562 870 hic
579 810 616 872 de
630 811 775 870 venalicio
792 812 897 871 sedda
914 814 1027 888 causis,
1052 813 1155 892 quibus

114 897 181 955 liei
196 903 289 955 mater
303 896 417 955 inimica
433 897 484 971 sit,
503 895 582 955 dicit.
618 893 691 954 Illae
707 912 824 974 quoque
839 904 904 954 sunt
921 899 1101 974 pertinentes
1121 897 1156 957 ad

155 996 272 1053 causam
287 979 339 1039 sed
355 995 413 1037 non
428 979 519 1056 ipsius
541 995 646 1038 causae
662 981 860 1038 narrationes:
882 979 931 1039 vel
948 980 1074 1058 exempli
1089 999 1155 1058 gra-

154 1065 193 1123 tia
207 1071 239 1122 ut
249 1064 278 1121 in
288 1061 413 1122 Verrem
429 1062 465 1121 de
475 1060 507 1121 t.
517 1061 655 1137 Domitio,
672 1063 720 1140 qui
735 1071 901 1140 pastorem,
917 1064 995 1142 quod
1006 1065 1031 1123 is
1044 1082 1155 1142 aprum,

156 1163 242 1226 quem
262 1147 318 1224 ipsi
342 1148 453 1205 muneri
475 1145 636 1221 obtulerat,
659 1155 814 1223 exceptum
836 1164 905 1206 esse
927 1164 992 1206 ase
1009 1147 1156 1207 venabulo

114 1231 147 1287 18
157 1229 310 1290 confessus
327 1239 426 1304 esset,
449 1232 478 1289 in
495 1247 612 1289 crucem
628 1229 758 1298 sustulit;
782 1229 831 1289 vel
847 1229 1019 1291 discutiendi
1035 1231 1157 1291 alicuius

156 1315 338 1374 extrinsecus
354 1314 495 1390 criminis,
513 1322 545 1373 ut
560 1330 614 1390 pro
630 1311 748 1373 Rabirio
765 1313 917 1373 Postumo:
940 1312 1020 1377 Nom
1035 1323 1068 1375 ut
1082 1332 1156 1375 cea-

154 1407 216 1459 tum
229 1394 456 1460 Alexandriam
470 1405 532 1473 est,
546 1398 683 1473 iudices,
697 1397 776 1458 baec
790 1415 854 1458 una
868 1399 950 1459 ratio
962 1417 985 1460 u
998 1416 1071 1477 repe
1081 1416 1156 1477 pro-

151 1481 255 1560 posita
273 1480 413 1542 Postumo
428 1489 473 1542 cst
491 1481 668 1542 servandac
684 1480 857 1560 paeoniae,
882 1483 911 1542 si
924 1483 1113 1543 curationem
1128 1489 1158 1542 ct

155 1564 246 1641 quusi
262 1565 519 1642 dispunctionem
539 1565 656 1642 rapiam
673 1566 859 1643 suscepisset
864 1587 878 1634 ,·
900 1564 951 1624 vel
967 1564 1107 1642 augendi,
1127 1572 1158 1623 nt

155 1646 330 1708 describitur
344 1649 400 1706 iter
414 1647 526 1706 Verris.

115 1743 149 1798 19
240 1728 322 1791 Ficta
342 1731 455 1791 interim
476 1731 601 1790 narratio
623 1729 766 1790 introduci
783 1730 861 1790 solet
884 1730 933 1789 vel
950 1730 986 1790 ad
1010 1733 1152 1790 concitan«

155 1815 210 1875 dos
228 1813 339 1874 iudices
356 1823 387 1873 ut
409 1832 462 1892 pro
479 1814 588 1873 Roscio
612 1815 690 1874 circa
707 1810 949 1891 Chrysogonum,
970 1814 1052 1873 cuius
1067 1813 1155 1891 paulo

155 1907 223 1959 ante
238 1896 325 1958 habui
340 1900 529 1965 mentionem;
549 1897 598 1957 vel
614 1897 649 1957 ad
664 1896 857 1958 resolvendos
873 1896 971 1974 aliqua
984 1896 1156 1971 urbanitate,

154 1990 186 2041 nt
201 1998 256 2060 pro
272 1981 407 2042 Cluentio
423 1984 500 2042 circa
517 1982 623 2042 fratres
640 1980 798 2060 cepasios;
820 1980 963 2041 interdum
977 1998 1032 2060 per
1046 1981 1156 2058 digres-

155 2066 268 2125 sionem
290 2065 408 2125 decoris
430 2067 538 2143 gratia,
562 2065 655 2144 qualis
676 2084 775 2125 rursus
798 2067 827 2125 in
842 2063 965 2124 Verrem
986 2065 1021 2125 de
1038 2065 1157 2125 Proser·

155 2150 222 2227 pina
251 2147 300 2227 [In
321 2148 369 2210 lu's
391 2152 546 2227 quondam
565 2151 642 2211 locis
661 2159 760 2211 motor
778 2149 875 2227 filiam
896 2150 1055 2224 quoesisse
1076 2151 1156 2210 dici-

155 2233 231 2312 aaa]
273 2231 356 2306 Quae
379 2235 472 2293 omnia
495 2250 532 2292 eo
553 2235 716 2312 pertinent,
746 2242 778 2292 ut
800 2240 957 2311 appareat,
979 2250 1037 2292 non
1058 2233 1158 2312 ntique

156 2333 215 2376 non
235 2334 353 2376 narrare
377 2335 442 2377 enm
458 2319 506 2396 qui
526 2327 630 2395 negat,
653 2317 707 2378 sed
729 2316 800 2376 illntl
823 2318 917 2396 ipsum
940 2334 1059 2377 narrare
1081 2317 1159 2396 quod

156 2409 254 2478 negat.

115 2487 151 2540 2⁰
240 2483 286 2544 Ne
301 2484 359 2545 hoc
374 2485 491 2562 quidem
506 2485 677 2562 simpliciter
692 2483 908 2562 accipiendum,
925 2487 1003 2564 quod
1021 2493 1066 2544 ost
1082 2502 1097 2543 a
1113 2501 1159 2542 me

156 2568 300 2646 positum,
331 2586 399 2627 csse
426 2587 637 2647 supervacuam
661 2570 855 2629 narrationem
877 2568 936 2644 rei,
966 2586 1051 2646 quam
1071 2566 1159 2625 index

157 2653 288 2720 noverit;
313 2652 391 2730 qnod
407 2653 450 2712 sic
472 2652 594 2730 intelligi
613 2652 699 2728 volo,
719 2652 744 2710 si
764 2667 822 2710 non
842 2650 945 2723 modo,
969 2649 1037 2727 quid
1052 2648 1158 2707 lactum

159 2736 212 2811 sit,
235 2737 326 2811 sciet,
347 2734 400 2794 sed
418 2737 457 2796 ita
475 2735 582 2796 iactum
598 2737 701 2811 etiam,
721 2742 752 2794 nt
769 2733 854 2794 nobis
871 2731 1004 2810 expedit,
1028 2729 1156 2808 opinabi-

115 2819 150 2873 21
159 2826 213 2877 tur.
251 2818 355 2899 Neque
372 2820 448 2878 enim
462 2821 589 2879 narratio
606 2821 634 2877 in
649 2820 706 2879 hoc
722 2826 842 2896 reperta
856 2824 918 2890 est,
940 2822 971 2873 ut
985 2823 1092 2874 tantum
1108 2828 1157 2872 co-

157 2912 282 2979 gnoscat
298 2903 404 2977 index,
429 2903 481 2962 sed
497 2903 645 2980 aliquanto
660 2902 768 2979 magis,
790 2911 821 2960 ut
836 2899 1007 2959 consentiat.
1048 2896 1156 2971 Quare,

159 2987 345 3046 etiamsinon
360 2987 415 3045 erit
433 2986 583 3046 docendus
600 2986 653 3046 sed
668 2985 766 3063 aliquo
781 2983 868 3043 modo
886 2981 1071 3054 alliciendus,
1093 2997 1157 3039 nar·

157 3069 283 3129 rabimus
300 3087 365 3129 cum
379 3070 604 3149 praeparatione
625 3068 763 3148 quadam:
790 3068 873 3130 scire
895 3067 1018 3143 paidom
1039 3083 1107 3126 eum
1126 3065 1158 3122 ia

156 3171 316 3229 summam,
329 3154 404 3230 qaid
418 3156 482 3216 aeti
494 3156 544 3230 sit,
559 3161 660 3214 tamea
670 3152 820 3214 rationem
832 3166 950 3229 quoquc
962 3149 1041 3228 facti
1057 3148 1157 3208 caius·

114 3245 216 3314 abque
237 3255 423 3314 ooqaoccerc
442 3256 482 3298 ne
501 3245 658 3317 procetur.
704 3233 822 3295 Interim
842 3241 964 3313 propter
985 3232 1111 3310 aliquem
1130 3232 1158 3289 in

158 3318 311 3378 consilium
333 3320 489 3381 adhibitum
511 3336 565 3379 nos
588 3328 726 3398 repetere
751 3318 802 3378 illa
827 3317 1011 3392 simulemus,
1033 3316 1157 3390 interim,

157 3410 188 3461 nt
202 3403 258 3480 rei,
274 3421 349 3485 quae
365 3421 402 3463 ex
418 3404 542 3464 adverso
556 3411 747 3482 proponatur,
763 3401 940 3480 iniquitatem
956 3417 1056 3460 omnes
1073 3400 1158 3459 etiam
