2566 4026
194 220 256 283 240
537 231 574 281 rr.
594 229 673 279 nnn.
695 228 913 292 sursumsu-

194 406 395 469 nonnunquam
414 389 520 448 excidit
540 389 604 466 ipsa
624 384 777 446 simulatio.
809 384 880 446 Inde
897 387 1088 451 immodeste
1112 408 1208 472 propo

153 486 186 539 13
195 483 274 549 nunt,
291 476 353 533 sine
370 473 482 551 pudore
498 471 648 532 affirmant.
679 470 815 548 Sequitur
830 471 920 547 iniis,
938 489 1022 551 quae
1041 484 1160 535 certum
1174 485 1209 536 est

195 558 273 618 effici
288 575 346 617 non
363 573 470 634 posse,
495 555 633 615 deformis
653 555 811 632 pertinacia
830 563 859 614 et
880 555 982 615 irritus
999 557 1108 618 labor.
1147 557 1209 620 Nan

194 645 269 702 sicut
289 643 317 700 in
340 641 444 700 vitain
467 641 562 698 causis
586 655 703 718 quoque
727 655 797 715 spes
819 637 969 716 improbas
985 639 1118 703 babent.
1149 641 1209 703 Fre·

195 733 318 804 quenter
343 732 438 783 autem
460 722 580 799 accidit,
609 731 639 781 ut
665 721 708 781 his
731 722 817 780 etiam
842 740 913 782 vera
939 722 1122 786 dicentibus
1145 727 1209 788 fides

194 809 279 884 desit,
296 808 486 886 videaturque
501 806 566 867 talis
583 805 741 866 advocatus
756 805 851 866 maiae
867 823 976 866 causae
992 820 1208 886 argumentum.

153 904 187 956 14
282 891 365 952 Nunc
386 891 423 952 de
446 893 480 950 iis
503 890 655 950 dicendum
678 898 741 964 est,
764 907 838 967 quae
861 889 928 949 mihi
951 895 1043 969 quasi
1062 897 1209 974 conspira-

197 979 277 1037 tione
295 975 416 1054 quadam
434 974 514 1052 vulgi
535 974 687 1034 reclamari
705 973 847 1033 videntur.
879 972 987 1034 Orator
1003 994 1088 1055 ergo
1105 977 1208 1040 Demo·

193 1060 312 1120 sthenes
337 1055 485 1119 nonfuit?
508 1060 586 1136 atqui
608 1057 711 1117 malum
733 1059 825 1117 virum
848 1059 1031 1135 accepimus.
1073 1061 1147 1123 Non
1170 1062 1209 1123 ci-

194 1141 286 1204 cero?
302 1145 380 1221 atqui
394 1143 477 1203 buius
494 1159 611 1220 quoque
626 1158 723 1200 mores
738 1141 819 1201 multi
834 1140 1108 1219 reprehenderunt.
1141 1146 1210 1222 Quid

195 1225 299 1306 agam?
315 1245 417 1304 magna
432 1228 569 1304 responsi
583 1225 690 1284 invidia
706 1224 853 1286 subeunda
871 1232 926 1302 est,
942 1227 1134 1305 mitigandae
1152 1238 1211 1290 suut

151 1313 271 1390 15prius
289 1329 384 1372 aures.
417 1309 486 1371 blihi
509 1310 584 1370 enim
606 1327 662 1369 nec
678 1308 894 1370 Demosthenes
915 1317 973 1370 tam
990 1314 1083 1388 gravi
1099 1332 1209 1375 moron

194 1397 297 1473 dignus
312 1395 425 1455 videtur
440 1394 563 1470 invidia,
588 1402 619 1453 ut
643 1394 755 1471 omnia,
782 1394 907 1474 quaein
931 1411 997 1453 eum
1019 1395 1061 1455 ab
1085 1398 1209 1459 inimicis

194 1487 335 1557 congesta
350 1488 429 1554 sunt,
454 1478 587 1554 credam,
611 1496 675 1537 oum
697 1477 889 1556 pulcherrima
908 1478 1014 1537 sinsin
1031 1498 1069 1539 re
1090 1482 1209 1560 publica

151 1563 315 1627 loconsilia
342 1573 370 1623 et
397 1563 482 1622 iinem
509 1563 586 1622 vitae
616 1561 724 1621 clarum
749 1560 860 1639 legam;
898 1579 954 1621 nec
976 1559 1086 1623 blanco
1113 1565 1209 1627 Tullio

194 1647 324 1708 defuisse
339 1647 426 1706 video
450 1647 478 1704 in
499 1645 559 1705 ulla
576 1653 658 1722 parte
675 1645 745 1705 civis
761 1645 861 1725 optimi
875 1645 1070 1706 voluntatem.
1115 1648 1208 1710 Testi-

192 1732 288 1792 monio
302 1739 347 1789 est
358 1737 440 1789 actus
455 1728 634 1788 nobilissime
653 1728 829 1805 consulatus,
845 1729 1035 1807 integerrime
1052 1735 1210 1810 provincia

193 1814 386 1875 administrata
410 1821 439 1872 et
461 1812 628 1890 repudiatus
651 1813 876 1889 vigintiviratus,
900 1821 930 1872 et
948 1812 1088 1876 civilibus
1107 1816 1208 1893 bellis,

193 1898 312 1977 quaein
328 1905 453 1956 aetatem
469 1896 531 1955 eius
546 1896 717 1972 gravissima
732 1897 903 1973 inciderunt,
921 1914 1018 1976 neque
1034 1917 1094 1978 spe
1110 1919 1208 1982 nequa
1253 1929 1254 1932 ¹

191 1989 269 2040 metu
288 1979 451 2039 declinatus
469 1980 595 2056 animus,
619 1996 676 2058 quo
699 1982 791 2041 minus
814 1981 930 2060 optimis
950 1998 982 2041 se
997 1982 1157 2062 partibus,
1182 1983 1207 2045 id

151 2070 184 2125 17
193 2073 238 2125 est
253 2064 296 2123 rei
311 2062 463 2142 publicae,
485 2065 629 2141 iungeret.
666 2065 768 2125 Parum
789 2065 872 2125 fortis
887 2065 1002 2124 videtur
1017 2066 1207 2144 quibusdam,

193 2147 297 2228 quibus
326 2148 433 2226 optime
459 2148 611 2226 respoudit
635 2150 715 2227 ipse,
745 2169 805 2210 mon
828 2169 860 2210 se
883 2151 1021 2210 timidum
1043 2152 1080 2212 t'n
1103 2155 1208 2215 mesci-

189 2233 314 2312 pa‘evtdt's
328 2234 386 2294 sed
399 2234 431 2294 io
445 2234 650 2311 providendis
662 2234 831 2311 patiemim
860 2233 937 2311 quod
953 2231 1095 2311 probavit
1110 2246 1206 2297 morte

151 2322 185 2377 18
193 2334 309 2396 quoque
327 2318 407 2395 ipsa,
433 2335 517 2395 quam
532 2318 782 2395 praestantissimo
798 2318 928 2395 suscepit
944 2318 1048 2376 animo.
1092 2318 1206 2394 Quodsi

193 2401 285 2462 defuit
299 2402 344 2461 bis
360 2402 429 2460 viris
447 2419 555 2461 summa
570 2403 676 2460 virtus:
705 2402 748 2460 sic
763 2400 987 2479 quaerentibus,
1011 2417 1047 2461 an
1067 2413 1205 2464 oratores

191 2486 314 2559 fuerint,
339 2483 544 2563 respondebo,
569 2484 715 2563 quomodo
732 2485 839 2560 Stoici,
861 2485 886 2543 si
909 2485 1148 2564 interrogentur,
1171 2506 1205 2549 au

193 2571 309 2647 sapiens
334 2568 433 2645 Zeno,
454 2587 489 2628 an
513 2566 686 2644 Cleanthes,
711 2585 746 2627 an
765 2566 962 2647 Chrysippus,
988 2570 1203 2648 respondeant,

192 2650 322 2730 Moqoos
343 2653 466 2730 quidem
481 2653 550 2712 iiior
571 2671 612 2713 oc
625 2653 833 2728 venerabiies,
853 2672 913 2713 nort
927 2662 1028 2713 tomen
1041 2654 1095 2730 td,
1121 2655 1205 2733 quod

150 2739 305 2797 limatura
324 2737 453 2798 bominis
472 2754 621 2797 sommum
644 2736 751 2812 bobct,
780 2744 967 2797 consecutos
1002 2734 1078 2796 Nam
1102 2747 1132 2797 et
1149 2738 1203 2815 Py·

192 2819 331 2897 thagoras
353 2837 411 2879 non
434 2820 595 2897 sapientem
619 2838 668 2895 se,
695 2821 796 2899 utqui
819 2828 969 2879 antaeum
990 2818 1125 2897 fuerunt,
1150 2820 1203 2881 sed

192 2904 351 2963 studiosum
378 2905 538 2981 sapientiae
561 2905 662 2964 vocari
687 2902 787 2962 voluit.
826 2902 892 2981 Ego
918 2912 1015 2963 tamen
1040 2905 1202 2965 secundum

192 3004 372 3047 communem
398 2987 536 3066 loquendi
563 2986 800 3047 consuetudinem
828 3005 919 3066 saepe
945 2986 1005 3046 dixi
1034 2987 1202 3067 dicamque,

191 3071 355 3150 perfectum
371 3080 517 3131 oratorem
535 3089 602 3130 esse
620 3069 807 3140 ciceronem
826 3080 854 3130 ut
874 3072 982 3130 amicos
999 3079 1029 3131 et
1043 3070 1142 3132 bonos
1160 3074 1201 3133 vi-

191 3173 241 3215 ros
257 3165 287 3215 et
308 3155 549 3234 prudentissimos
567 3155 686 3215 dicimus
701 3155 809 3232 vulgo,
832 3170 954 3233 quorum
972 3153 1043 3215 nihil
1058 3156 1116 3216 nisi
1133 3175 1201 3236 per·

191 3240 271 3299 iecte
296 3240 420 3319 sapienti
445 3239 536 3300 datur.
569 3239 628 3299 Sed
650 3257 713 3325 cum
733 3240 853 3318 proprie
877 3247 906 3298 et
927 3237 963 3298 ad
985 3237 1084 3316 legem
1108 3242 1202 3320 ipsam

191 3325 322 3383 veritatis
342 3324 518 3402 loquendum
534 3325 603 3382 erit:
627 3341 691 3383 emn
712 3338 850 3400 quaeram
873 3331 1035 3399 oratorem,
1059 3341 1147 3402 quem
1172 3334 1201 3386 et

148 3405 242 3467 toille
268 3406 437 3485 quaerebat.
475 3407 643 3485 Quanquam
671 3407 746 3466 enim
770 3407 888 3467 stetisse
911 3407 1006 3486 ipsum
1028 3406 1059 3466 in
1079 3408 1200 3488 fastigio

191 3488 301 3566 fateor,
318 3509 353 3550 ac
369 3493 434 3568 vix,
452 3492 529 3573 quid·
540 3492 624 3552 adiici
640 3492 784 3570 potuerit,
807 3492 939 3569 invenio,
955 3490 1084 3553 iortasse
1099 3494 1200 3554 inven-
