2566 4026
367 162 769 229 rnsr.cnnr01c.n1e.x1,
787 161 813 215 3.
1024 152 1085 212 219

75 321 219 396 linguntur
230 319 399 392 imitatione,
413 326 504 376 artem
516 316 638 386 babent;
659 315 712 376 sed
724 317 752 376 hl
764 327 864 377 carent
876 327 985 394 natura,
1004 320 1084 380 ideo·

76 423 133 482 que
149 404 177 461 in
191 403 225 460 iis
239 403 359 481 primum
375 411 419 460 est
430 401 506 460 bene
523 401 600 460 albei
613 410 641 460 et
655 401 814 478 concipere
831 403 972 479 imagines
987 421 1084 463 rerum

76 498 105 547 et
121 497 253 564 tauquam
269 487 348 545 veris
367 486 488 544 moveri.
527 485 577 544 Sic
592 484 671 544 velut
691 484 786 545 media
801 502 877 561 vox,
903 504 988 564 quem
1003 486 1083 546 habi-

75 581 131 630 tum
149 570 266 639 anobis
282 570 447 647 acceperit,
469 568 544 628 bunc
566 569 690 628 iudicum
706 569 805 628 animis
823 568 909 629 dabit.
940 568 993 629 Est
1009 571 1085 629 euim

75 655 176 715 mentis
194 654 282 713 index
300 671 335 713 ac
352 653 483 729 totidem,
503 661 573 730 quot
590 652 650 728 illa,
667 653 840 712 mutationes
855 652 953 712 habet.
984 652 1126 733 ltaqueoa

74 739 159 799 laetis
181 740 209 797 in
223 737 313 797 rebus
328 737 415 815 plena
432 746 460 796 et
478 736 603 814 simplex
625 745 654 795 et
671 737 733 814 ipsa
752 736 963 814 quodammodo
985 736 1084 797 hilaris

73 823 149 890 iluit;
172 823 201 881 in
217 823 373 881 certamine
391 830 490 880 erecta
508 821 576 880 totis
594 820 704 879 viribus
725 829 754 879 et
771 821 851 880 velut
870 821 1002 880 omnibus
1017 839 1082 880 uer·

72 908 116 965 vis
141 907 305 966 intenditur.
343 904 437 965 Atrox
458 905 486 964 in
507 905 550 963 ira
574 913 603 963 et
626 922 733 982 aspera
755 922 790 964 ac
806 904 896 965 densa
914 914 942 964 ct
957 906 1083 983 respira·

72 993 152 1050 tione
174 989 289 1050 crebra.
323 987 427 1067 Neque
446 990 521 1048 euim
536 997 635 1066 potest
653 1005 721 1047 esse
737 987 842 1064 longus
860 989 995 1066 spiritus,
1020 1007 1083 1048 cum
1111 987 1113 994 ’

72 1074 260 1135 immoderate
284 1073 445 1132 effunditur.
489 1072 607 1132 Paulum
629 1072 657 1130 in
679 1071 785 1130 invidia
810 1072 943 1132 iacienda
965 1072 1082 1148 lentior,

72 1160 138 1237 quia
160 1175 218 1217 uon
240 1158 304 1217 lere
327 1157 363 1216 ad
379 1155 454 1215 hauc
469 1156 523 1214 nisi
539 1156 694 1216 inferiores
715 1155 897 1232 confugiunt;
919 1166 947 1216 at
959 1156 988 1214 iu
1003 1156 1083 1216 blan·

72 1243 195 1317 diendo,
212 1241 350 1316 latendo,
369 1238 591 1316 satisfaciendo,
615 1239 764 1316 rogando,
787 1240 862 1300 leuis
879 1249 907 1300 et
923 1241 1082 1300 summissa.

72 1325 257 1386 Suadentium
286 1333 315 1384 et
336 1326 510 1383 monentium
535 1333 564 1383 et
591 1323 789 1402 pollicentium
818 1333 848 1384 et
875 1324 1127 1386 consolantiumbd

71 1411 179 1487 gravis.
210 1408 242 1468 lu
259 1416 377 1468 metuet
391 1407 569 1468 verecundia
585 1416 744 1484 contracta,
759 1408 1009 1469 adhortationibus
1024 1409 1083 1468 ior·

71 1496 118 1569 tis,
139 1491 379 1570 disputationibus
395 1501 486 1568 teres,
502 1491 687 1552 miseratione
704 1491 781 1552 ilexa
798 1501 827 1551 et
844 1492 951 1552 debilis
968 1501 996 1551 et
1016 1510 1083 1552 con·

73 1577 148 1636 sulto
171 1578 253 1655 quasi
280 1575 447 1644 obscuri0r;
471 1585 499 1636 at
524 1577 552 1634 in
580 1575 800 1653 egressionibus
822 1577 886 1636 lusa
909 1586 938 1636 et
960 1593 1083 1636 securae

73 1660 227 1736 claritatis,
254 1662 282 1718 iu
299 1661 483 1737 expositione
506 1678 541 1719 ac
564 1659 746 1720 sermonibus
767 1670 848 1720 recta
875 1669 903 1720 et
926 1662 1000 1720 inter
1016 1678 1082 1720 acu·

72 1755 129 1804 tum
152 1763 252 1808 sonum
274 1752 303 1803 et
321 1762 442 1820 gravem
464 1745 567 1804 media.
597 1744 748 1804 Attollitur
763 1755 857 1805 autem
874 1745 1025 1804 concitatis
1041 1744 1130 1804 aidb

70 1828 213 1904 lectibus,
239 1829 407 1906 compositis
424 1829 576 1889 descendit
593 1846 646 1907 pro
664 1829 812 1907 utriusque
830 1830 874 1888 rei
890 1829 977 1890 modo
998 1829 1083 1888 altius

69 1913 119 1972 vel
134 1914 264 1973 iuferius.

157 1996 232 2069 Quid
253 2005 347 2056 autem
363 1998 485 2076 quisque
509 1999 537 2056 in
557 1996 680 2057 diceudo
699 1997 828 2076 postulet
846 1999 946 2074 locus,
967 1997 1083 2075 paulum

72 2079 221 2155 differam,
249 2088 278 2137 ut
302 2080 338 2138 de
360 2089 466 2155 gestu
487 2082 566 2157 prius
589 2080 698 2156 dicam,
726 2083 774 2159 qui
798 2090 827 2140 et
848 2082 912 2160 ipse
930 2082 997 2141 voci
1015 2099 1082 2141 con·

71 2163 157 2222 sentit
182 2171 209 2221 et
231 2163 324 2221 animo
347 2179 410 2221 cum
430 2180 466 2221 ea
489 2161 573 2220 simul
597 2173 690 2240 paret.
720 2163 749 2223 Is
771 2173 906 2242 quantum
927 2164 1034 2224 habeat
1055 2167 1084 2222 iu

70 2255 188 2306 oratore
205 2246 350 2321 momenti,
369 2245 439 2305 satis
454 2244 503 2304 vel
520 2263 557 2303 ex
573 2262 609 2303 eo
626 2254 723 2323 patet,
743 2246 823 2324 quod
839 2247 982 2325 pleraque
999 2249 1084 2307 etiam

71 2332 142 2390 citra
163 2329 256 2389 verba
282 2329 433 2406 significat.
472 2326 588 2406 Quippe
610 2346 668 2388 uon
692 2347 791 2389 manus
813 2330 906 2390 solum
930 2330 984 2389 sed
1001 2337 1126 2394 nutusto

73 2415 158 2474 etiam
175 2413 325 2474 declarant
340 2422 468 2473 nostram
488 2412 664 2473 voluntatem
688 2422 715 2472 et
733 2414 860 2472 inmotis
876 2430 930 2492 pro
948 2431 1082 2474 sermone

72 2507 147 2574 sunt,
165 2507 194 2558 et
210 2498 323 2558 saltatio
339 2498 509 2576 frequenter
524 2498 585 2556 sine
598 2514 673 2557 voce
690 2497 860 2574 intelligitur
877 2507 964 2577 atque
981 2496 1081 2573 aflicit,

72 2591 160 2642 etex
181 2582 262 2642 vultu
290 2583 482 2661 ingressuque
510 2583 686 2661 perspicitur
708 2581 823 2642 babitus
845 2583 1020 2651 animorum
1055 2592 1083 2643 et

71 2667 233 2727 animalium
255 2685 371 2746 quoque
393 2685 528 2727 sermone
551 2667 707 2727 carentium
722 2668 781 2742 ira,
806 2667 931 2742 laetitia,
956 2666 1082 2726 adulatio

71 2760 100 2810 et
124 2751 217 2810 oculis
239 2760 268 2809 et
291 2751 460 2829 quibusdam
484 2751 548 2812 aliis
573 2752 706 2829 corporis
730 2752 819 2828 signis
844 2749 1080 2829 deprehenditur.

69 2833 135 2894 Nec
150 2835 265 2909 mirum,
290 2837 314 2893 si
330 2836 403 2910 ista,
429 2853 503 2913 quae
520 2844 615 2895 tamen
633 2837 660 2894 iu
676 2835 774 2913 aliquo
790 2836 886 2913 posita
908 2845 972 2895 sunt
993 2843 1123 2910 motu,67

69 2927 177 2977 tantum
193 2920 221 2977 in
236 2919 336 2978 animis
351 2918 468 2993 valent,
486 2937 550 2978 cum
565 2919 696 2997 pictura,
714 2927 816 2978 tacens
832 2936 906 2998 opus
925 2928 954 2978 et
968 2918 1082 2978 habitus
1144 2973 1146 2978 ,

71 3020 190 3080 semper
211 3003 358 3078 eiusdem,
383 3003 425 3062 sic
448 3003 477 3060 in
496 3003 611 3062 intimos
626 3011 762 3082 penetret
779 3003 919 3079 affectus,
942 3012 973 3062 ut
989 3004 1081 3081 ipsam

71 3087 126 3143 vim
145 3086 259 3146 dicendi
275 3104 475 3164 nonnunquam
491 3104 631 3164 superare
645 3087 785 3148 videatur.
816 3085 922 3147 Contra
939 3088 964 3146 si
980 3095 1081 3164 gestus

71 3187 106 3227 ac
121 3168 216 3227 vultus
233 3169 269 3229 ab
286 3171 417 3231 oratione
434 3170 617 3246 dissentiant,
635 3171 727 3231 tristia
745 3170 873 3231 dicamus
889 3170 1015 3247 hilares,
1039 3168 1080 3230 ai-

71 3251 215 3310 firmemus
238 3253 332 3332 aliqua
354 3262 527 3314 renuentes:
555 3271 613 3314 non
634 3255 790 3315 auctoritas
810 3255 896 3315 modo
911 3255 1009 3315 verbis
1026 3253 1080 3314 sed

72 3335 157 3395 etiam
179 3336 251 3395 tides
276 3337 359 3396 desit.
396 3337 497 3398 Decor
520 3356 636 3417 quoque
659 3349 775 3416 agestu
793 3349 879 3417 atque
901 3357 917 3400 a
935 3349 1012 3400 motu
1027 3357 1078 3399 vc-

70 3420 119 3478 uit.
150 3419 280 3499 Ideoque
298 3421 512 3483 Demosthenes
535 3423 645 3502 grande
669 3423 812 3502 quoddam
835 3425 949 3484 intuens
973 3431 1121 3502 specu-68
1221 3424 1248 3497 J
