2566 4026
357 162 446 210 rnen.
470 161 619 210 onnroa.
642 162 711 209 ure.
735 163 786 228 ιιι,
816 158 881 213 ta.
1062 150 1119 212 135

113 316 337 379 Lacedaemone
352 316 445 377 studia
464 317 622 378 litterarum
637 334 721 394 quam
740 317 861 377 Athenis
879 318 1007 379 honores
1025 337 1118 380 mere·

113 402 239 476 buntur,
269 400 335 478 plus
358 402 496 478 patientia
519 420 554 462 ac
567 399 716 461 fortitudo.
761 401 857 480 Rapto
879 405 980 463 vivere
1002 403 1118 481 quibus·

115 486 182 546 dam
200 484 369 559 honestum,
393 486 456 545 aliis
480 504 548 545 cura
570 485 677 562 legum.
720 482 883 562 Frugalitas
906 488 982 565 apud
1002 487 1118 562 Sybari·

115 580 162 630 tas
184 569 307 629 forsitan
328 568 395 628 odio
413 569 505 647 foret,
529 568 678 629 veteribus
695 567 832 628 Romanis
850 587 987 629 summum
1007 571 1118 632 luxuria

117 654 237 713 crimen.
272 651 381 712 Eadem
396 654 424 711 in
441 654 562 731 singulis
580 652 751 713 differentia.
786 651 910 713 Maxime
926 655 1005 713 iavet
1021 654 1160 732 iudex‚25

116 737 167 815 qni
179 735 241 795 sibi
259 736 403 795 dicentem
421 738 555 797 assentiri
572 746 662 816 putat.
698 737 778 797 Idem
797 739 940 816 praecipit
957 738 1029 798 illud
1047 757 1118 817 quo·

116 839 193 899 que,
219 820 312 899 (quod
336 837 405 879 mox
420 819 572 881 Cornelius
592 820 697 881 Celsus
720 838 815 899 prope
830 839 917 900 supra
941 821 1055 881 modum
1077 824 1119 881 in-

116 905 209 983 vasit)
234 905 300 982 quia
323 906 360 963 sit
382 906 523 982 quaedam
543 904 696 965 virtutibus
719 923 754 964 ac
771 906 848 964 vitiis
865 906 1014 980 vicinitas,
1036 915 1118 965 uten-

117 989 183 1049 dum
194 989 326 1066 proxima
339 989 518 1049 derivatione
529 989 695 1064 verborum,
714 998 744 1048 ut
762 1006 816 1068 pro
834 989 988 1050 temerario
1001 989 1117 1066 fortem,

116 1089 171 1152 pro
191 1073 315 1150 prodigo
339 1071 507 1150 liberalem,
535 1090 589 1152 pro
613 1089 700 1133 avaro
724 1091 842 1151 parcum
864 1091 1017 1142 racemum
1036 1069 1119 1153 quaa

117 1155 220 1217 eadem
238 1158 323 1216 etiam
346 1165 446 1217 contra
463 1157 571 1218 valent.
607 1156 691 1231 Quod
710 1157 824 1238 quidem
843 1167 952 1232 orator,
969 1157 998 1217 id
1017 1167 1062 1218 est
1074 1159 1120 1217 vir

117 1240 228 1316 bonus,
247 1258 390 1319 nunquam
408 1241 508 1317 iaciat,
526 1242 582 1300 nisi
597 1240 674 1301 forte
689 1241 830 1300 communi
847 1242 970 1302 utilitate
986 1242 1116 1302 ducetur.

201 1323 363 1385 Laudentur
380 1334 475 1385 autem
492 1326 603 1385 urbes
621 1324 752 1384 similiter
771 1333 858 1403 atqua
874 1325 1016 1387 homines.
1048 1324 1161 1389 Nam26

116 1424 172 1488 pro
196 1417 317 1487 parente
340 1418 385 1468 est
408 1408 551 1487 conditor,
576 1417 605 1470 at
627 1408 744 1469 multum
765 1411 943 1471 auctoritatis
965 1410 1049 1470 affert
1068 1428 1118 1469 re·

116 1500 221 1568 tustas,
244 1502 274 1552 ut
294 1492 349 1567 liis,
374 1494 422 1571 qui
447 1502 526 1554 terra
548 1494 680 1554 dicuntur
704 1495 773 1561 orti;
799 1503 827 1553 et
851 1495 973 1554 virtutes
995 1512 1030 1554 ac
1050 1495 1119 1554 vitia

118 1577 198 1637 circa
214 1594 263 1635 res
281 1586 380 1654 gestas
398 1577 499 1637 eadem
518 1595 592 1656 quae
614 1579 642 1637 in
666 1577 803 1656 singulis,
825 1578 875 1639 illa
893 1579 1022 1657 propria,
1044 1595 1118 1657 quae

118 1679 157 1720 ex
178 1660 237 1720 loci
258 1661 404 1739 positione
425 1679 460 1721 ac
478 1664 633 1722 munitione
650 1671 724 1722 sunt.
759 1656 846 1722 (lires
864 1662 922 1723 illis
946 1671 977 1722 ut
999 1661 1118 1721 homini·

117 1744 172 1803 bus
195 1743 279 1804 liberi
301 1745 412 1804 decori.
522 1782 527 1789 -

202 1825 256 1887 Est
275 1828 337 1888 laus
360 1837 389 1888 ct
410 1844 581 1907 operum,
605 1830 633 1888 in
654 1830 756 1908 quibus
774 1829 884 1906 honor,
905 1829 1032 1905 utilitas,
1055 1829 1161 1908 pul-dl

118 1912 267 1987 chritudo‚
292 1922 394 1972 auctor
416 1914 544 1991 spectari
567 1913 654 1974 solet.
688 1914 787 1974 Honor
808 1923 838 1973 ut
860 1913 888 1973 in
909 1913 1041 1991 templis,
1065 1913 1118 1972 nti·

118 1996 184 2054 litas
205 2004 236 2054 ut
258 1997 287 2054 in
304 1998 403 2071 muris,
428 1995 612 2075 pulchritudo
631 1997 680 2057 vel
700 2005 803 2058 auctor
820 1998 984 2076 utrobique.
1021 1995 1075 2056 llst
1090 2005 1120 2056 et

119 2079 303 2156 locorum,
330 2079 423 2158 qualis
446 2080 564 2140 Siciliae
587 2082 663 2160 apud
687 2079 877 2157 Ciceronem,
901 2081 1055 2159 inquibus
1080 2081 1119 2139 si-

117 2162 223 2223 militer
242 2166 371 2242 speciem
396 2173 425 2223 et
451 2165 602 2224 utilitatem
627 2167 782 2234 intuemur;
805 2166 935 2244 speciem
958 2165 1118 2241 maritimis,

117 2247 229 2325 planis,
253 2250 395 2315 amoenis;
425 2248 576 2308 utilitatem
599 2248 781 2325 salubribus,
803 2249 957 2310 fertilibus.
1004 2248 1067 2309 llrit
1089 2258 1119 2309 et

117 2330 259 2390 dictorum
279 2331 466 2391 honestorum
483 2332 683 2409 factorumque
700 2332 762 2392 laus
777 2333 935 2409 generalis,
956 2334 1011 2393 erit
1029 2341 1058 2393 et
1072 2351 1118 2392 ra·

117 2433 179 2474 rnrn
202 2417 294 2475 omnis
316 2416 402 2476 modi.
441 2415 513 2476 Nam
537 2425 565 2475 et
586 2417 678 2474 somni
701 2424 730 2474 et
747 2417 848 2476 mortis
872 2418 1000 2495 scriptae
1017 2415 1162 2481 laudasne

118 2508 148 2557 et
170 2498 348 2577 quorundam
370 2498 520 2560 amedicis
544 2498 683 2558 ciborum.

201 2582 320 2662 ltaque,
350 2593 381 2644 ut
409 2601 466 2643 non
492 2584 628 2643 consensi
650 2582 707 2643 hoc
730 2582 903 2643 laudativum
924 2601 1016 2661 genus
1041 2583 1119 2642 circa

117 2666 211 2726 solam
233 2668 345 2727 versari
366 2667 481 2728 honesti
512 2669 730 2746 quaestionem,
762 2668 805 2727 sic
830 2667 969 2747 qualitate
996 2666 1118 2726 maxime

118 2751 260 2811 contineri
282 2759 369 2829 pnto;
394 2769 554 2830 quanquam
572 2761 632 2811 tres
649 2760 740 2812 status
762 2768 862 2812 omnes
882 2751 988 2811 cadere
1010 2750 1039 2809 in
1062 2750 1119 2810 hoc

118 2849 192 2911 opus
214 2837 338 2913 possint,
363 2836 467 2915 lnisque
488 2854 569 2895 usum
589 2833 622 2895 C.
639 2834 797 2896 Caesarem
811 2837 840 2895 in
856 2834 1047 2913 vituperando
1065 2833 1118 2895 Ca-

117 2927 186 2977 tone
208 2920 353 2978 notaverit
370 2917 484 2979 Gicero.
530 2918 633 2979 'lotum
661 2930 755 2980 autem
783 2919 870 2980 habet
896 2918 1004 2996 aliquid
1026 2919 1119 2979 simile

117 3003 273 3144 suqrsotriis7
303 3003 369 3081 quia
392 3004 565 3082 plerumque
590 3002 691 3063 eadem
716 3004 777 3064 illic
799 3003 914 3064 suaderi
939 3000 987 3062 hic
1009 3002 1119 3065 laudari

117 3100 151 3142 so
166 3102 202 3144 en
216 3129 223 3142 .

342 3241 386 3292 Du
404 3239 567 3293 SUASORIA
585 3242 625 3291 ET
641 3239 896 3296 uuosororoult.

200 3320 278 3382 lllll.
304 3321 582 3385 Deliberatiras
602 3340 718 3402 quoqne
737 3325 825 3383 miror
844 3323 1039 3403 aquibnsdam
1054 3324 1117 3386 sola

114 3403 240 3465 utilitate
264 3405 365 3467 finitas.
419 3406 463 3469 Ac
491 3407 516 3466 si
540 3405 607 3486 quid
628 3409 657 3468 in
675 3407 719 3468 lnis
743 3426 828 3467 unum
849 3410 933 3487 sequi
955 3419 1117 3488 oporteret,
