2566 4026
392 192 484 240 rnsr.
497 192 646 240 onnron.
659 192 727 238 uua.
746 193 798 257 ru,
811 190 837 240 1.
1075 179 1116 242 89

114 363 233 427 quoque
250 355 395 424 verteret,
414 365 513 407 omnes
531 347 637 424 ligurus
654 348 683 405 in
694 345 792 405 verbis
811 363 878 405 esse
893 346 1039 416 dixerunt;
1063 347 1118 428 illi,

115 433 182 510 quia
193 430 284 491 verba
299 431 387 491 rebus
403 431 704 506 accommodarentur,
722 446 821 489 omnes
833 431 862 489 in
874 430 1018 490 sensibus.
1043 431 1119 505 Qua·

114 534 177 575 rum
203 524 325 592 utraque
349 515 500 575 manifesta
530 513 675 574 cavillatio
702 523 755 573 εει.
796 511 868 573 Nam
889 524 920 573 ut
942 514 1043 575 eadem
1063 516 1119 577 dici
1130 528 1163 584 16

115 599 214 659 solent
242 599 327 658 aliter
349 607 435 677 atque
459 599 558 674 aliter,
582 607 736 676 manetque
755 616 858 657 sensus
877 598 1043 659 elocutione
1060 618 1119 660 mu-

114 693 187 744 tata:
218 684 256 742 ita
283 683 374 760 ligura
395 687 556 743 sententiae
578 683 677 761 plures
703 681 814 742 habere
837 683 993 743 verborum
1014 684 1121 760 figuras

115 775 223 846 potest.
265 765 319 826 llla
341 776 386 826 εει
402 769 476 826 enim
492 769 586 846 posita
601 768 630 826 in
647 766 836 844 concipienda
853 768 1030 844 cogitatione
1047 768 1122 829 haec

114 853 144 910 in
171 851 358 926 enuntianda,
387 851 440 910 sed
469 851 703 929 frequentissime
727 859 848 910 coeunt:
873 861 903 910 ut
923 853 953 911 in
974 851 1031 911 lroc
1052 850 1123 914 lom

115 939 196 1010 ium,
216 933 394 1009 Dolabella,
415 952 514 1012 neque
529 955 577 996 mc
599 936 643 995 tui
662 949 762 1012 acque
784 942 903 996 tuorum
924 937 1055 998 liberum
1071 971 1120 996 -.

115 1017 188 1078 Nam
200 1020 293 1078 oratio
309 1037 324 1078 a
339 1018 435 1078 iudice
451 1037 565 1095 aversa,
578 1019 607 1077 in
625 1020 782 1087 sententia;
797 1021 861 1081 lom
871 1021 934 1081 iam
946 1028 976 1078 et
991 1021 1122 1082 liberum

115 1104 144 1162 in
161 1101 259 1161 verbis
275 1112 340 1162 sunt
355 1102 513 1163 schemata.

200 1184 279 1244 lnter
293 1186 432 1264 plurimos
448 1189 536 1262 enim,
558 1185 634 1265 quod
646 1188 751 1261 sciam,
769 1204 942 1246 consensum
955 1196 1017 1262 est,
1034 1187 1121 1248 duas
1131 1198 1161 1254 17

118 1271 179 1331 cius
198 1287 266 1328 esse
289 1278 435 1347 partes,
466 1272 611 1347 διανοίας,
642 1271 733 1330 idest
753 1272 856 1329 mentis
878 1271 926 1330 vel
947 1289 1050 1330 sensus
1072 1272 1122 1332 vel

117 1355 340 1428 sententiarum,
357 1371 421 1414 nam
437 1354 481 1414 his
500 1354 630 1414 omnibus
646 1355 738 1414 modis
755 1354 861 1414 dictum
876 1363 936 1422 est:
961 1365 990 1414 ει
1010 1353 1120 1431 λέξεως,

115 1437 145 1497 id
170 1446 215 1496 est
237 1437 393 1497 verborum
417 1439 466 1498 vel
493 1438 626 1498 dictionis
645 1438 694 1498 vel
715 1438 889 1498 elocutionis
909 1439 958 1499 vel
979 1440 1121 1499 sermonis

116 1521 165 1580 vel
192 1523 346 1588 orationis;
377 1541 442 1582 nam
467 1531 496 1582 et
522 1525 648 1582 variatur
675 1531 704 1580 et
730 1521 799 1582 nihil
824 1523 924 1582 refert.
969 1521 1120 1583 Cornelius
1130 1533 1164 1586 18

116 1615 212 1666 tamen
235 1605 337 1665 Celsus
367 1607 463 1666 adiicit
485 1607 583 1667 verbis
613 1615 642 1666 et
667 1607 818 1666 sententiis
845 1607 953 1683 figuras
978 1607 1119 1682 colorum,

116 1691 201 1748 nimia
222 1689 356 1767 prolecto
382 1691 516 1750 novitatis
538 1691 693 1769 cupiditate
709 1690 821 1750 ductus.
864 1690 1016 1768 Numquis
1039 1693 1120 1768 igno·

116 1790 200 1833 rasse
222 1775 361 1835 eruditum
383 1775 491 1853 alioqui
512 1777 604 1834 virum
627 1774 742 1849 credat,
771 1774 887 1834 colores
913 1783 943 1834 ει
962 1777 1120 1835 sententias

116 1875 220 1916 sensus
238 1854 326 1917 esse‘l
364 1856 461 1930 Quare
476 1861 551 1919 sicut
566 1877 678 1918 omnem
696 1860 856 1919 orationem
870 1860 909 1920 ita
924 1859 1031 1936 figuras
1049 1876 1120 1936 quo·

117 1959 174 2019 que
188 1944 300 2000 versari
317 1960 441 2001 necesse
457 1945 544 2002 estin
558 1961 646 2002 sensu
663 1951 692 2002 et
706 1944 735 2002 in
748 1943 856 2002 verbis.

201 2024 239 2084 Ut
264 2043 335 2085 vero
363 2035 462 2087 natura
486 2029 566 2105 prius
590 2036 635 2086 est
661 2029 817 2104 concipere
843 2029 936 2087 animo
962 2046 1011 2087 res
1038 2037 1164 2104 quam19

116 2109 280 2168 enuntiare:
308 2112 346 2170 ita
372 2110 408 2170 de
436 2112 470 2169 iis
498 2110 596 2187 liguris
614 2119 680 2170 ante
708 2120 753 2169 est
768 2110 960 2188 loquendum,
992 2129 1066 2189 quae
1085 2110 1120 2170 ad

116 2202 241 2252 mentem
260 2195 418 2271 pertiuent;
447 2212 565 2272 quarum
586 2193 701 2272 quidem
721 2193 828 2253 utilitas
855 2213 918 2254 cum
938 2212 1040 2271 magna
1063 2204 1121 2254 tum

115 2277 269 2355 multiplex
290 2279 318 2336 in
333 2278 413 2338 nullo
433 2295 490 2337 non
511 2278 649 2336 orationis
669 2295 760 2355 opere
781 2277 830 2337 vel
849 2277 1009 2337 clarissime
1029 2276 1117 2336 lucet

115 2360 188 2420 Nam
201 2362 254 2419 etsi
270 2364 383 2421 minime
395 2362 509 2421 videtur
520 2362 667 2438 pertinere
682 2361 717 2420 ad
730 2360 944 2438 probationem,
960 2378 1015 2438 qua
1028 2359 1120 2436 ligura

116 2445 242 2523 quidque
264 2445 405 2527 dicatum
416 2446 485 2505 lacit
500 2454 595 2505 tamen
611 2443 774 2519 credibilia,
798 2461 873 2522 quae
888 2444 1024 2518 dicimus,
1049 2453 1077 2502 ει
1092 2444 1120 2502 in

115 2530 225 2589 animos
241 2530 383 2604 iudicum,
400 2547 456 2607 qua
471 2547 528 2588 non
544 2528 731 2604 observatur,
750 2529 860 2606 irrepit.
901 2525 1031 2605 Namque
1046 2536 1076 2585 ut
1091 2528 1164 2593 inno

115 2630 258 2674 armorum
277 2615 432 2673 certamine
449 2614 589 2674 adversos
605 2613 678 2671 ictus
695 2621 724 2672 ει
740 2621 836 2672 rectas
850 2630 885 2672 ac
896 2611 1043 2689 simplices
1062 2629 1120 2670 ma·

114 2714 168 2755 nus
192 2714 255 2755 cum
274 2697 375 2756 videre
391 2705 449 2756 tum
467 2699 552 2758 etiam
574 2714 680 2756 cavere
699 2714 734 2757 ac
759 2696 932 2775 propulsare
954 2695 1041 2755 facile
1064 2703 1119 2768 est,

115 2797 240 2840 aversae
260 2789 415 2859 tectaeque
436 2782 528 2840 minus
550 2790 615 2839 sunt
641 2780 858 2856 observabiles,
878 2788 908 2839 ει
929 2779 1006 2839 aliud
1023 2787 1119 2838 osten·

115 2865 211 2938 disse,
235 2881 318 2941 quam
340 2874 441 2942 petas,
466 2866 535 2924 artis
559 2873 619 2924 est:
644 2866 688 2924 sic
706 2867 816 2941 oratio,
844 2881 918 2942 quae
941 2873 1004 2922 astu
1029 2871 1119 2937 caret,

115 2946 248 3027 pondere
272 2948 410 3008 modoet
434 2947 557 3026 impulsu
576 2949 750 3026 proeliatur;
779 2948 922 3008 simulanti
942 2949 1120 3024 variantique
1164 3010 1169 3019 ,

115 3040 237 3092 conatus
255 3032 284 3090 in
299 3031 391 3092 latera
407 3042 493 3111 atque
510 3033 539 3091 in
554 3041 638 3109 terga
652 3033 802 3093 incurrere
817 3033 899 3092 datur
914 3041 943 3090 ει
957 3050 1034 3091 arma
1051 3046 1120 3090 avo·

114 3132 184 3175 care
210 3123 239 3174 ει
264 3116 344 3175 velut
369 3126 437 3177 nutu
464 3115 578 3177 fallere.
623 3116 682 3176 lam
704 3133 776 3176 vero
800 3116 921 3176 affectus
938 3115 1008 3175 nihil
1027 3114 1118 3191 magis
1127 3126 1158 3184 tt

113 3199 203 3260 ducit.
248 3198 321 3259 Nam
333 3200 357 3259 si
373 3200 470 3275 frons,
487 3200 580 3276 oculi,
596 3219 695 3262 manns
710 3200 827 3260 multum
841 3199 876 3259 ad
891 3208 998 3258 motum
1013 3199 1119 3259 animo·

112 3301 178 3342 rum
198 3283 312 3343 valent:
336 3293 442 3359 quanto
458 3285 523 3362 plus
540 3284 678 3344 orationis
693 3285 784 3360 ipsius
803 3282 899 3343 vultus
919 3282 1014 3358 adid,
1042 3281 1120 3360 quod

114 3365 237 3426 efficere
260 3367 421 3443 tendimus,
445 3364 645 3445 compositus?
693 3367 847 3427 Plurimum
866 3375 961 3426 tamen
982 3367 1018 3426 ad
1041 3382 1118 3426 corn·

113 3450 326 3510 mendationem
345 3451 428 3527 lacit,
447 3452 554 3510 sivein
575 3450 761 3511 conciliandis
777 3450 890 3528 agentis
907 3448 1035 3510 moribus
1057 3449 1120 3508 sive
