2566 4026
209 175 269 242 186
529 184 893 248 u.rss.onmrm1nu1

205 348 281 407 minu
295 313 465 422 iunguntur,
484 350 515 401 ut
530 360 593 402 cum
608 339 756 404 Socrates
771 349 939 403 accusatus
952 349 1013 421 est,
1037 344 1120 421 quod
1138 364 1208 410 cot·-

205 438 360 508 rumperet
379 429 564 488 iuoeututem
586 434 616 488 et
631 444 727 488 nouus
740 427 969 504 superstitiones
981 428 1210 504 introduceret,-

206 523 236 574 et
250 512 363 591 singula
378 528 416 571 ex
433 510 563 588 pluribus
580 509 772 587 colliguntur,
795 517 827 568 ut
841 526 905 569 cum
926 511 1038 590 lupulto
1054 513 1135 575 mole
1154 534 1209 595 90.

204 606 253 660 sto
275 596 418 659 obiicitur
438 591 601 672 descbiui,
623 596 706 673 quod
726 595 868 656 mentibus
887 594 942 671 sit,
972 596 1055 672 quod
1075 598 1151 661 mtst
1171 619 1213 662 ee

203 680 359 743 mundatis
377 678 505 759 lecerit,
530 677 613 757 quod
631 687 768 740 moratus
789 679 845 753 sit,
868 680 951 756 quod
970 696 1100 742 munero
1119 700 1209 745 occe

175 767 293 845 operit.
327 763 485 823 Reousutio
502 779 618 841 quoque
634 760 733 840 plures
749 761 862 821 interim
875 765 1095 840 propositiones
1109 764 1209 843 babet,

204 858 235 910 nt
250 858 351 911 contre
365 847 534 926 petitionem
554 847 712 925 pecuniae:
734 844 816 907 Mole
835 847 955 923 petitis,
974 858 1211 924 procuratorem

204 935 283 996 euim
304 933 358 994 tibi
379 949 445 992 esse
472 949 532 991 uou
561 931 666 1000 licuit;
685 930 743 991 sed
764 945 862 1006 meque
884 930 945 1005 illi,
973 933 1062 992 cuius
1088 936 1211 995 momine

202 1019 321 1096 litipos,
342 1015 457 1076 babere
475 1023 710 1093 procuratorem
716 1035 730 1081 ,·
759 1012 817 1074 sed
836 1029 934 1090 oeque
956 1023 1002 1074 est
1020 1015 1110 1076 beros
1132 1019 1209 1092 eius,

177 1112 226 1170 to
241 1118 301 1179 quo
319 1099 479 1177 accepisse
500 1105 635 1159 mutuom
650 1097 737 1158 dicor
743 1118 756 1165 ,·
775 1097 832 1158 sod
845 1114 903 1159 nec
919 1098 981 1175 ipsi
998 1098 1098 1162 debui.
1134 1097 1208 1160 Mul·

205 1184 331 1263 tiplicari
350 1182 423 1242 baec
444 1183 473 1240 in
496 1189 629 1258 quantum
643 1179 714 1240 libet
728 1189 868 1258 possunt,
890 1181 943 1240 sed
962 1197 1024 1240 rem
1043 1182 1209 1243 ostendisse

204 1270 275 1328 setis
298 1275 353 1326 est.
390 1263 452 1324 Hae
474 1267 498 1324 si
522 1273 665 1344 ponuntur
686 1263 836 1342 singulae,
866 1263 1004 1324 subiectis
1029 1265 1208 1342 probationi-

205 1350 276 1428 bus,
292 1350 392 1430 plures
409 1357 474 1408 sunt
490 1348 725 1427 propositionem
748 1349 772 1407 si
787 1349 1012 1426 coniungantur,
1034 1350 1063 1407 in
1078 1351 1209 1427 partitio·

204 1453 271 1494 nem
287 1433 400 1494 cadunt.

53 1520 126 1565 f
176 1530 195 1587 6
290 1516 344 1577 Est
363 1524 392 1576 et
406 1514 481 1575 nuda
495 1517 676 1594 propositio,
699 1514 793 1593 qualis
815 1515 879 1574 iere
899 1516 928 1574 in
944 1516 1208 1578 coniecturalibus:

206 1600 320 1663 Caedis
342 1617 422 1679 opo,-
441 1600 557 1679 turtum
578 1599 707 1669 collutos
730 1607 775 1656 est
794 1600 906 1660 ratione
923 1598 1069 1675 subiecta,
1094 1609 1125 1659 ιιι
1139 1599 1210 1663 Μα-

202 1688 341 1748 testatem
363 1683 471 1744 minuit
491 1679 524 1742 0.
540 1678 709 1760 Cornelius,
731 1699 804 1743 uum
824 1684 962 1744 codicem
981 1684 1123 1745 tribuous
1140 1687 1210 1763 plc-

204 1769 252 1831 bis
270 1769 339 1849 ipse
355 1784 416 1844 pro
437 1767 575 1828 eunome
597 1766 677 1844 lepit.
714 1765 834 1825 Praeter
854 1765 928 1827 bueo
947 1768 1052 1826 utimur
1073 1770 1209 1845 proposi·

203 1852 283 1913 tione
298 1859 346 1911 aut
360 1859 475 1926 nostra,
497 1859 527 1909 ιιι
549 1846 742 1912 Adulterium
762 1849 892 1920 obitoio,·
913 1859 961 1910 ιιιι
982 1851 1156 1927 adversarii,
1180 1861 1210 1911 ut

202 1934 358 1998 Adulterii
376 1953 495 1996 mecum
514 1935 637 2013 epitum-
659 1941 708 1993 eut
722 1935 873 2010 communi,
896 1944 926 1994 ut
940 1933 1027 1996 luter
1042 1954 1089 1995 me
1110 1943 1140 1996 et
1153 1935 1210 1996 od·

202 2020 375 2082 tersorium
397 2018 535 2096 quaestio
556 2022 618 2092 est,
640 2025 710 2078 uter
730 2018 771 2078 sit
789 2019 933 2080 iutestoto
951 2019 1089 2097 propior.
1131 2018 1209 2079 Nou·

203 2120 347 2182 nunquam
362 2101 493 2161 diversus
510 2117 626 2179 quoque
642 2102 799 2178 iungimus:
821 2097 888 2179 Epo
908 2103 965 2164 loo
986 2104 1070 2180 dico,
1094 2103 1209 2163 odoer-

203 2186 308 2248 sortus
329 2186 396 2247 boc.

174 2280 192 2334 9
205 2344 208 2349 .
286 2268 381 2329 Habet
393 2269 507 2328 interim
521 2269 578 2327 vim
593 2269 821 2347 propositionis,
845 2267 957 2327 etiamsi
971 2286 1026 2346 per
1040 2286 1073 2328 se
1089 2285 1147 2327 non
1165 2278 1210 2328 est

203 2354 385 2435 propositio,
408 2371 472 2413 eum
495 2354 631 2430 exposito
654 2370 750 2413 rerum
774 2352 876 2412 ordine
893 2350 1074 2413 subiioimus:
1094 2351 1142 2413 De
1162 2353 1209 2413 lu's

204 2437 407 2518 supposuerim
424 2445 455 2496 ιιι
472 2436 509 2494 sit
523 2435 597 2496 baec
613 2436 797 2496 commonitio
812 2435 926 2510 iudicis,
944 2453 1001 2513 quo
1017 2453 1051 2495 se
1069 2436 1104 2496 ed
1121 2454 1208 2513 quae·

203 2522 328 2583 stionem
349 2522 444 2581 acrius
463 2519 592 2579 intendet
617 2530 646 2579 et
666 2519 747 2579 velut
770 2518 894 2596 quodum
920 2527 998 2578 tectu
1018 2521 1209 2578 resuscitatus

203 2605 289 2665 linem
305 2622 373 2664 esse
386 2605 567 2677 narrationis,
583 2604 692 2663 initium
705 2600 885 2681 probationis
898 2601 1051 2679 intelligat,
1069 2611 1108 2675 et,
1125 2601 1208 2659 nobis

205 2689 451 2750 confirmationem
466 2686 704 2764 ingredientibus,
720 2687 784 2762 ipse
797 2701 914 2761 quoque
929 2684 1139 2761 quodammodo
1157 2699 1208 2741 uo·

202 2790 270 2832 uum
286 2770 420 2832 audiendi
434 2780 526 2830 sumat
542 2768 700 2830 exordium.

575 2922 618 2972 DE
635 2919 842 2972 PARTITIONE.

286 3019 323 3079 V.
354 3019 514 3079 Partitio
538 3027 583 3078 est
604 3027 766 3078 nostrarum
787 3026 835 3077 sut
856 3014 1015 3076 adversarii
1031 3015 1208 3093 propositio·

203 3122 269 3165 uum
289 3111 338 3164 snt
352 3112 536 3180 utrarumque
554 3102 655 3161 ordine
677 3101 823 3162 collocata
839 3099 1026 3160 enumeratio.
1062 3095 1124 3158 Hac
1148 3098 1209 3175 qui·

205 3187 269 3247 dum
284 3186 420 3247 utendum
434 3203 551 3264 semper
572 3194 687 3263 putant,
711 3186 789 3264 quod
811 3203 845 3245 ea
865 3185 915 3244 liet
938 3198 1025 3243 cause
1041 3181 1164 3242 lucidior
1181 3190 1209 3240 et

204 3270 293 3330 iudex
307 3271 444 3329 attentior
459 3287 494 3330 uc
509 3269 648 3346 docilior,
671 3272 696 3330 si
712 3271 828 3346 scierit,
851 3278 880 3329 et
901 3268 938 3328 de
959 3283 1017 3344 quo
1043 3265 1161 3326 dicimus
1180 3273 1209 3325 et

175 3352 242 3418 dds
258 3369 315 3431 quo
330 3353 434 3413 dicturi
450 3356 554 3431 posteo
569 3354 667 3414 simus.
707 3353 818 3415 Rursus
839 3352 952 3431 quidam
968 3349 1165 3428 periculosum
1180 3346 1208 3407 id

206 3438 315 3497 oratori
335 3435 508 3496 arbitrentur
530 3436 640 3498 duabus
663 3456 701 3498 ex
721 3438 833 3498 causis:
861 3434 936 3515 quod
959 3449 1159 3511 nonuunquam
1179 3439 1210 3491 st
