2566 4026
175 167 233 226 144
491 175 527 222 ιι.
543 174 622 222 sun.
640 174 860 234 nummorum

173 333 241 393 dies
255 349 422 391 sermonem
436 331 519 408 culpi
535 336 625 407 atque
639 328 720 390 hono
740 331 911 407 opinionem
927 331 1035 407 populi
1049 329 1182 392 Romam

170 417 278 495 foisse.
303 411 362 473 Cur
376 413 467 474 hosce
482 415 578 491 potius
597 429 681 489 quam
701 412 777 472 hos?
806 410 910 489 Neque
926 413 998 471 enim
1015 423 1079 472 erat
1098 431 1183 493 aspe-

172 516 244 558 rum.
290 497 442 557 Rationem
459 496 587 556 fortasse
608 512 666 554 uon
686 494 821 571 reddam,
843 497 964 555 sentiam
980 515 1049 556 esse
1066 497 1182 556 melius.

173 580 232 643 Gur
247 597 305 639 non
319 581 388 640 satis
400 582 451 655 sit,
468 598 637 641 sermonem
650 581 734 658 culpi
746 580 866 657 scisse?
909 577 1091 658 Compositio
1109 583 1182 640 enim

173 663 346 745 patiebatur·
390 663 551 741 lgnorah0;
569 663 622 722 sed
637 670 669 722 ut
684 663 768 722 audio
781 661 854 738 hoc,
873 665 980 722 animus
997 666 1106 743 accipit
1121 665 1182 744 ple·

113 760 166 814 110
174 767 240 808 num
262 750 324 808 sine
345 745 401 807 hac
417 749 611 824 geminatione
626 763 684 806 non
702 765 780 806 esse.
825 746 871 806 Ad
893 766 1009 807 sensum
1030 749 1120 825 igitur
1136 767 1182 808 re·

173 831 295 893 ferenda
311 839 385 890 sunt.
430 830 537 910 Nequi
553 832 623 890 satis
637 830 732 907 iorte,
749 829 816 909 quid
830 847 979 908 severum,
999 832 1067 908 quid
1083 833 1181 890 iucun-

173 916 238 976 dum
251 916 305 990 sit,
322 913 499 992 intelligant:
520 914 628 975 facient
642 913 757 993 quidem
771 923 873 973 natura
888 914 962 975 duce
977 914 1082 974 melius
1099 933 1181 993 quam

173 1009 249 1067 arte:
273 999 327 1058 sed
342 1006 460 1058 naturae
475 999 531 1076 ipsi
549 1014 596 1056 ars
612 998 706 1057 inerit.

114 1093 165 1148 111
257 1081 331 1141 lllud
347 1098 468 1160 prorsus
485 1082 627 1155 oratoris,
644 1081 721 1141 scire
736 1079 785 1140 uhi
801 1097 919 1160 quoque
934 1098 1046 1157 genere
1063 1097 1180 1158 compo·

170 1167 283 1226 sitionis
299 1166 336 1224 sit
351 1165 495 1226 utendum.
537 1163 581 1224 Ea
596 1165 706 1244 duplex
721 1163 905 1224 observatio:
929 1163 1037 1240 altera,
1055 1182 1131 1241 quae
1147 1163 1180 1222 ad

172 1250 264 1329 pedes
280 1249 422 1317 refertum
444 1249 552 1325 alters,
570 1266 643 1326 quae
660 1248 695 1309 ad
715 1247 1009 1327 comprehensiones,
1026 1265 1103 1326 quae
1120 1246 1180 1306 elli·

171 1335 284 1395 ciuntur
300 1350 338 1392 ex
354 1333 487 1411 pedihus.

115 1428 166 1482 122
257 1417 303 1476 hc
325 1416 361 1477 de
382 1415 427 1475 his
448 1417 538 1495 prius.
575 1414 705 1474 Diximus
723 1417 810 1492 igitur
827 1432 894 1475 esse
909 1415 1018 1490 incisa,
1041 1415 1180 1491 membra,

174 1503 320 1562 circuitus.
358 1499 524 1560 lncisum
546 1500 698 1578 (quantum
712 1498 849 1559 meulent
864 1499 979 1578 opinio)
1003 1499 1057 1557 erit
1077 1517 1180 1558 sensus

172 1602 230 1645 non
246 1584 366 1663 expleto
378 1601 498 1643 numero
511 1583 685 1657 conclusus,
705 1582 854 1661 plerisque
865 1600 933 1661 pars
945 1579 1075 1641 membri.
1110 1581 1181 1642 'lale

174 1677 219 1728 est
235 1669 327 1744 enim,
350 1684 407 1744 quo
422 1664 529 1727 Cicero
550 1668 652 1726 utitur:
674 1665 790 1728 Domus
810 1667 864 1727 tihi
884 1666 1015 1728 cenot?
1034 1671 1068 1726 oi
1088 1666 1181 1727 hohe-

173 1753 238 1814 hos.
283 1749 420 1811 Pecunia
438 1751 628 1828 anperobot?
655 1758 688 1811 ot
708 1751 828 1830 egebas.
872 1748 956 1809 Fiunt
977 1757 1072 1808 autem
1096 1751 1181 1810 etiam

173 1833 294 1911 singulis
309 1832 407 1892 verbis
423 1835 529 1893 incisa:
554 1831 713 1909 Diximus,
731 1842 822 1896 testes
836 1833 916 1895 dore
935 1834 1092 1902 commea,-
1112 1833 1180 1892 inci-

115 1928 237 1982 lhtsum
258 1926 303 1977 est
328 1917 471 1979 dimimnu.
521 1915 712 1976 Memhrum
736 1926 831 1977 autem
858 1925 903 1976 est
928 1934 1031 1976 seusus
1056 1918 1181 1976 numeris

175 2000 331 2062 conclusus
353 2001 406 2060 sed
431 2018 447 2060 a
470 2009 531 2060 tcto
554 2017 680 2080 corpore
696 2000 834 2079 abruptus
858 2009 886 2059 et
902 2018 956 2079 per
979 2018 1011 2059 se
1027 1999 1096 2059 nihil
1120 1999 1181 2058 eih-

175 2086 265 2144 ciens.
311 2081 337 2145 0
358 2085 488 2147 callidos
502 2084 654 2162 honeines,
674 2084 836 2163 perfectum
851 2093 914 2160 est,
939 2084 992 2144 sed
1007 2093 1151 2144 remotum
1166 2101 1181 2142 a

175 2168 281 2228 ceteris
296 2170 354 2228 vim
369 2185 426 2228 non
442 2167 547 2246 hahet,
572 2177 603 2228 ut
623 2187 677 2248 per
695 2186 728 2227 se
743 2185 842 2227 manus
859 2177 888 2227 et
903 2186 957 2246 pes
980 2174 1009 2226 et
1025 2175 1127 2246 caput;
1154 2174 1182 2226 et

176 2250 279 2314 Orom
294 2255 508 2332 excogitatam.
550 2252 670 2327 Quando
684 2269 755 2329 crgo
771 2253 870 2330 incipit
887 2268 994 2330 corpus
1011 2247 1102 2309 esse?
1118 2268 1182 2309 cum

172 2337 252 2396 venit
273 2345 402 2397 extrema
425 2336 594 2397 conclusio:
624 2334 734 2411 Qum,
755 2352 884 2413 quaeso,
908 2342 1045 2396 nostram
1063 2335 1181 2413 fefellit,

172 2422 208 2481 id
222 2439 277 2481 ooa
290 2422 335 2482 ito
350 2440 417 2482 esse
436 2421 599 2500 facturos?
643 2418 734 2493 Quam
750 2417 855 2478 Cicero
873 2418 1073 2478 brevissimam
1089 2414 1180 2495 putat.

173 2503 275 2582 ltaque
290 2503 354 2563 iere
371 2505 461 2564 incisa
480 2513 509 2563 et
523 2501 652 2563 membra
665 2503 752 2561 mixta
769 2511 879 2562 suntet
895 2501 1112 2562 conclusionem
1128 2501 1180 2559 uti·

116 2599 169 2653 124
177 2605 234 2664 que
250 2586 425 2646 desiderant.
468 2586 628 2648 Periodo
645 2585 767 2664 plurima
784 2587 897 2645 nomina
912 2585 960 2645 dat
976 2581 1099 2659 Cicero,
1116 2602 1181 2644 on-

174 2671 284 2745 hitum,
309 2672 488 2746 circuitum,
503 2669 815 2746 comprehensionem,
832 2669 1102 2742 continuationem,
1119 2669 1181 2728 cir-

175 2753 451 2830 cumscriptionem·
497 2751 611 2814 Genera
632 2753 695 2811 eius
715 2753 772 2812 duo
798 2761 877 2813 sunt:
906 2751 1028 2811 alterum
1045 2750 1180 2829 simplex,

176 2853 240 2895 cum
266 2854 369 2896 sensus
394 2854 466 2895 unus
492 2836 627 2914 longiore
649 2834 754 2895 ambitu
784 2835 1020 2902 circumducitur;
1050 2833 1181 2908 alterum,

176 2919 254 2996 quod
270 2928 384 2979 constat
399 2918 534 2980 memhris
550 2929 579 2980 et
594 2921 708 2995 incisis,
731 2936 805 2999 quae
825 2919 925 2998 plures
942 2935 1045 2978 sensus
1060 2916 1181 2977 hahent:

117 3013 166 3067 125
175 3000 296 3064 Aderat
308 3005 421 3066 innitor
433 3006 573 3065 carceris
588 3012 616 3065 et
630 3005 773 3083 cornifen
786 3004 958 3082 praetoris,
975 3001 1098 3081 reliqua.
1127 2999 1181 3060 lla·

175 3087 226 3146 het
243 3087 381 3166 periodus
397 3087 525 3147 memhra
540 3088 682 3147 minimum
701 3086 768 3147 duo.
802 3085 913 3146 hledius
929 3103 1064 3145 numerus
1082 3085 1182 3144 viden·

176 3176 222 3228 tur
243 3180 394 3248 quattuor,
419 3170 471 3231 sed
496 3172 600 3250 recipit
621 3171 790 3249 frequenter
808 3179 838 3230 et
860 3170 952 3249 plura.
993 3167 1097 3228 hlodus
1119 3170 1182 3228 eia

177 3249 321 3314 Cicerone
344 3263 393 3314 aut
417 3263 551 3334 quattuor
575 3256 697 3314 senariis
719 3252 851 3313 versibus
878 3263 925 3312 aut
952 3253 1043 3331 ipsius
1065 3253 1182 3331 spiritus

176 3335 262 3395 modo
280 3340 446 3397 terminatus
465 3346 616 3417 praestare
636 3336 740 3413 debet,
764 3346 794 3397 ut
817 3355 932 3397 sensum
950 3334 1120 3404 concludat;
1147 3333 1185 3394 sit

178 3428 295 3496 aperta,
316 3425 347 3479 ut
367 3420 490 3497 intelligi
508 3422 618 3499 possit,
640 3437 698 3478 non
713 3420 879 3497 immodica,
903 3428 934 3479 ut
956 3420 1095 3479 memoria
1115 3431 1182 3480 con·
