2566 4026
241 162 303 224 214
561 175 927 236 n.rae.oumr1nmn1

240 331 386 400 videam
411 339 440 389 et
465 340 582 405 contra,
615 347 673 390 non
695 330 895 390 dominationis
922 347 1010 406 causa
1037 331 1145 391 Sullam
1170 351 1247 394 arma

200 423 233 478 72
241 414 420 493 sumpsisse,
441 423 640 492 argumentum
656 422 701 473 est
720 412 861 474 dictatura
877 413 1021 492 deposita.
1056 415 1194 476 Similiter
1210 436 1246 477 er

241 500 420 558 incremento
437 499 464 556 in
479 507 629 577 utramque
645 506 756 577 partem
772 496 884 557 ducitur
900 498 943 557 rei
959 498 1033 558 ratio
1052 516 1116 559 oum
1133 501 1161 559 in
1179 517 1246 560 con·

240 585 351 643 iectura
367 590 425 641 turn
443 583 528 642 etiarn
540 583 568 641 in
584 589 707 642 tractatu
725 581 890 659 aequitatis,
906 580 952 640 Au
962 581 997 642 ad
1015 582 1123 642 initium
1139 603 1247 645 summa

241 664 396 726 referenda
411 663 471 725 sit‘l
488 666 516 726 id
535 674 591 742 est,
609 665 653 725 An
670 666 696 725 ei
715 664 822 725 caedes
838 664 1004 744 imputanda
1019 666 1066 742 sit,
1084 683 1174 745 aquo
1191 669 1244 727 iur·

196 751 197 754 ’
240 751 319 828 giam
336 746 455 828 coepit?

136 889 137 893 ,
199 843 233 900 73
325 831 379 892 Est
395 842 630 910 argumentorum
646 833 729 893 locus
745 851 783 892 ex
800 832 1007 892 similibus:
1029 833 1066 894 Si
1091 836 1246 896 continen-

241 919 283 979 tic
300 919 415 993 airino,
441 919 546 996 ntique
563 925 592 979 et
606 918 812 985 abstinentem·
836 915 872 977 Si
890 916 983 995 fidem
1001 919 1091 980 debet
1113 926 1203 994 tator,
1220 928 1248 980 et

239 1009 435 1081 procurator.
467 1000 531 1061 Hoc
551 1009 596 1061 est
611 1019 648 1060 ex
664 1018 700 1061 co
718 1018 847 1078 genere,
870 1000 947 1079 quod
964 993 1121 1082 ἐπαγωγὴν
1142 1001 1245 1064 Graeci

240 1093 357 1161 vocant,
378 1080 483 1144 Gioero
507 1085 712 1146 inductionem.
750 1083 797 1145 Ex
818 1083 1089 1145 dissimilibus:
1112 1084 1246 1163 Non,oi

239 1170 358 1231 laetitia
375 1168 495 1247 bonnm,
512 1176 540 1230 et
555 1171 714 1248 volupiam,-
733 1167 817 1245 Non,
836 1169 917 1246 quod
932 1169 1068 1246 mulieri,
1091 1169 1173 1232 idem
1186 1189 1246 1249 pn-

236 1254 321 1332 pitto.
351 1249 397 1311 Ex
423 1253 646 1314 contrariis:
669 1250 847 1332 Frnpctitco
868 1253 993 1330 bonnm,
1019 1254 1146 1314 incuria
1167 1256 1247 1314 enim

239 1338 370 1405 mabam,-
388 1335 425 1397 Si
435 1337 585 1399 malornm
601 1354 700 1399 canoa
715 1337 825 1399 bellum
836 1344 892 1413 est,
908 1339 967 1398 erit
979 1336 1151 1399 emendatio
1158 1356 1247 1416 pom·

240 1419 276 1481 Si
297 1422 417 1482 ueniam
437 1429 586 1498 meretur,
618 1423 670 1500 qm‘
691 1422 873 1500 imprudens
891 1423 1011 1482 nocnit:
1032 1441 1092 1482 non
1114 1428 1248 1482 meretur

197 1506 418 1583 tdprceminm,
431 1505 485 1583 qni
495 1506 675 1585 imprudens
686 1505 815 1584 profuit.
838 1503 885 1565 Ex
900 1504 1169 1584 pugnantibus:
1189 1504 1248 1577 Qui
1262 1514 1266 1522 '

239 1596 284 1650 eet
305 1589 446 1666 sapiens,
472 1590 658 1650 stnlmonon
674 1597 729 1650 est.
766 1587 812 1648 Ex
834 1588 1158 1667 consequentibus
1184 1591 1246 1648 sive

239 1671 448 1731 adiunctis:
469 1670 506 1733 se·
532 1674 642 1734 bonnm
663 1673 781 1734 iustitia
797 1681 852 1750 eet,
870 1680 955 1734 reete
970 1674 1193 1744 indicandum
1211 1671 1247 1733 Si

239 1757 351 1817 mulum
365 1755 516 1834 persidia,
531 1775 592 1817 non
612 1763 657 1817 eet
672 1756 851 1836 fallendum.
884 1755 964 1817 Idem
978 1763 1068 1817 retro.
1101 1755 1164 1816 Nec
1182 1766 1246 1816 sunt

240 1839 284 1899 his
306 1838 454 1899 dissimilia
476 1839 602 1918 ideoque
629 1839 697 1899 huic
723 1839 792 1900 loco
821 1839 1016 1917 subiicienda,
1048 1858 1110 1900 cum
1133 1848 1162 1899 et
1183 1842 1245 1918 ipsa

240 1922 410 1983 naturaliter
426 1933 601 2001 congruant:
619 1921 709 1998 Quod
726 1925 794 2002 quis
808 1943 869 1986 non
883 1925 1000 2002 babuit,
1016 1925 1245 2002 compendiatim

241 2004 336 2081 Quem
355 2008 424 2086 quis
438 2019 538 2085 amat,
563 2009 666 2070 aciens
680 2028 740 2071 non
754 2007 869 2081 laedit;
894 2005 990 2082 Quem
1012 2011 1080 2088 quis
1102 2009 1245 2070 heredem

238 2109 327 2152 cunm
343 2110 410 2154 ecoe
429 2094 537 2168 coluit,
555 2111 662 2154 curum
679 2092 801 2169 tacuit,
817 2093 923 2169 babet,
942 2093 1072 2155 babebit.
1102 2093 1160 2152 Sed
1183 2110 1245 2151 oum

198 2175 232 2231 ts
241 2176 297 2234 sint
312 2174 480 2252 indubitata,
498 2178 554 2236 vim
566 2176 674 2237 habent
684 2195 778 2256 paene
791 2177 939 2254 signorum
954 2175 1159 2236 insolubilium.
1187 2175 1245 2234 Sed

239 2259 314 2319 haec
333 2262 608 2338 consequentia
624 2261 708 2336 dico,
721 2252 894 2335 ἆπόλοαθα;
911 2268 956 2320 est
971 2261 1045 2320 enim
1062 2276 1246 2338 consequens

240 2344 402 2422 sapientiae
418 2342 548 2414 bonitas;
572 2345 623 2405 illa
644 2346 860 2424 sequentia,
882 2338 1086 2424 παρεπόμενα,
1104 2362 1178 2422 quae
1195 2361 1246 2422 po·

240 2435 303 2486 stea
327 2426 404 2487 iacta
427 2436 492 2487 sunt
516 2437 565 2488 aut
587 2429 691 2489 lutura.
730 2428 793 2489 Nec
820 2446 882 2488 sum
899 2428 935 2488 de
951 2428 1111 2488 nominibus
1129 2429 1245 2496 anxius;

239 2518 327 2570 vocet
343 2512 433 2587 enim,
455 2521 486 2571 nt
511 2512 637 2572 voluerit
654 2514 792 2591 quisque,
816 2511 881 2571 dum
900 2514 945 2571 vis
968 2531 1064 2571 rerum
1079 2514 1142 2589 ipsa
1159 2512 1233 2570 mani

198 2595 315 2655 torena
332 2595 379 2670 sit,
401 2605 599 2674 appareatque
616 2597 673 2656 hoc
691 2597 841 2675 temporis,
859 2594 928 2654 illud
945 2612 1013 2654 esse
1025 2602 1155 2653 naturae.
1189 2594 1243 2653 lta·

241 2697 297 2757 quc
313 2695 370 2738 non
383 2678 482 2739 dubito
501 2680 576 2740 baec
591 2696 708 2758 quoque
729 2679 952 2756 consequentia,
970 2677 1098 2755 quamvis
1116 2693 1153 2734 ex
1168 2677 1246 2754 prio·

240 2762 319 2822 ribus
335 2762 404 2823 dent
421 2773 619 2841 argumentum
632 2762 666 2822 ad
684 2781 718 2822 ea
740 2779 814 2841 quae
834 2770 1010 2838 sequuntur,
1031 2776 1152 2840 quorum
1175 2759 1246 2820 duas

242 2846 356 2924 quidam
370 2848 487 2925 species
500 2866 567 2907 esse
578 2847 748 2907 voluerunt:
767 2845 911 2920 Aetionis,
928 2853 959 2904 ut
971 2862 1024 2924 pro
1041 2841 1148 2924 Oppio,
1165 2841 1247 2918 Quos

241 2933 375 2993 educere
388 2931 552 3011 incitosa‘n
571 2932 764 3009 prouinciam
782 2948 844 2992 ποπ
859 2930 974 3009 potnit,
993 2949 1045 2993 eos
1065 2930 1176 2991 incitos
1196 2948 1246 2989 rc-

241 3016 337 3076 te'nere
353 3016 406 3094 qm·
417 3017 537 3094 potnit?
563 3015 726 3093 Temporis,
743 3015 772 3073 in
783 3013 917 3090 Verrem,
933 3013 970 3076 se·
982 3014 1074 3092 tinem
1090 3013 1248 3074 Praetoris

241 3099 341 3160 edicto
362 3099 494 3182 afferunt
514 3098 676 3161 Kalendae
699 3097 786 3176 lam,
817 3117 875 3160 cnr
897 3118 958 3161 non
986 3100 1104 3159 initium
1129 3112 1248 3176 qnoque

199 3185 233 3241 t'l
243 3182 338 3244 edicti
359 3192 512 3246 nocenter
530 3203 550 3245 π
571 3182 722 3245 Kalendis
743 3182 837 3246 lum?
868 3181 953 3256 Quod
975 3191 1126 3260 utrumque
1150 3198 1246 3242 exem·

241 3265 320 3343 plum
341 3267 400 3327 tale
424 3277 486 3344 est,
510 3277 540 3328 ut
563 3267 640 3328 idem
661 3268 689 3326 in
710 3268 871 3343 diversum,
888 3268 913 3325 si
930 3273 1010 3326 retro
1030 3284 1119 3343 agas,
1139 3265 1245 3324 valeat.

243 3345 433 3428 Consequens
451 3353 525 3412 enim
543 3361 604 3430 est,
622 3369 693 3430 eos,
711 3354 760 3431 qui
774 3350 855 3412 inviti
869 3349 936 3410 duci
953 3366 1011 3409 non
1026 3351 1189 3429 potuerint,
1206 3349 1246 3406 in-

199 3432 316 3495 iSvitos
332 3450 389 3493 non
404 3437 536 3515 potuisse
552 3437 681 3497 retineri.
714 3435 768 3497 llla
784 3450 918 3515 quoque,
938 3451 1012 3513 quae
1030 3453 1068 3494 ex
1081 3434 1168 3494 rebus
1187 3448 1246 3492 mu·
