2566 4026
231 155 293 216 234
544 169 581 214 m.
598 167 677 214 ran.
695 166 915 226 qurnrrnranr

231 331 349 384 oratore
362 322 489 380 acutior:
511 319 661 400 Suscepto
674 323 761 398 bello,
783 319 912 399 Caesar,
923 330 1009 400 posto
1018 322 1084 382 icm
1096 324 1198 385 etiam
1210 343 1250 386 ec

226 414 321 486 porte
331 424 454 484 moysa.
480 404 625 465 Praedixit
636 407 725 466 enim:
741 403 895 478 Quantum
906 413 1014 484 potero
1024 424 1103 467 ooce
1116 416 1247 470 conten·

232 492 321 565 dam,
342 497 374 550 ut
390 489 524 568 popolus
543 489 600 550 hoc
617 489 774 551 Romocm
788 492 948 553 csoudict.
980 489 1100 550 Paulum
1118 491 1247 552 infertor

230 584 258 634 et
275 572 386 634 hahens
401 573 510 649 aliquid
524 574 580 632 iam
595 573 794 633 iucunditatis:
812 571 895 646 Quid
909 576 988 636 enim
1003 583 1073 635 tous
1087 575 1160 650 ille,
1183 575 1244 637 To·

170 660 313 734 lothero,
326 659 359 717 in
373 659 442 718 ocie
459 655 645 718 Pharsalico
656 659 783 735 plautius
799 659 932 735 apebot?
962 657 1080 717 Plenius
1097 658 1199 719 adhuc
1216 669 1244 719 et

227 742 333 802 lentius
347 741 474 818 ideoque
490 740 619 801 dulcius:
642 739 681 802 In
697 749 783 803 coetu
797 759 870 803 cero
881 743 987 820 popuii
998 741 1118 802 Roman
1132 744 1242 822 inspo-

227 828 300 887 tium
311 825 470 902 publicum
481 842 604 902 percos.
629 824 820 885 Producenda
836 827 930 885 omnia
944 825 1169 902 trahendaeque
1182 836 1241 887 tum

226 908 350 969 vocales
377 907 613 987 aperiendaeque
640 917 704 968 suunt
729 909 840 968 fauces.
874 908 1011 969 Pleniore
1037 918 1136 969 tamen
1164 909 1240 971 haec

227 993 321 1052 canali
336 991 440 1052 fluunt:
468 988 543 1067 Vos,
566 989 682 1054 Albuci
694 993 802 1054 tumuli
818 1000 911 1070 utque
931 994 1003 1054 tuci.
1044 992 1105 1052 lam
1131 997 1239 1054 cantici

226 1076 361 1155 quiddam
378 1074 484 1135 hahent
500 1078 666 1154 sensimque
682 1077 898 1153 resupinantur:
916 1075 1005 1138 Suco
1022 1083 1116 1153 utque
1131 1080 1239 1139 solitu·

166 1170 217 1226 168
225 1163 314 1221 dines
327 1161 396 1221 uoci
411 1162 607 1238 respondent.
638 1159 725 1220 Tales
746 1169 811 1221 sunt
833 1160 903 1220 illae
918 1160 1121 1220 inclinationes
1138 1163 1238 1237 vocis,

224 1261 296 1323 quas
311 1243 435 1303 invicem
451 1243 665 1304 Demosthenes
683 1253 770 1322 atque
786 1243 950 1304 Aeschines
968 1243 1163 1322 exprobrant,
1181 1263 1239 1305 non

223 1328 291 1388 ideo
307 1327 532 1405 improbandac;
556 1345 620 1387 cum
638 1329 713 1386 enim
728 1336 852 1406 uterque
875 1328 958 1388 alteri
976 1327 1110 1387 obiiciat:
1137 1329 1238 1406 palam

224 1421 269 1471 est
292 1421 443 1489 utrumque
469 1411 589 1471 fecisse.
624 1410 697 1471 Nam
725 1429 822 1490 neque
849 1412 899 1471 ille
924 1430 978 1490 per
1002 1409 1186 1471 Marathonis
1208 1423 1239 1472 et

222 1495 405 1555 Plataearum
428 1504 457 1554 et
482 1495 634 1556 Salaminis
657 1504 893 1573 propugnatores
915 1505 997 1554 recto
1022 1512 1095 1553 sono
1115 1496 1236 1573 iuravit,

166 1584 279 1640 169nco
300 1578 351 1638 ille
375 1577 491 1638 Thebas
514 1597 650 1638 sermone
674 1578 801 1638 defleuit.
837 1578 891 1638 Est
910 1579 955 1638 his
978 1577 1094 1637 diversa
1117 1596 1184 1639 vox
1207 1589 1238 1640 et

223 1680 318 1740 paene
335 1671 418 1721 extra
434 1679 589 1739 organum,
614 1663 658 1722 cui
677 1660 780 1723 Graeci
801 1679 906 1722 nomen
927 1662 1123 1722 amaritudinis
1142 1662 1235 1724 dede-

222 1754 298 1821 runt,
317 1746 531 1823 supermodum
546 1764 581 1806 ac
593 1763 688 1824 paene
703 1753 832 1805 naturam
847 1746 930 1805 vocis
947 1746 1087 1805 humanae
1104 1747 1234 1807 acerba:

224 1826 305 1901 Quin
327 1831 518 1905 compescitis
535 1848 640 1892 vocem
659 1829 767 1906 istam,
787 1832 922 1890 indicem
938 1829 1099 1905 stultitiae,
1125 1838 1235 1892 testem

222 1913 411 1990 paucitatis?
436 1912 495 1972 Sed
510 1913 550 1989 id,
566 1913 644 1990 quod
660 1914 808 1973 excedere
823 1914 938 1973 modum
956 1913 1025 1989 dixi,
1041 1913 1069 1971 in
1080 1912 1132 1972 illa
1146 1924 1234 1993 parte

166 1997 314 2073 lioprima
337 2006 395 2056 est:
423 1994 504 2069 Qotn
520 1999 719 2076 compescitis.
749 1996 909 2075 Epilogus,
932 1998 956 2055 si
981 1998 1232 2058 enumerationem

222 2097 318 2138 rerum
333 2079 432 2157 habet,
448 2079 597 2141 desiderat
612 2081 753 2160 quandam
769 2081 952 2140 concisorum
968 2080 1231 2150 continuationem

223 2164 247 2222 si
265 2163 301 2223 ad
317 2165 505 2224 concitandos
527 2165 639 2224 iudices
663 2173 708 2224 est
723 2165 974 2224 accommodatus:
996 2163 1105 2240 aliquid
1127 2184 1168 2224 ex
1182 2166 1230 2242 iis,

222 2265 298 2325 quae
320 2266 407 2326 supra
428 2247 502 2317 dixi;
530 2250 556 2308 si
579 2248 755 2327 placandos:
780 2248 943 2308 inclinatam
966 2247 1107 2325 quandam
1124 2247 1229 2308 lenita·

220 2339 293 2400 tcm;
322 2332 347 2390 si
363 2332 563 2392 misericordia
585 2331 827 2392 commovendos:
855 2331 962 2391 llexum
983 2331 1065 2390 vocis
1091 2339 1121 2389 et
1143 2332 1228 2392 liebi-

221 2413 279 2473 lcm
302 2417 488 2492 suavitatem,
515 2432 572 2494 qua
594 2417 752 2494 praecipue
774 2415 944 2492 franguntur
965 2414 1065 2489 animi,
1089 2431 1228 2494 quaeque

222 2506 267 2556 est
283 2501 406 2558 maxime
425 2499 572 2558 naturalis.
603 2497 675 2558 Nam
692 2500 777 2559 etiam
795 2499 885 2558 orbos
899 2499 1059 2577 viduasque
1075 2498 1181 2560 videas
1199 2501 1228 2558 in

164 2581 291 2658 lilipsis
319 2582 470 2642 funeribus
500 2599 607 2642 canoro
637 2582 761 2660 quodam
787 2582 875 2642 modo
903 2581 1131 2661 proclamantes.
1171 2581 1227 2642 llic

221 2666 307 2726 etiam
322 2666 405 2726 fusca
419 2666 470 2726 illa
484 2684 559 2743 vox,
584 2666 699 2744 qualem
715 2663 821 2726 Cicero
842 2666 932 2726 fuisse
955 2667 982 2725 in
998 2663 1125 2724 Antonio
1144 2665 1225 2743 dicit,

219 2749 291 2808 mire
312 2749 416 2819 faciem
441 2749 530 2810 habet
551 2751 625 2809 enirn
647 2751 740 2826 inse,
767 2749 845 2828 quod
859 2751 1008 2809 imitamur.
1040 2747 1162 2826 Duplex
1179 2759 1226 2810 est

219 2840 315 2892 tamen
334 2833 500 2909 miseratio,
521 2833 614 2893 altera
634 2852 698 2893 curn
718 2834 839 2910 invidia,
863 2833 956 2912 qualis
976 2832 1064 2894 modo
1085 2832 1164 2893 dicta
1187 2833 1225 2893 de

219 2914 400 2976 damnatione
415 2917 589 2993 Philodami,
617 2917 709 2977 altera
735 2935 798 2976 cum
821 2917 1029 2995 deprecatione
1056 2916 1223 2976 demissior.

162 3003 213 3058 172
223 2999 331 3077 Quare,
351 3002 462 3060 etiamsi
478 3002 567 3060 estin
583 3001 642 3061 illis
658 3018 774 3080 quoque
788 3010 887 3060 cantus
898 3000 1066 3062 obscurior:
1083 2998 1122 3060 lm
1135 3008 1225 3064 coctu

221 3102 295 3146 cero
306 3085 415 3163 popuii
429 3084 579 3154 Romoci;
593 3102 651 3144 non
666 3085 741 3144 enim
756 3084 830 3144 haec
846 3085 965 3144 rixantis
981 3083 1069 3144 modo
1088 3082 1175 3153 dixit;
1194 3093 1225 3145 ct

146 3188 149 3192 ·
224 3166 299 3245 Vos,
316 3165 431 3230 Albuci
444 3170 570 3238 tumuli‚·
593 3170 758 3245 nonenim,
775 3171 857 3247 quasi
878 3169 1046 3229 inclamaret
1066 3175 1114 3226 eut
1130 3177 1222 3230 teste·

218 3260 316 3327 retur,
334 3252 448 3313 locutus
467 3262 526 3312 est:
546 3262 643 3313 tamen
658 3253 766 3312 inlinito
782 3254 874 3330 magis
889 3252 940 3312 illa
960 3252 1037 3312 llexa
1052 3259 1082 3310 et
1097 3253 1223 3313 circum·

218 3333 304 3393 ducta
319 3344 399 3396 sunt:
414 3333 465 3399 lile
478 3337 632 3412 miserum,
649 3355 697 3398 me
710 3336 871 3415 infelicem,
888 3345 917 3396 et
933 3334 1223 3415 (autumpnatem

217 3416 324 3479 liberis
339 3420 437 3480 meist
456 3428 485 3480 et
501 3419 661 3482 lieoocore
675 3425 709 3482 tu
723 3438 770 3483 me
783 3422 817 3482 ic
830 3421 968 3500 patrium
979 3420 1117 3498 potuisti,
1134 3419 1223 3500 dito,
