2566 4026
227 177 267 239 8⁰
549 186 910 246 numerumnunerum

225 345 391 406 moriantur.
417 342 475 401 Vix
486 341 545 417 illa,
563 340 638 419 quae
649 337 829 418 πεποιημένα
838 349 954 414 voeant,
973 358 1046 418 qnae
1060 341 1230 402 exvoeibna

226 431 255 489 in
271 446 353 487 usum
367 428 495 504 receptis
512 441 686 503 quoeunque
701 423 787 483 modo
803 424 998 500 declinantur,
1014 425 1098 484 nobis
1114 428 1230 504 permit·

226 514 326 588 timus,
344 510 439 589 qualia
454 518 518 569 sunt
529 507 691 570 Stillutunt
703 517 732 567 et
741 510 982 586 proscripturit·
1000 518 1086 586 atque
1098 512 1231 572 laurente

186 605 219 662 33
224 605 328 675 poetes
344 611 398 672 pro
414 593 467 652 illo
481 594 571 654 lutire
587 593 740 668 coronati,
757 609 795 650 ex
810 591 911 652 eadem
931 591 1047 652 fictione
1063 601 1138 652 sunt.
1173 593 1231 653 Sed

199 680 285 740 *boo
308 678 434 737 feliciter
457 676 577 743 evaluit;
609 685 638 737 at
663 684 763 736 eontra
782 678 832 737 oio
851 691 905 754 pro
926 694 976 752 eo,
1001 676 1157 736 infelicius.
1200 675 1231 736 ln

228 762 347 823 Graecis
362 751 655 831 ὀπισθενακόλουθος
669 775 727 819 non
738 758 815 819 bene
832 777 867 819 ae
883 759 954 818 dure
970 762 1078 820 etiam'
1069 778 1231 837 iungemus,

227 864 275 924 qut
268 844 449 904 toleranter
465 843 565 903 videre
580 845 800 942 septentriones
816 843 954 902 videmur.

185 940 221 997 34
310 926 355 987 Eo
376 929 468 1004 magis
493 929 661 986 necessaria
684 921 931 1006 κατάχρησις,
960 944 1043 1004 quam
1059 937 1141 988 reete
1162 926 1231 986 ‹liei-

226 1030 288 1072 mus
307 1011 542 1086 abusionem,
562 1027 636 1088 quae
652 1027 709 1069 non
723 1009 893 1070 habentibus
906 1027 1009 1070 nomen
1025 1029 1106 1070 sunm
1118 1027 1231 1070 aenom-

226 1096 340 1170 modat,
364 1093 466 1171 quod
456 1112 485 1153 m
499 1095 632 1173 proximo
651 1103 710 1154 est:
734 1096 777 1152 sie

351 1209 394 1225 —
415 1175 536 1255 Equum
553 1180 659 1240 diuino
674 1175 813 1239 Palladio
828 1185 896 1239 erte
908 1177 1093 1255 Aedificant,

185 1274 220 1330 35
228 1272 258 1323 et
272 1261 348 1341 apud
361 1260 502 1339 Tragieos
518 1259 635 1324 Etiam
650 1265 697 1324 leo
709 1263 831 1339 periet·
847 1269 875 1319 at
890 1269 973 1338 pater
988 1269 1042 1319 est.
1074 1259 1156 1321 Mille
1168 1269 1233 1320 sunt

228 1347 318 1407 haee:
338 1355 366 1405 et
381 1346 546 1408 acetabula
561 1346 697 1424 quidquid
709 1344 830 1420 babent,
848 1353 876 1403 et
885 1345 1020 1423 pyxides
1036 1347 1232 1422 cuiuscunque

228 1431 366 1490 materiae
387 1438 467 1505 sunt,
487 1439 515 1489 et
527 1431 695 1508 parricide
717 1430 814 1488 matris
831 1445 947 1507 qnoque
965 1438 1013 1488 aut
1028 1428 1124 1487 fratris
1145 1430 1232 1487 inter·

228 1515 333 1575 lector.
358 1512 645 1592 Diseernemlumque
662 1521 706 1572 est
721 1512 778 1572 hoo
792 1521 882 1572 totum
897 1511 1112 1571 atranslatione
1127 1529 1232 1588 genus,

229 1598 295 1675 quia
313 1597 413 1656 abusio
431 1605 495 1672 est,
516 1597 565 1656 nbi
580 1614 685 1657 nomen
700 1596 805 1662 defuit:
828 1595 995 1672 translatio,
1011 1595 1060 1654 ubi
1077 1594 1154 1655 aliud
1170 1595 1232 1653 fnit.

228 1679 300 1740 Nam
316 1689 423 1758 poetae
439 1641 535 1740 solent
551 1680 670 1740 abusive
684 1681 787 1739 etiam'
779 1699 808 1741 ιιι
822 1681 866 1740 his
878 1679 983 1778 rebus,
1001 1679 1103 1757 quibus
1118 1680 1233 1738 nomine

186 1773 281 1828 alisna
299 1772 381 1838 sunt,
403 1764 506 1823 vicinis
531 1767 627 1862 potins
643 1765 697 1831 nti;
719 1764 796 1843 qrrod
817 1781 912 1824 rarum
934 1765 962 1822 in
977 1780 1065 1841 prosa
1081 1771 1135 1822 est.
1180 1761 1232 1821 llla

230 1863 348 1926 quoqne
363 1847 477 1924 qnidam
492 1841 683 1930 καταχρήσεις
697 1848 798 1908 volunt
816 1866 899 1922 esse,
920 1864 983 1906 oum
1002 1864 1056 1925 pro
1072 1846 1234 1905 temeritate

228 1933 328 1992 virtus
344 1939 391 1990 aut
406 1947 460 2008 pro
476 1931 589 1991 luxuria
604 1933 775 1993 liberalitas
788 1932 900 1992 dieitur.
942 1929 969 1988 Α
986 1930 1087 2008 quibus
1101 1945 1158 2006 ego
1172 1929 1232 2009 qni·

229 2014 295 2074 dem
312 2013 466 2083 dissentio;
487 2033 611 2094 namque
628 2016 657 2074 in
671 2015 715 2075 bis
730 2033 789 2079 non
804 2016 926 2075 verbnm
941 2031 994 2092 pro
1010 2013 1102 2074 verbo
1118 2013 1235 2090 ponitur

230 2097 282 2157 sed
304 2115 352 2156 res
376 2115 429 2175 pro
452 2116 495 2157 re.
544 2098 648 2177 Neque
671 2100 745 2159 enim
771 2103 921 2179 quisquam
941 2107 1021 2175 putat
1040 2098 1182 2158 luxuriam
1206 2105 1235 2155 et

229 2180 431 2243 liberalitatem
446 2181 521 2242 idem
533 2184 712 2261 significare;
728 2201 829 2243 verum
840 2183 884 2259 id,
901 2181 979 2260 quod
994 2184 1046 2258 sit,
1063 2181 1135 2241 alius
1151 2179 1234 2239 ltuxn·

228 2266 299 2326 riam
315 2282 382 2324 esse
399 2264 467 2325 dicit
479 2266 552 2327 alius
570 2266 788 2344 liberalitatem,
806 2267 934 2346 quamvis
949 2268 1042 2325 nentri
1055 2264 1171 2324 dubium
1186 2264 1235 2335 sit,

229 2348 303 2411 haee
318 2365 386 2407 esse
401 2349 525 2410 diversa.

187 2439 221 2496 at
313 2431 455 2510 Superest
471 2452 509 2495 eu
523 2434 584 2511 bis,
609 2452 684 2513 quae
706 2434 790 2494 aliter
809 2433 990 2532 significant,
1008 2423 1235 2509 μετάληψις,

228 2517 258 2577 id
280 2525 325 2576 est
345 2519 549 2617 transumptio,
577 2535 651 2596 qnae
673 2536 711 2577 ex
731 2518 791 2578 alio
810 2527 896 2596 tropo
913 2518 942 2575 in
959 2515 1045 2575 alium
1064 2514 1145 2574 'velut
1160 2515 1236 2573 viam

230 2607 374 2680 praestat;
400 2609 429 2660 et
447 2602 609 2661 rarissimus
632 2611 661 2661 et
675 2603 797 2662 maxime
812 2600 986 2679 improprius
1003 2597 1123 2659 Graecis
1140 2607 1237 2658 tamen

230 2683 429 2780 frequentior,
446 2702 494 2762 qur
487 2682 696 2748 Centenium
715 2682 840 2745 Chirona
856 2693 885 2744 et
900 2700 1033 2745 ensesue
1048 2685 1168 2745 insulae
1183 2674 1235 2759 νή

231 2784 300 2838 σονς
314 2756 392 2838 θοὰς
406 2767 512 2829 dieunt
555 2768 617 2828 Nos
634 2771 698 2848 quis
714 2769 804 2846 ferat,
826 2788 851 2828 er
843 2768 985 2829 Verrem
1001 2775 1148 2829 eoemant
1163 2765 1235 2824 Lae·

188 2852 297 2915 tillium
319 2850 440 2911 doctum
463 2853 663 2912 nominemus?
706 2851 759 2912 Est
784 2854 858 2912 enim
871 2852 976 2912 haeo
967 2869 996 2910 ιιι
1009 2849 1164 2928 metalepsi
1185 2866 1235 2909 na·

230 2945 310 3008 tura,
329 2940 359 2991 nt
370 2934 445 2994 inter
455 2935 500 3011 id,
519 2937 595 3014 qnod
611 2936 798 3013 transfertur,
815 2938 851 2995 sit
865 2936 976 2996 medius
988 2934 1101 3014 quidam
1115 2933 1236 3010 gradus,

230 3016 301 3079 nihil
324 3017 387 3094 ipse
409 3019 575 3096 significans
591 3019 644 3079 sed
660 3019 805 3098 praebens
825 3021 987 3086 transitnm;
1015 3036 1100 3096 quem
1120 3026 1237 3094 tropum

230 3107 323 3182 magis
348 3105 532 3179 affectamus,
555 3112 585 3162 nt
608 3103 717 3163 babere
738 3104 900 3180 videamur,
924 3120 1008 3181 quam
1030 3102 1121 3162 ullo
1112 3120 1141 3160 ιιι
1165 3100 1235 3160 loco

230 3186 437 3250 desideramus.
482 3185 554 3247 Nam
578 3187 607 3247 id
628 3189 690 3246 eins
712 3186 973 3266 frequentissimum
999 3185 1164 3264 exemplum
1190 3193 1237 3246 est

205 3264 330 3349 *eoum
354 3281 458 3347 ennio,
481 3274 569 3342 ebbe,-
592 3272 631 3331 ita
646 3290 741 3348 enne,
759 3271 839 3333 dieo
880 3271 1007 3331 Interest
1025 3270 1149 3329 medinm
1164 3267 1238 3328 illud

189 3358 328 3416 obeunte.
369 3354 434 3416 Neo
451 3355 579 3416 diutins'
570 3374 599 3414 m
614 3371 651 3414 eo
669 3356 850 3423 morandnm;
873 3354 940 3414 nibil
958 3355 1033 3413 enim
1050 3373 1119 3413 usus
1136 3352 1236 3412 admo·

232 3434 297 3496 llum
311 3438 397 3498 video
412 3441 482 3516 nisi,
506 3449 536 3500 nt
549 3439 658 3516 dixi,
650 3457 678 3498 ιιι
693 3439 804 3498 mediis.
