2566 4026
201 151 262 212 248
519 161 883 220 consummaremur

203 321 259 379 siut
274 318 362 378 multa
377 318 504 396 propriis
520 316 716 394 brevibusque
738 316 1050 394 comprehensionibus
1073 319 1223 396 finienda,

202 404 277 463 unde
301 404 385 463 etiam
416 410 507 460 status
529 419 679 460 causarum
706 401 809 460 dicitur
834 401 973 460 finitivus:
1005 418 1109 461 nonne
1134 403 1173 463 ad
1194 403 1223 464 id

203 505 320 567 quoque
336 487 437 545 instrui
453 485 488 544 ab
504 486 555 561 iis,
578 485 625 562 qui
641 484 706 562 plus
721 485 750 542 in
765 484 822 544 hoc
838 485 923 544 studii
939 484 1103 563 dederunt,
1130 505 1222 566 opor·

202 569 264 631 tet?
287 567 382 644 Quid?
408 586 466 628 non
482 570 614 647 quaestio
633 569 702 627 iuris
724 570 814 626 omnis
838 576 885 628 aut
902 569 1058 628 verborum
1078 573 1221 650 proprie·

203 665 262 715 tate
280 665 328 714 aut
344 655 429 732 aequi
445 653 640 731 disputatione
655 661 703 711 aut
720 653 875 712 voluntatis
893 655 1061 713 coniectura
1080 657 1219 715 contine·

203 737 268 799 tur?
292 755 413 816 quorum
431 755 498 815 pars
512 737 547 796 ad
562 737 743 811 rationalem,
763 755 830 814 pars
847 736 883 795 ad
899 736 1038 796 moralem
1055 746 1218 800 tractatum

159 824 349 889 aoredundat.
395 820 475 898 Ergo
497 828 597 880 natura
620 821 760 898 permixta
787 829 831 879 est
858 821 988 879 omnibus
1013 822 1080 880 istis
1107 825 1217 898 oratio,

203 925 278 985 quae
301 905 416 985 quidem
438 905 530 963 oratio
552 913 597 963 est
616 922 697 963 vere.
735 903 807 963 Nam
828 905 928 981 ignara
951 905 1067 983 quidem
1090 907 1217 967 huiusce

203 991 353 1050 doctrinae
377 990 538 1066 loquacitas
561 997 639 1048 erret
662 1006 787 1048 necesse
808 996 872 1064 est,
893 997 922 1047 ut
945 1007 1019 1067 quae
1040 990 1094 1050 vel
1117 990 1217 1050 nullos

202 1073 251 1133 vel
266 1075 359 1134 falsos
377 1074 467 1133 duces
483 1071 599 1131 habeat.

287 1158 358 1217 Pars
380 1174 452 1216 vero
471 1155 672 1231 naturalis,
695 1174 758 1215 cum
782 1164 827 1215 est
844 1158 880 1217 ad
902 1157 1148 1217 exercitationem
1173 1158 1214 1218 di·

204 1242 288 1301 cendi
304 1241 505 1301 tanto'ceteris
520 1239 654 1316 uberior,
673 1248 780 1317 quanto
799 1242 909 1299 maiore
926 1241 1028 1317 spiritu
1050 1241 1089 1300 de
1107 1243 1214 1303 divinis

203 1325 291 1385 rebus
312 1343 396 1403 quam
414 1324 544 1384 humanis
562 1324 736 1402 loquendum
754 1332 815 1400 est,
837 1332 895 1383 tum
912 1325 990 1384 illam
1010 1326 1098 1384 etiam
1116 1343 1213 1385 mora-

203 1409 277 1485 lem,
293 1411 355 1468 sine
372 1427 427 1486 qua
442 1408 520 1468 nulla
536 1426 620 1484 esse,
639 1416 669 1466 ut
686 1408 854 1484 docuimuS,
875 1410 968 1467 oratio
984 1417 1102 1486 potest,
1121 1418 1213 1469 totam

160 1505 192 1558 21
204 1494 415 1571 complectitur.
450 1491 522 1552 Nam
545 1493 569 1550 si
592 1493 703 1569 regitur
723 1493 905 1569 providentia
926 1493 1062 1552 mundus:
1090 1494 1212 1553 admini-

204 1578 320 1637 stranda
347 1585 427 1636 certe
450 1576 534 1635 bonis
548 1578 618 1635 viris
641 1577 695 1635 erit
712 1593 760 1634 res
780 1576 913 1654 publica;
943 1577 966 1634 si
982 1576 1078 1653 diviua
1100 1578 1212 1637 nostris

204 1663 304 1720 animis
322 1662 422 1737 origo:
445 1660 617 1719 tendendum
639 1660 673 1719 ad
696 1661 830 1719 virtutem
853 1679 908 1720 nec
929 1660 1131 1737 voluptatibus
1152 1670 1212 1721 ter·

205 1747 266 1803 reni
283 1746 415 1823 corporis
431 1744 624 1802 serviendum.
663 1749 709 1801 An
724 1743 797 1804 haec
812 1761 870 1804 non
886 1745 1056 1822 frequenter
1072 1745 1213 1805 tractabit

205 1826 325 1887 orator?
354 1828 400 1886 An
417 1827 453 1886 de
470 1829 613 1904 auguriis,
629 1829 797 1904 responsis,
815 1829 959 1906 religione
976 1829 1102 1905 denique
1120 1831 1211 1904 omni,

204 1912 240 1971 de
257 1911 359 1989 quibus
375 1912 496 1969 maxima
514 1929 604 1988 saepe
619 1913 648 1969 in
665 1919 767 1970 senatu
786 1913 906 1972 consilia
921 1922 1038 1971 versata
1057 1922 1135 1989 sunt,
1154 1931 1213 1972 non

205 1995 259 2054 erit
275 1997 302 2054 ei
317 1995 531 2069 disserendum,
556 1996 580 2053 si
596 1994 726 2072 quidem,
748 2004 778 2054 ut
793 1996 877 2055 uobis
892 1996 1005 2074 placet,
1031 1996 1147 2055 futurus
1166 2006 1213 2056 est

204 2080 248 2138 vir
269 2079 361 2138 civilis
385 2076 483 2138 idem?
515 2079 597 2152 Quae
621 2079 746 2157 denique
764 2080 888 2158 intelligi
909 2081 1011 2140 saltem
1028 2088 1131 2157 potest
1148 2082 1212 2140 elo·

162 2165 320 2241 22quentia
335 2163 457 2223 hominis
471 2165 579 2241 optima
589 2160 770 2223 nescientis?
792 2164 872 2225 Haec
885 2166 909 2223 si
924 2166 1036 2224 ratione
1053 2164 1212 2224 manifesta

204 2265 261 2307 non
278 2258 394 2308 essent:
411 2247 553 2325 exemplis
574 2256 669 2307 tamen
686 2247 881 2307 crederemus.
914 2248 1061 2326 Siquidem
1082 2258 1113 2308 et
1128 2248 1212 2308 Peri·

205 2331 290 2409 clem,
307 2335 387 2392 cuius
405 2332 601 2409 eloquentiae,
618 2333 728 2391 etiamsi
744 2332 822 2391 nulla
838 2334 873 2393 ad
888 2349 942 2391 nos
957 2341 1142 2391 monumenta
1159 2351 1211 2392 ve·

204 2425 324 2493 nerunt,
345 2418 402 2475 vim
425 2425 520 2476 tamen
536 2417 675 2493 quandam
690 2416 890 2475 incredibilem
915 2434 978 2476 cum
994 2416 1127 2475 historici
1151 2426 1212 2476 turn

206 2502 307 2576 etiam,
329 2499 505 2559 liberrimum
524 2500 667 2558 hominum
683 2518 795 2577 genus,
818 2502 920 2560 comici
942 2509 1060 2559 veteres
1079 2499 1210 2575 tradunt,

205 2584 401 2662 Anaxagorae
416 2584 528 2662 physici
546 2592 658 2643 constat
679 2584 839 2643 auditorem
854 2585 961 2660 fuisse,
984 2592 1013 2643 et
1030 2582 1210 2643 Demosthe·

205 2685 287 2743 nem,
314 2669 475 2746 principem
498 2669 621 2726 omnium
638 2667 777 2727 Graeciae
800 2678 962 2743 oratorum,
991 2667 1108 2726 dedisse
1134 2684 1209 2745 ope·

161 2761 263 2814 23ram
277 2751 399 2812 Platoni.
430 2750 503 2811 Nam
518 2750 556 2824 m,
574 2751 700 2825 Tullius,
727 2768 784 2810 non
800 2762 906 2811 tantum
922 2771 954 2810 se
970 2750 1078 2810 debere
1095 2750 1210 2811 scholis

205 2836 368 2911 rhetorum,
390 2844 524 2913 quantum
545 2835 720 2895 Academiae
741 2838 857 2913 spatiiS,
882 2837 1051 2915 frequenter
1073 2835 1140 2911 ipse
1165 2844 1210 2895 te·

204 2929 308 2988 statum
336 2937 432 2997 neque
447 2938 480 2979 se
498 2928 575 2979 tanta
592 2921 620 2977 in
635 2936 671 2979 eo
687 2938 811 2997 unquam
828 2920 950 2980 fudisset
965 2919 1102 2994 ubertas,
1126 2920 1152 2977 si
1168 2921 1210 2978 in·

204 3006 319 3079 genium
337 3022 418 3062 suum
435 3012 576 3081 consepto
594 3004 650 3063 fori
667 3020 725 3062 nou
741 3005 832 3082 ipsius
849 3022 944 3063 rerum
961 3012 1078 3063 naturae
1102 3002 1210 3062 linibus

205 3090 398 3147 terminasset.

288 3171 397 3231 Verum
415 3191 453 3232 ex
467 3172 525 3231 hoc
541 3173 596 3231 alia
611 3171 677 3230 mihi
695 3172 989 3248 quaestioexoritur,
1013 3187 1086 3247 quae
1103 3179 1210 3231 secta

206 3256 341 3317 conferre
357 3256 508 3334 plurimum
525 3255 709 3333 eloquentiae
724 3257 833 3333 possit3
859 3272 1017 3332 quanquam
1035 3271 1069 3312 ea
1084 3270 1143 3313 non
1167 3256 1210 3313 in·

163 3347 197 3400 at
207 3347 252 3398 ter
272 3341 375 3400 multas
397 3349 496 3418 potest
517 3358 583 3399 esse
608 3341 763 3399 contentio.
799 3337 872 3398 Nam
894 3340 922 3397 in
937 3340 1035 3416 primis
1050 3354 1104 3396 nos
1120 3337 1210 3416 Epi·

207 3439 315 3482 ourus
332 3443 348 3484 a
363 3443 395 3484 se
411 3426 475 3503 ipse
492 3423 619 3501 dimittit,
643 3425 691 3502 qui
708 3424 812 3500 lugere
833 3440 944 3482 omnem
960 3422 1142 3500 disciplinam
1160 3440 1208 3483 na·
