2566 4026
409 190 497 238 rusr.
512 189 661 238 cunnos.
674 190 742 238 crs.
756 191 794 256 X,
809 191 832 242 1.
1070 182 1129 243 155

123 348 171 426 qui
183 348 238 406 sint
252 346 295 405 his
307 344 452 418 simillimi,
471 343 613 413 iudicare;
630 363 666 404 ne
679 345 830 425 quisquam
842 357 987 425 queratur,
1004 351 1130 411 omissos

123 431 210 507 forte,
229 447 302 508 quos
318 429 382 508 ipse
396 428 481 488 valde
497 428 613 506 probet.
649 427 756 488 Fateor
778 431 852 488 enim
867 430 968 510 plures
984 433 1129 510 legendos

123 533 190 574 esse
208 532 291 592 quam
308 514 355 590 qui
374 531 389 573 a
407 530 452 571 me
468 513 696 573 nominabuntur.

207 599 266 658 Sed
281 615 358 656 nunc
373 614 483 673 genera
500 597 563 675 ipsa
583 597 757 673 lectionum,
780 616 855 677 quae
877 601 1035 678 praecipue
1060 619 1129 663 con·

121 682 222 743 venire
240 680 463 755 intendentibus,
480 688 511 739 ut
523 690 656 742 oratores
671 681 749 757 fiant,
764 683 935 760 existimem,
954 702 1127 764 persequor.

204 766 310 843 lgitur,
334 774 366 824 ut
386 764 492 824 Aratus
517 765 557 826 ub
574 764 647 827 loce
666 765 874 844 incipiendum
894 776 991 846 putat,
1012 770 1051 829 ita
1075 781 1172 836 nosti

122 851 176 910 rite
189 850 322 929 coepturi
333 848 369 908 ab
386 847 542 908 Homero
560 849 699 909 videmur.
726 849 780 909 Hic
792 851 876 927 enim,
890 851 1129 930 quemadmodum

120 953 161 997 ec
185 933 309 997 Oceano
330 933 399 992 dicit
420 933 483 1009 ipse
507 934 640 995 amnium
659 933 847 1012 fontiumque
874 954 987 997 cursus
1011 938 1129 999 initium

121 1035 251 1096 cupere,
275 1015 404 1076 omnibus
431 1015 617 1096 eloquentiae
646 1018 776 1094 partibus
799 1018 965 1097 exemplum
985 1028 1015 1079 et
1035 1030 1129 1081 ortum

120 1102 207 1162 dedit.
245 1100 328 1160 llunc
350 1117 433 1159 nemo
457 1100 485 1158 in
507 1102 618 1177 maguis
645 1100 733 1160 rebus
759 1100 951 1179 sublimitate,
973 1104 1002 1163 in
1029 1106 1127 1182 parvis

120 1186 301 1264 proprietate
318 1185 510 1261 superaverit.
542 1183 622 1244 ldem
637 1185 730 1244 laetus
746 1203 781 1246 ac
795 1204 926 1264 pressus,
943 1187 1082 1248 iucundus
1099 1197 1129 1248 et

120 1270 229 1346 gravis,
247 1277 306 1327 tum
323 1269 407 1345 copia
423 1276 481 1326 tum
496 1266 639 1328 brevitate
654 1268 809 1345 mirabilis,
834 1288 889 1330 nec
906 1271 1023 1349 poetica
1040 1273 1126 1332 modo

120 1352 173 1411 sed
196 1353 324 1412 oratoria
350 1352 456 1410 virtute
485 1353 735 1412 eminentissimus.
772 1352 844 1413 Nam
872 1362 902 1413 ut
926 1354 961 1413 de
984 1354 1125 1432 laudibus,
1134 1364 1169 1421 47

122 1434 387 1510 exhortationibus,
416 1435 663 1496 consolationibus
686 1445 814 1497 taceam:
845 1454 940 1497 nonne
962 1437 1012 1498 vel
1034 1456 1126 1499 nonus

121 1520 206 1595 liber,
223 1537 279 1597 quo
297 1521 384 1578 missa
400 1518 435 1578 ad
451 1518 596 1579 Achillem
612 1519 721 1598 legatio
738 1521 910 1597 continetur,
926 1521 974 1582 vel
990 1522 1018 1581 in
1032 1524 1125 1601 primo

121 1605 195 1663 inter
216 1604 306 1663 duces
329 1602 379 1662 illa
402 1604 549 1662 contentio
572 1603 621 1664 vel
647 1605 741 1665 dictae
762 1606 791 1664 in
812 1604 941 1665 secundo
964 1607 1126 1666 sententiae

120 1705 220 1746 omnes
239 1686 328 1746 litium
344 1705 379 1746 ac
397 1688 584 1747 consiliorum
606 1687 754 1766 explicant
775 1685 875 1749 artes‘l
910 1689 1041 1749 Allectus
1064 1691 1168 1769 qui-48

119 1772 184 1831 dem
199 1771 247 1830 vel
267 1771 334 1830 illos
350 1772 433 1830 mites
449 1771 497 1832 vel
513 1771 567 1831 hos
590 1774 768 1849 concitatos,
792 1790 877 1833 nemo
901 1775 956 1833 erit
972 1782 1029 1833 tam
1044 1774 1124 1834 indo·

120 1865 193 1931 ctus,
211 1857 258 1933 qui
274 1871 331 1914 non
347 1856 374 1914 iu
394 1872 445 1915 sua
464 1865 611 1933 potestate
628 1855 703 1916 hunc
719 1866 867 1918 auctorem
882 1855 1019 1917 habuisse
1033 1858 1123 1917 latea-

118 1949 173 1999 tur.
204 1938 270 2016 Age
286 1956 369 2016 vero,
385 1956 442 1998 non
453 1942 602 2018 utriusque
620 1942 719 2018 operis
735 1942 885 2018 ingressus
900 1942 929 2000 in
943 1942 1124 2019 paucissimis

118 2023 252 2082 versibus
277 2023 373 2099 legem
394 2026 610 2101 prooemiorum
629 2042 687 2083 non
709 2025 775 2084 dico
796 2026 923 2085 servavit
943 2025 996 2085 sed
1018 2027 1123 2086 consti·

117 2104 191 2166 tuit?
222 2106 294 2166 Nam
312 2106 485 2166 benevolum
505 2108 664 2168 auditorem
684 2109 869 2168 invocatione
891 2108 1025 2184 dearum,
1053 2128 1124 2187 quas

118 2190 288 2268 praesidere
304 2191 417 2250 vatibus
434 2192 574 2250 creditum
590 2200 651 2266 est,
668 2200 697 2249 et
712 2192 849 2250 intentum
863 2193 1015 2270 proposita
1029 2211 1124 2252 rerum

118 2275 314 2352 magnitudine
331 2285 359 2334 et
377 2274 502 2335 docilem
525 2292 632 2333 summa
657 2273 794 2333 celeriter
817 2275 1029 2351 comprehensa
1043 2275 1122 2334 lacit.

117 2357 243 2419 Narrare
258 2376 330 2418 vero
348 2360 411 2436 quis
430 2357 547 2417 brevius
563 2376 647 2437 quam
666 2359 714 2436 qui
728 2367 851 2417 mortem
866 2359 975 2416 nuntiat
985 2357 1167 2434 Patrocli,49

118 2444 182 2520 quis
205 2442 414 2520 significantius
435 2450 533 2521 potest
556 2459 640 2518 quam
669 2442 717 2518 qui
738 2439 873 2501 Curetum
894 2439 1124 2520 Aetolorumque

117 2526 260 2605 proelium
277 2522 418 2605 exponit?
448 2524 507 2585 lam
521 2525 738 2601 similitudines,
756 2524 1006 2604 amplificationes,
1026 2543 1123 2585 exem·

116 2609 176 2689 pla,
196 2609 358 2686 digressus,
375 2612 458 2686 signa
473 2627 568 2669 rerum
584 2618 613 2669 et
625 2619 791 2686 argumenta
810 2617 967 2687 ceteraque
983 2608 1124 2688 probandi

117 2713 152 2754 ac
172 2694 317 2754 refutandi
334 2703 400 2754 sunt
416 2695 455 2753 ita
476 2691 577 2768 multa,
599 2703 629 2753 ut
650 2695 735 2753 etiam
753 2694 801 2772 qui
819 2694 855 2754 de
872 2694 979 2754 artibus
997 2694 1123 2772 scripse·

116 2787 181 2837 runt
197 2779 311 2855 plurimi
333 2779 430 2838 harum
454 2795 550 2838 rerum
572 2779 765 2837 testimonium
782 2778 817 2838 ab
835 2777 892 2837 hoc
910 2787 998 2856 poeta
1013 2786 1122 2855 petant.

115 2860 188 2920 Nam
207 2861 342 2938 epilogus
358 2863 474 2940 quidem
490 2862 553 2939 quis
568 2879 692 2940 uuquam
706 2863 815 2940 poterit
830 2861 889 2922 illis
903 2862 1005 2923 Priami
1021 2866 1167 2938 rogan-50

116 2946 152 3003 tis
169 2944 315 3005 Achillem
331 2944 469 3023 precibus
487 2941 627 3023 aequari?
653 2945 763 3023 Quid?
778 2947 807 3005 in
822 2945 937 3022 verbis,
960 2946 1123 3020 sententiis,

116 3028 235 3103 liguris,
258 3028 451 3107 dispositione
467 3029 555 3089 totius
579 3030 679 3107 operis
702 3046 797 3090 nonne
812 3029 926 3090 humani
941 3031 1048 3107 ingenii
1062 3045 1123 3088 mo·

116 3110 181 3169 dum
205 3111 342 3172 excedit?
366 3122 396 3172 ut
422 3114 517 3190 magni
543 3113 580 3173 sit
603 3114 724 3173 virtutes
751 3115 813 3174 eius
839 3130 897 3174 non
920 3114 1123 3189 aemulatione,

117 3193 194 3273 quod
211 3194 274 3254 lieri
290 3213 346 3255 non
362 3206 471 3274 potest,
489 3196 541 3256 scd
556 3197 706 3258 intellectu
723 3200 815 3277 sequi.
845 3197 953 3258 Verum
963 3197 1011 3257 hic
1022 3207 1165 3260 omuestl

116 3279 179 3336 sine
194 3278 280 3338 dubio
297 3282 368 3340 etin
386 3282 461 3340 omni
478 3300 588 3359 genere
604 3283 789 3360 eloquentiae
801 3281 904 3362 procul
921 3300 980 3342 ase
995 3282 1123 3360 reliquit,

116 3364 219 3440 epicos
238 3373 334 3425 tamen
351 3367 527 3445 praecipue,
546 3366 685 3427 videlicet
704 3369 770 3445 quia
787 3366 947 3427 clarissima
961 3368 989 3426 in
1004 3366 1123 3427 materia

115 3447 200 3507 simili
217 3451 395 3528 comparatio
412 3460 466 3511 est.
501 3450 579 3511 Raro
596 3452 722 3529 assurgit
743 3449 943 3529 Hesiodus,
961 3458 1166 3529 magnaquett
