2566 4026
156 147 197 208 34
474 158 840 216 u.sns.omnu1n1nn1

156 325 185 377 οι
204 321 296 395 pater
315 315 417 393 patris
438 313 540 386 faeiat,
570 312 639 372 illud
663 329 767 373 nomen
794 315 936 391 positum,
965 312 1022 374 hoo
1043 315 1079 376 ad
1105 315 1157 377 ali·

156 400 224 480 qnid
239 416 305 458 esse
322 397 506 457 contendunt.
531 396 687 456 Ροαοιοοοα
703 399 837 475 quoniam
851 406 1006 497 utrumque
1014 416 1030 457 a
1043 396 1158 461 Graeco

156 486 271 544 ductum
293 484 344 556 sit,
368 481 421 541 ad
417 498 490 540 eam
510 482 651 540 rationem
672 490 839 556 recurrunt,
863 489 894 539 ut
916 473 1026 563 πατρὸς
1042 486 1159 562 patris,

114 560 271 648 lindnpoc
286 567 358 664 apri
378 564 475 624 ἠοῖαι.
507 562 561 623 llla
582 574 676 624 tamen
696 565 841 642 quomodo
860 564 1015 642 effugient,
1037 574 1085 643 ut,
1106 585 1158 628 no-

154 653 228 711 mina
243 651 372 727 quamvis
392 649 525 708 leminina
541 649 680 748 singulari
697 651 871 709 nominativo
889 668 940 709 us
956 648 1060 709 litteris
1076 611 1158 712 ’linita

154 751 297 813 nunquam
314 733 443 810 genitivo
461 750 530 792 casu
545 735 591 794 ris
605 732 719 808 syllaba
735 735 938 808 terminentur,
956 733 1044 792 ἠοῖαι
1062 742 1158 794 tamen

159 817 260 879 Venus
276 815 424 878 Veneris?
439 819 507 876 item
524 834 588 875 cum
600 837 617 878 e
629 837 645 877 s
656 816 759 876 litteris
775 816 853 876 linita
869 834 923 895 per
938 819 1035 876 varios
1052 828 1159 880 exeant

155 903 311 981 genitivos,
323 919 465 979 nunquam
476 909 569 959 tamen
582 899 682 960 eadem
690 903 735 962 ris
746 900 859 975 syllaba
870 901 1049 976 terminatos,
1063 899 1159 965 Ocres

115 999 146 1050 15
157 994 244 1064 cogat
260 985 315 1046 dici
331 985 476 1046 Cereris?
494 983 569 1057 Quid
583 982 677 1044 vero?
696 1003 770 1062 quae
785 993 845 1043 tota
860 985 1012 1063 positionis
1027 986 1158 1048 eiusdem

155 1073 183 1130 iu
194 1070 327 1130 diversos
341 1069 433 1129 denus
447 1064 533 1128 eunt?
551 1086 614 1127 cum
621 1066 701 1130 Alba
713 1069 801 1128 faciat
811 1064 946 1130 Albanos
958 1077 987 1128 et
998 1065 1156 1146 Albenses,

154 1155 221 1216 octo
235 1155 315 1216 colui
330 1162 359 1213 et
372 1154 482 1215 ooiaoi.
515 1151 586 1211 Nam
604 1154 762 1231 praeterito
786 1151 901 1230 quidem
923 1160 1055 1230 tempore
1076 1155 1158 1213 varie

156 1239 274 1299 formari
286 1237 376 1298 verba
388 1239 478 1315 prima
494 1252 649 1315 personae
661 1237 757 1297 littera
772 1237 932 1312 terminata,
947 1238 1012 1315 ipsa
1024 1236 1158 1314 analogia

156 1322 341 1389 commeatum
362 1321 503 1399 siquidem
517 1320 588 1380 facit
607 1321 687 1382 cado
703 1320 821 1397 cecidi,
844 1321 981 1398 spondeo
995 1323 1156 1399 spopondi,

151 1409 246 1485 pinpo
258 1407 358 1484 pinni,
373 1406 440 1483 lepo
455 1406 525 1483 lepi,
539 1421 619 1482 pono
630 1406 732 1482 posui,
746 1404 859 1482 fraupo
871 1404 964 1483 frepi,
980 1404 1075 1466 laudo
1088 1407 1156 1466 lau-

114 1490 237 1560 lndaoi.
261 1488 326 1547 Non
343 1488 433 1562 enim,
451 1489 650 1565 cumprimum
665 1486 1001 1564 fingerenturhomines,
1022 1487 1157 1565 analogia

155 1573 280 1632 demissa
294 1570 380 1630 coelo
397 1570 516 1630 iormam
532 1570 669 1648 loquendi
685 1570 779 1646 dedit,
796 1571 848 1630 sed
865 1573 980 1631 inventa
997 1580 1057 1647 est,
1076 1580 1157 1650 post·

156 1674 240 1734 quam
262 1653 472 1732 loquebantur,
494 1663 523 1713 et
543 1662 671 1714 notatum
694 1656 723 1712 in
743 1671 896 1730 sermone,
919 1655 986 1733 quid
1010 1655 1157 1733 quomodo

156 1739 284 1799 caderet.
325 1737 426 1817 ltaque
448 1755 506 1797 non
525 1739 637 1797 ratione
658 1739 755 1798 nititur
776 1739 829 1798 sed
852 1739 1006 1817 exemplo,
1028 1756 1084 1797 neo
1107 1738 1158 1797 lex

156 1832 201 1883 est
222 1822 360 1900 loquendi
381 1821 434 1881 sed
457 1822 641 1898 observatio,
663 1831 693 1881 ut
715 1823 807 1899 ipsam
827 1822 988 1899 analogiam
1009 1822 1158 1882 uallares

114 1916 145 1970 17
156 1906 212 1967 alia
231 1900 337 1966 iecerit
352 1924 436 1983 quam
452 1906 642 1967 consuetudo.
678 1904 834 1965 Inhaerent
853 1915 948 1965 tamen
966 1906 1079 1984 quidam
1096 1923 1155 1965 mo·

155 1991 311 2050 lestissima
334 1989 502 2066 diligentiae
524 1992 734 2068 perversitate,
757 1998 788 2048 nt
809 1991 975 2052 audaciter
995 1991 1093 2068 potius
1116 1990 1156 2049 di·

155 2082 220 2134 cant
239 2090 323 2151 mam
339 2076 508 2149 audacter,
531 2073 600 2133 licet
616 2091 716 2132 omnes
738 2082 872 2132 oratores
887 2072 965 2134 aliud
987 2082 1155 2151 sequantur,

155 2166 184 2217 et
206 2159 347 2219 emicavit
368 2174 425 2216 non
445 2159 567 2218 emicuit
586 2165 616 2215 et
637 2159 741 2218 conire
763 2174 821 2216 non
841 2158 935 2220 coire.
967 2156 1018 2216 His
1039 2158 1156 2235 permit·

154 2250 245 2300 tamus
268 2248 297 2299 et
318 2242 477 2302 audivisse
499 2249 528 2300 et
545 2242 673 2302 sciuisse
695 2249 725 2300 et
746 2242 898 2303 tribunale
917 2249 947 2300 et
960 2241 1097 2319 faciliter
1114 2240 1156 2299 di-

156 2341 242 2400 cere,
263 2325 398 2404 frupalis
419 2342 536 2404 quoque
558 2325 596 2384 sit
619 2324 696 2404 apud
717 2325 785 2385 illos
806 2343 865 2385 nou
883 2325 984 2404 scapi,
1008 2342 1072 2384 nam
1097 2341 1156 2403 quo

116 2421 148 2476 18
155 2409 212 2468 alio
233 2408 319 2468 modo
338 2406 389 2468 liet
402 2409 594 2488 frupaiitas?
616 2408 706 2469 Iidem
721 2419 840 2472 centum
860 2411 945 2471 mitia
958 2428 1111 2470 nummum
1128 2417 1157 2467 et

153 2492 245 2570 fidem
265 2490 364 2553 Deum
386 2494 539 2553 ostendant
561 2493 694 2572 duplices
718 2511 835 2572 quoque
858 2492 1052 2552 soloecismos
1076 2510 1155 2566 esse,

156 2576 269 2655 quaudo
299 2584 329 2635 et
354 2595 452 2637 casum
477 2586 585 2637 mutant
613 2586 641 2635 et
668 2594 829 2643 numerum;
852 2574 1054 2633 nesciebamus
1081 2576 1156 2632 enim

155 2678 189 2720 ac
211 2677 269 2719 non
291 2660 490 2721 consuetudini
511 2669 540 2719 et
561 2660 662 2719 decori
683 2656 897 2730 serviebamus,
921 2657 996 2714 sieut
1016 2657 1044 2713 iu
1065 2655 1155 2733 pluri·

154 2746 224 2818 mis,
248 2761 323 2822 quae
340 2743 378 2803 Μ.
399 2743 533 2803 Tullius
524 2761 552 2801 rn
568 2740 691 2801 Oratore
714 2741 809 2800 divine
827 2748 857 2798 ut
875 2739 968 2798 omnia
990 2739 1154 2816 exequitur.

115 2827 215 2888 rsSed
236 2827 385 2904 Augustus
409 2844 525 2905 quoque
547 2827 575 2884 in
595 2825 728 2904 epistolis
751 2824 786 2883 ad
809 2819 841 2882 G.
859 2819 1017 2882 Gaesarem
1038 2823 1155 2900 scriptis

156 2911 303 2986 emendat,
327 2911 433 2988 quod'
424 2928 449 2971 rs
466 2910 601 2972 calidum
619 2909 718 2969 dicere
738 2925 822 2985 quam
839 2907 963 2968 caldum
978 2907 1075 2982 malit,
1098 2922 1156 2965 non

156 2994 222 3070 quia
248 2994 276 3052 id
299 3011 357 3054 non
379 2996 416 3054 sit
437 2992 565 3053 butinam
586 2994 639 3054 sed
661 2993 726 3072 quia
750 2993 788 3051 sit
809 2990 941 3050 odiosum
964 3000 1008 3066 et,
1036 2999 1067 3049 ut
1090 2992 1155 3068 ipse

112 3087 147 3137 20
157 3074 269 3137 Graeco
293 3077 385 3137 verbo
414 3078 601 3156 significavit,
631 3076 791 3157 περίεργον.
834 3075 922 3153 Atqui
944 3075 1019 3136 hanc
1042 3075 1155 3152 quidem

156 3150 334 3239 ὀρθοέπειαν
348 3162 440 3222 solam
460 3169 574 3240 putant,
597 3179 681 3239 quarn
704 3177 759 3238 ego
778 3161 890 3219 minime
913 3159 1048 3220 excludo.
1080 3157 1155 3231 Quid

156 3245 231 3303 enim
253 3252 309 3303 tam
336 3247 534 3305 necessarium
563 3263 647 3324 quam
668 3254 749 3304 reete
776 3241 906 3303 locutio?
946 3242 1033 3302 lmmo
1056 3241 1154 3301 inhae-

155 3326 274 3386 rendum
296 3329 323 3386 ei
345 3329 457 3404 iudico,
481 3330 575 3407 quoad
598 3329 683 3405 lieet,
707 3330 754 3390 diu
773 3329 858 3387 etiarn
878 3326 1050 3386 mutantibus
1068 3343 1155 3404 repu-

155 3410 311 3488 gnandum
340 3411 392 3472 sed
419 3411 526 3473 abolita
549 3421 635 3493 atque
664 3412 804 3490 abrogata
833 3413 960 3471 retinere
982 3410 1155 3470 insolentiae
