2566 4026
402 188 655 236 trusuonurou.
671 187 838 256 murus.
1063 178 1120 240 123

118 343 346 422 deprehenditur
367 343 419 402 sed
441 343 600 421 respondet
620 343 669 402 vel
693 344 791 420 primis
811 345 887 403 inter
907 365 939 404 se
955 345 1003 404 vel
1019 347 1120 406 mediis

116 428 167 488 vel
191 428 329 487 extremis
351 426 505 486 ueletiam
527 428 694 505 permutatis
715 426 776 502 his,
802 436 832 486 ut
852 429 946 489 media
967 429 1065 507 primis
1092 439 1120 489 et

117 529 227 573 summa
242 511 342 572 mediis
359 511 629 587 accommodentur,
655 518 685 570 et
709 528 881 590 quocunque
902 512 988 572 modo
1007 529 1120 573 accom-

116 595 228 656 modari
244 603 351 673 potest.
381 592 484 673 Neque
501 597 574 655 enim
592 612 709 673 semper
723 594 840 672 paribus
856 596 977 672 syllabis
990 603 1163 661 constat:t9

116 689 147 741 ut
169 688 215 739 est
239 677 315 757 apud
336 677 455 754 Afrum,
481 676 600 741 Amisso
620 697 719 757 nuper
737 680 871 758 infelicis
894 683 986 743 outae
1009 682 1038 742 si
1060 699 1121 742 nou

115 765 276 844 praesidio
292 765 372 823 iuter
384 764 528 841 periculo
539 772 639 825 tumere
653 765 759 824 solutio
775 765 857 825 iuter
875 767 1019 827 adverso.
1049 763 1119 824 llius

116 848 181 908 iere
196 847 330 906 videntur
351 849 472 924 optima,
495 849 524 906 in
548 846 650 926 quibus
671 849 749 907 initia
770 850 975 909 sententiarum
999 857 1028 908 ct
1048 849 1120 908 lines

119 933 310 1006 consentiunt,
326 939 356 989 ut
372 931 418 990 hic
434 933 610 1009 praesidio,
626 933 751 1000 tolutim·
777 949 870 1010 paene
890 942 921 993 ut
940 932 1042 993 similia
1065 934 1121 992 sint

121 1015 215 1075 verbis
232 1023 261 1074 et
277 1014 394 1093 paribus
411 1017 513 1076 cadant
535 1025 563 1075 et
583 1015 686 1076 eodem
707 1015 793 1076 modo
809 1014 949 1076 desinant.
982 1015 1076 1076 lltiam
1091 1023 1163 1078 ut80

114 1100 184 1174 sint,
205 1099 283 1177 quod
300 1107 344 1157 est
362 1109 502 1177 quartum,
520 1099 656 1159 membris
670 1098 855 1178 aequalibus,
879 1100 957 1179 quod
977 1093 1122 1160 ἰσόκωλον

116 1184 230 1245 dicitur
269 1181 320 1259 Si,
343 1185 521 1262 quactum'
508 1204 540 1245 m
564 1203 641 1263 apro
667 1185 801 1263 locisque
826 1185 957 1245 desertis
983 1185 1121 1247 audacio

112 1275 230 1367 potest,
253 1269 402 1329 tuntum'
390 1287 422 1327 m
444 1267 513 1366 soro
528 1275 618 1346 utque
638 1268 762 1329 iudiciis
781 1268 989 1368 impudentia
986 1271 1120 1330 voleret:

115 1345 260 1411 ἰσόκωλον
275 1360 320 1410 est
332 1360 361 1410 et
373 1343 570 1429 ipcciurocov
580 1351 681 1420 habet;
698 1371 757 1412 nou
771 1355 870 1413 micus
884 1372 966 1414 nunc
976 1353 1009 1412 iu
1021 1370 1120 1414 causo

115 1436 241 1499 cederet
264 1433 362 1496 Aulus
378 1434 514 1498 Caecina
534 1434 623 1496 Secti
642 1434 762 1497 Aebutii
777 1437 1004 1537 impudeptiue,
1026 1453 1118 1515 quum

113 1521 204 1581 tum
192 1540 224 1580 eu
238 1538 269 1580 νο
264 1520 432 1598 socienda
448 1521 538 1582 cessit
554 1520 724 1581 audacior:
741 1511 921 1598 ἰσόκωλον,“
910 1513 1117 1598 ομοιόπνωνον,

114 1597 339 1680 ὁμοιοοέλενοον.
379 1603 503 1663 Accedit
523 1613 551 1664 et
572 1622 609 1663 ex
631 1604 681 1665 illa
700 1604 791 1681 ligura
806 1605 915 1682 gratia,
932 1621 988 1684 qus
1004 1605 1118 1665 nomina

115 1688 175 1747 dixi
190 1688 305 1747 mutatis
323 1688 438 1747 casibus
453 1689 567 1766 repeti:
582 1686 650 1750 Non
665 1690 764 1749 miuus
778 1690 903 1751 cederet
916 1691 1116 1768 quomcescit

115 1770 219 1831 Adhuc
242 1762 456 1849 ὃμοιοτέλεοτον
480 1782 509 1833 et
535 1773 740 1873 παρονομασία
765 1780 825 1833 est:
854 1771 1010 1835 Neminem
1030 1775 1121 1835 altori

114 1873 205 1955 porse
226 1855 336 1923 dore
324 1876 357 1916 m
380 1858 617 1935 matrimonium,
639 1859 699 1918 uisi
722 1875 818 1936 perses
853 1875 941 1937 quem
961 1859 1002 1919 sit
1018 1859 1119 1937 patri-

114 1941 254 2001 neonium

202 2020 626 2122 Contraposrtumautem
642 2025 700 2100 vel
717 2034 748 2085 ut
763 2025 878 2104 quidam
892 2034 1010 2102 vocant
1033 2044 1118 2086 con·
1124 2035 1160 2092 81

115 2108 239 2192 teptio
265 2097 443 2186 (ἀντίθετον
458 2107 582 2188 dicitur)
605 2126 663 2167 non
690 2125 746 2167 uno
768 2109 799 2167 lit
819 2110 916 2169 modo.
953 2108 1033 2168 Nam
1047 2111 1119 2169 etsi

115 2175 231 2269 singula
248 2191 370 2268 singulis
387 2201 581 2270 opponuntur,
599 2202 630 2250 ut
645 2193 673 2250 in
687 2208 722 2250 eo
739 2192 816 2270 quod
835 2194 922 2253 modo
940 2192 1015 2266 dixi,
1042 2191 1121 2254 Vicit

113 2274 267 2375 pudorem
281 2275 387 2352 libido,
405 2278 542 2336 timorem
561 2277 718 2344 cudarim·
745 2284 774 2334 et
790 2275 856 2335 bina
872 2275 961 2335 binis:
982 2275 1050 2337 Non
1065 2296 1120 2338 no·

115 2361 201 2421 stri
188 2361 314 2439 inperii,
328 2361 423 2422 uestri
437 2361 545 2421 uuuiiii
560 2367 620 2435 est,
644 2368 673 2419 et
694 2360 855 2419 sentcntiae
870 2360 1034 2419 sententiis:
1055 2359 1119 2421 Do-

116 2445 248 2505 minetur
261 2445 293 2506 iu
307 2445 505 2521 contionibus,
521 2445 624 2505 iuceut
639 2445 671 2503 iu
686 2443 821 2506 iudiciis.
854 2441 906 2502 Cui
923 2442 1162 2506 commodissisi

115 2546 163 2588 me
174 2527 356 2605 subiungitur
366 2537 395 2587 et
407 2546 442 2588 ca
453 2529 580 2606 species,
594 2545 678 2605 quam
694 2526 971 2587 distinctionem
982 2526 1119 2587 diximus:

120 2609 194 2673 Odit
207 2614 340 2690 populus
354 2612 509 2673 Romoous
521 2614 677 2691 privatum
697 2612 868 2688 luxurium,
883 2612 1040 2689 publicum
1055 2629 1121 2672 mu-

114 2695 324 2776 yoificeutium
350 2697 464 2774 ditum
500 2705 545 2772 et,
574 2714 648 2775 quae
677 2705 742 2756 sunt
768 2695 853 2755 simili
874 2714 961 2772 casu,
991 2694 1121 2756 dissimili

117 2781 263 2841 sententia
287 2781 315 2838 in
334 2780 433 2840 ultimo
457 2780 568 2840 locata:
594 2789 624 2840 ut
648 2778 736 2853 Quod
757 2782 942 2858 intempore
962 2780 1121 2858 mulisur't,

117 2865 195 2927 utut
216 2864 309 2940 obsit,
330 2866 419 2943 quin,
443 2866 526 2943 quod
546 2866 578 2925 iu
599 2883 696 2927 causo
717 2865 788 2927 boui
804 2864 879 2944 suit,
904 2865 1011 2942 prosit.
1058 2861 1163 2926 Necssi
1194 2900 1197 2905 ,

119 2965 238 3026 semper
253 2950 480 3027 contrapositum
496 2948 687 3026 subiungitur,
704 2949 778 3007 utin
795 2948 867 3008 lroc:
887 2946 943 3008 Est
956 2950 1061 3026 ipitur,
1074 2948 1122 3008 iu·

119 3033 216 3108 dices,
239 3052 300 3093 σοον
322 3035 440 3111 scriptu
461 3035 518 3094 sed
536 3040 611 3094 uoto
632 3035 703 3104 teau·
724 3050 840 3107 verum,
863 3033 938 3091 sicut
960 3030 1065 3092 Cicero
1082 3030 1122 3091 di·

119 3117 168 3194 cit,
185 3117 222 3176 de
236 3116 357 3193 singulis
372 3117 460 3177 rebus
477 3119 637 3195 propositis
652 3117 779 3177 refertur
797 3116 833 3176 sd
848 3114 978 3193 singula,
997 3124 1028 3175 ut
1043 3116 1071 3174 in
1087 3133 1123 3174 eo

119 3200 196 3279 quod
210 3203 356 3279 sequitur:
381 3200 480 3275 Quum
500 3222 561 3264 νον
583 3203 758 3278 didicimus,
779 3203 965 3278 accepimus,
987 3200 1123 3279 lepimus,

118 3304 225 3348 oerum
249 3305 289 3346 eu
309 3295 424 3348 cutura
449 3289 521 3363 ipsu
541 3289 747 3364 arripuimus,
771 3286 943 3361 haurimus,
968 3287 1124 3363 cupressi·

117 3388 194 3432 mus.
225 3368 289 3430 Nec
306 3390 433 3449 semper,
451 3371 528 3449 quod
544 3371 696 3430 adversum
714 3379 770 3446 est,
791 3369 1023 3447 contraponitur:
1038 3369 1167 3447 qualessi

119 3464 164 3515 est
181 3455 257 3533 apud
274 3454 420 3532 Rutilium,
440 3453 535 3516 Nobis
553 3457 664 3536 primis
686 3455 731 3516 dii
743 3455 929 3516 immortates
941 3454 1049 3534 srupes
1070 3455 1125 3516 de-
