2566 4026
198 154 238 217 24
296 192 306 199 ψ
505 165 877 226 M.FAB.Q111NTIL1ANI
898 219 901 224 ,

196 325 233 383 sit
254 341 303 383 res
325 322 466 398 lucidior,
489 339 547 382 uon
566 320 756 381 recedamus:
782 318 842 393 Qui
860 321 1019 399 priostum
1040 325 1202 401 pecuniam

152 409 234 472 aute
257 408 367 486 tempto
389 408 557 486 surripuit,
578 406 737 484 sucritepii
755 423 829 465 reus
849 411 903 465 εει.
940 401 1033 484 Culpa
1054 408 1204 467 manifesta

196 500 255 560 est;
280 492 414 569 quaestio
438 500 499 566 est,
521 509 557 551 au
571 489 638 550 huic
654 489 763 548 crimini
777 504 898 564 nomen,
924 490 1001 566 quod
1019 500 1063 550 est
1080 493 1108 550 in
1124 491 1202 568 lege,

195 576 357 635 conveniat.
385 573 466 651 Ergo
482 573 653 650 ambigitur,
674 570 724 633 An
736 573 794 635 ttoc
808 575 1006 651 sucritepium
1021 576 1082 635 sit?
1108 574 1201 635 Accuv

194 668 288 732 sator,
310 659 377 736 quia
400 658 436 718 de
458 658 569 736 templo
591 665 724 736 surrepta
747 658 784 716 sit
803 659 945 734 pecunia,
968 659 1055 717 utitur
1076 657 1134 718 hoc
1152 676 1200 718 no·

193 743 279 801 minc.
322 742 419 818 Reus,
443 744 509 819 quia
529 743 669 820 privatam
688 741 875 819 surripuerit,
896 751 984 819 negat
1000 760 1067 802 esse
1083 743 1202 802 sacrile-

193 826 301 904 legium
322 826 375 886 sed
397 825 502 885 turtum
523 825 640 885 fatetur.
675 824 769 885 Actor
791 841 864 901 ergo
889 826 927 884 ita
950 825 1043 902 tiniet,
1067 825 1203 888 Sacrile-

191 913 275 988 pium
287 919 332 972 εει
345 911 507 989 surripere
519 910 638 987 aliquid
652 909 692 971 de
702 927 805 973 sucro.
836 908 915 968 Reus
930 910 969 968 ita
984 909 1078 986 finiet,
1095 910 1202 972 Sueri-

149 996 303 1072 tttepium
317 1003 363 1056 εει
375 997 536 1074 surripere
550 993 671 1072 aliquid
684 994 780 1057 sacri.
809 991 941 1071 Uterque
954 993 1112 1054 finitionem
1129 995 1202 1054 alte·

193 1079 253 1138 rius
274 1080 430 1156 impugnat.
459 1078 503 1138 Ea
521 1077 635 1138 duobus
655 1077 812 1154 generibus
833 1079 989 1154 evertitur,
1012 1080 1037 1137 si
1059 1088 1106 1139 aut
1128 1079 1203 1138 ialsa

195 1171 240 1222 est
255 1170 303 1222 aut
318 1180 419 1240 parum
433 1162 531 1241 plena.
561 1162 634 1223 Nam
649 1161 721 1221 illud
733 1163 848 1222 tertium
868 1162 922 1220 nisi
943 1161 1037 1222 stultis
1053 1180 1110 1221 non
1125 1163 1202 1222 acci·

150 1252 187 1306 24
195 1247 250 1322 dit,
280 1255 310 1306 ut
331 1246 401 1306 nihil
424 1247 460 1307 ad
476 1247 677 1326 quaestionem
697 1248 849 1324 pertineat.
883 1243 969 1305 Falsa
986 1254 1046 1322 est,
1070 1247 1095 1305 si
1111 1247 1202 1322 dicas,

193 1327 302 1408 Equus
314 1340 359 1392 εει
377 1332 496 1392 animal
511 1333 660 1394 rationale
665 1353 679 1402 ,·
693 1348 757 1389 nam
773 1338 818 1389 est
836 1347 928 1408 equus
944 1330 1047 1390 animal
1065 1329 1118 1389 sed
1132 1332 1202 1389 irra-

193 1415 312 1474 tionale.
344 1414 429 1488 Quod
452 1424 547 1475 autem
568 1432 718 1474 commune
743 1432 807 1474 cum
829 1412 886 1473 alio
909 1423 967 1490 est,
995 1413 1111 1473 desinet
1135 1431 1203 1473 esse

193 1500 351 1576 proprium.
386 1497 440 1558 Hic
461 1517 529 1559 reus
545 1499 648 1559 falsam
662 1499 730 1558 dicit
745 1516 813 1557 esse
834 1497 993 1557 finitionem
1010 1499 1202 1574 accusatoris,

193 1591 348 1642 accusator
373 1591 554 1642 autemnon
583 1591 682 1660 potest
707 1583 807 1642 dicere
832 1581 935 1642 falsam
965 1583 1025 1651 rei;
1062 1600 1127 1641 nam
1157 1590 1203 1640 est

194 1665 379 1742 sacrilegium
389 1668 552 1746 surripere
561 1666 681 1745 aliquid
691 1669 778 1727 socri
783 1689 797 1737 ‚·
812 1666 866 1725 sed
881 1665 950 1725 dicit
965 1683 1065 1744 parum
1076 1665 1201 1744 plenam,

151 1748 387 1812 ttadiicieudum
412 1751 487 1810 euim
514 1759 570 1811 aut
596 1770 635 1812 ecc
660 1769 762 1812 sucro.
804 1748 943 1809 Maximus
966 1758 1062 1809 autem
1082 1768 1151 1809 usus
1174 1750 1203 1808 in

194 1832 383 1910 approbando
407 1834 631 1913 refellendoque
652 1835 708 1893 fine
735 1835 919 1912 propriorum
943 1851 978 1892 ac
999 1834 1202 1909 differentium,

193 1933 395 1996 nonnunquam
419 1919 505 1977 etiam
529 1919 735 1996 etymologiae.
773 1917 855 1991 Quae
881 1927 975 1977 tamen
996 1919 1106 1993 omnia,
1129 1918 1204 1976 sieut

193 2001 223 2061 in
240 2002 365 2077 ceteris,
385 2001 534 2061 confirmat
552 2004 700 2082 aequitas,
716 2019 918 2080 nonnunquam
933 2003 1019 2061 etiam
1036 2002 1204 2062 coniectura

193 2085 307 2144 mentis.
335 2083 521 2164 Etymologia
535 2088 659 2147 maxime
674 2104 740 2146 rara
755 2094 816 2146 est:
846 2083 929 2158 Quid
949 2088 1028 2147 euim
1048 2094 1093 2147 εει
1116 2085 1204 2146 atiud

193 2170 397 2248 tumuitus,
416 2171 478 2230 nisi
488 2171 684 2249 perturbatio
698 2178 806 2248 touta,
821 2179 855 2232 ut
868 2171 969 2231 maior
989 2172 1104 2231 timor
1119 2171 1203 2230 oriu-

150 2254 270 2321 aatur?
300 2251 388 2315 Unde
411 2255 504 2316 etiam
527 2274 636 2316 nomeu
659 2256 784 2316 ductum
812 2261 857 2315 est
880 2255 1065 2315 tumultus
1120 2249 1205 2312 Circa

193 2339 313 2416 propria
329 2355 364 2397 ao
378 2337 541 2399 differentia
555 2356 658 2417 magua
674 2337 833 2398 subtilitas:
850 2345 881 2396 ut
897 2355 960 2396 cum
976 2338 1140 2416 quaeritur,
1155 2333 1205 2396 An

193 2422 358 2499 addictus,
381 2439 468 2501 quem
490 2423 543 2484 lec
557 2425 692 2499 seruire,
715 2424 812 2485 dorico
826 2422 965 2498 sotocrit,
980 2423 1080 2496 iudet,
1096 2438 1205 2481 seruus

193 2506 254 2566 sit?
281 2505 384 2566 Altera
398 2524 466 2585 pars
483 2507 543 2568 finit
558 2509 614 2584 ita,
641 2505 759 2568 Seruus
772 2513 834 2583 est,
853 2507 906 2583 qui
920 2508 1049 2566 esitare
1063 2504 1205 2565 inserui·

194 2597 276 2658 tute;
299 2590 407 2665 altera,
430 2593 482 2669 qui
501 2593 533 2652 tn
554 2593 699 2653 servitute
717 2598 762 2651 est
775 2608 811 2651 eo
825 2591 910 2665 iure,
931 2605 990 2667 quo
1003 2607 1129 2664 servus,
1146 2595 1204 2663 aut,

194 2681 225 2732 ut
256 2674 363 2753 antiqui
393 2673 543 2751 dixerunt,
570 2677 623 2753 qut
647 2676 821 2736 seruitutem
846 2675 949 2735 seruit.
991 2672 1074 2746 Quae
1102 2671 1204 2744 finitio,

195 2757 307 2817 etiamsi
322 2756 408 2817 distet
423 2759 539 2837 aliquo,
562 2761 617 2819 uisi
634 2768 729 2818 tamen
745 2759 873 2836 propriis
895 2766 923 2816 et
939 2755 1139 2818 differentibus
1155 2753 1203 2813 ad·

152 2843 187 2900 ιι
195 2841 324 2916 iuvatur,
349 2842 440 2900 inanis
467 2850 521 2901 est.
564 2843 651 2903 Dicet
677 2844 751 2902 enim
782 2841 983 2918 adversarius,
1010 2841 1122 2901 servire
1140 2855 1204 2896 eum

195 2926 363 2985 servitutem
379 2934 427 2985 aut
443 2943 480 2986 eo
496 2927 575 3003 iure,
596 2945 653 3007 quo
669 2945 793 2986 servum.
827 2926 984 2986 Videamus
1001 2941 1073 3003 ergo
1085 2922 1204 3002 propria

196 3017 225 3067 et
240 3009 417 3086 differentia,
440 3027 515 3088 quae
531 3010 606 3071 libro
623 3013 721 3091 quinto
739 3011 844 3071 leviter
864 3012 892 3069 in
907 3012 1027 3070 transitu
1041 3011 1203 3085 attigeram.

195 3092 322 3169 Servus,
344 3111 407 3153 cum
432 3096 651 3172 manumittitur,
680 3096 711 3155 tit
732 3094 901 3170 libertinus,
929 3092 1059 3154 addictus
1083 3098 1203 3168 recepta

195 3175 330 3236 libertate
356 3180 512 3255 ingenuum
544 3197 646 3238 servus
670 3181 759 3239 invito
786 3179 900 3239 domino
929 3176 1117 3256 [libertatem]
1147 3190 1203 3233 uon

196 3270 406 3338 consequetur;
429 3263 466 3322 ad
487 3280 603 3322 servum
624 3262 702 3323 nulla
724 3263 773 3322 lex
790 3263 934 3341 pertinet,
955 3260 1085 3321 addictus
1107 3259 1204 3335 legem

152 3360 155 3364 ⁴
195 3341 293 3402 habet.
326 3344 447 3424 Propria
470 3345 572 3422 liberi,
595 3365 669 3427 quae
685 3364 770 3406 nemo
789 3346 877 3406 habet
896 3346 951 3404 nisi
966 3344 1056 3420 liber,
1078 3358 1202 3422 praeno·

194 3442 277 3506 men,
293 3445 415 3505 nomen,
433 3446 612 3509 cognomen,
631 3430 750 3507 tribum,
767 3429 855 3490 habet
870 3429 945 3489 haec
960 3428 1100 3488 addictus.
