2574 3998
225 181 283 242 176
552 191 913 250 murcomannum

223 347 377 407 solitudine
398 347 530 424 reperire
551 365 609 405 non
631 342 806 424 possumus?
841 345 964 425 Propter
991 367 1065 428 quae
1086 349 1163 408 idenr
1184 350 1237 412 illc

222 441 318 492 tantus
334 440 445 490 amator
461 431 569 490 secreti
586 430 800 491 Demosthenes
816 431 844 488 in
859 429 956 508 litore,
980 433 1078 509 inquo
1094 451 1127 492 se
1144 435 1236 493 maxi·

222 533 269 576 mo
286 534 350 575 cum
366 532 439 574 sono
455 515 559 575 ductus
578 514 715 591 illideret,
734 513 874 574 meditans
890 515 1104 576 consuescebat
1120 519 1236 578 contio-

223 617 288 659 num
305 599 435 659 fremitus
450 616 508 657 non
524 616 735 678 expavescere.

181 708 214 762 ³1
309 697 363 759 Illa
376 715 493 775 quoque
510 698 621 757 minora
638 697 706 775 (sed
721 695 792 756 nihil
810 697 838 756 in
850 697 950 757 studiis
962 714 1082 774 parrum
1099 701 1161 778 est)
1177 716 1236 758 non

223 790 288 841 sunt
304 781 494 841 transeunda:
510 780 628 840 scribi
645 783 753 859 optime
772 782 858 856 ceris,
874 780 1017 858 inquibus
1037 782 1176 842 facillima
1190 793 1236 844 est

223 868 297 925 ratio
315 865 444 933 delendi;
466 867 520 924 nisi
542 864 619 924 forte
640 866 719 924 visus
737 865 875 924 inlirmior
891 864 1119 926 membranarum
1134 869 1234 944 potius

222 968 304 1009 usum
328 952 447 1026 exiget,
471 967 545 1027 quae
575 958 605 1008 ut
629 950 725 1008 iuvant
746 950 854 1023 aciem,
882 949 920 1008 ita
948 949 1052 1010 crebra
1077 949 1233 1026 relatione,

224 1034 319 1112 quoad
334 1034 511 1111 intinguitur,
532 1033 633 1093 calami
649 1040 795 1091 morantur
809 1049 923 1092 manum
937 1041 967 1092 et
982 1035 1165 1110 cogitationis
1182 1036 1232 1094 im·

179 1126 319 1198 dipetum
344 1117 487 1195 frangunt.
528 1116 748 1195 Relinquendae
777 1125 871 1176 autem
898 1118 926 1175 in
951 1117 1091 1178 utrolibet
1119 1135 1231 1201 genere

224 1211 324 1262 contra
343 1210 426 1261 erunt
446 1218 557 1260 vacuae
574 1200 720 1276 tabellae,
741 1202 770 1260 in
790 1200 894 1279 quibus
912 1199 1006 1260 libera
1022 1201 1173 1262 adiiciendi
1194 1202 1231 1260 sit

223 1287 368 1347 excursio.
402 1284 474 1344 Nam
490 1285 604 1344 interim
620 1286 765 1362 pigritiam
778 1283 947 1344 emendandi
962 1287 1113 1362 angustiae
1125 1285 1232 1346 iaciunt

223 1378 272 1431 aut
289 1379 369 1430 certe
386 1386 528 1429 novorum
543 1369 765 1446 interpositione
777 1369 876 1446 priora
888 1368 1073 1429 confundant.
1100 1369 1144 1429 Ne
1160 1368 1233 1430 latas

223 1453 338 1532 quidem
357 1453 433 1513 ultra
460 1452 575 1513 modum
601 1471 670 1512 esse
696 1470 781 1512 ceras
803 1451 906 1527 velim,
936 1461 1075 1531 expertus
1099 1455 1234 1513 iuvenem

222 1537 381 1596 studiosum
401 1537 509 1615 alioqui
526 1536 705 1615 praelongos
723 1535 860 1596 babuisse
882 1552 1052 1614 sermones,
1074 1538 1140 1615 quia
1164 1537 1233 1596 illos

221 1637 340 1680 numero
363 1639 500 1681 versuum
524 1619 713 1696 metiebatur,
735 1619 822 1697 idque
843 1618 959 1696 vitium,
983 1621 1061 1698 quod
1086 1621 1235 1698 frequenti

221 1704 415 1764 admonitione
435 1704 542 1781 corrigi
557 1721 615 1764 non
631 1712 777 1782 potuerat,
793 1704 907 1763 mutatis
920 1703 1069 1765 codicibus
1082 1722 1150 1764 esse
1167 1704 1234 1763 sub·

179 1787 320 1850 salarum.
350 1786 447 1848 Debet
461 1805 568 1848 vacare
585 1789 670 1847 etiam
686 1787 781 1863 locus,
798 1788 827 1846 in
843 1804 900 1865 quo
916 1796 1051 1848 notentur
1069 1807 1145 1867 quae
1162 1790 1234 1848 scri·

220 1871 355 1932 bentibus
371 1872 467 1932 solent
484 1880 566 1932 extra
582 1871 721 1947 ordinem,
743 1871 772 1930 id
793 1879 839 1930 est
857 1889 894 1930 ex
909 1870 983 1947 aliis,
1002 1889 1086 1949 quam
1103 1874 1152 1950 qui
1169 1881 1235 1932 sunt

220 1956 392 2016 inmanibus
408 1956 486 2032 loci,
507 1973 674 2016 occurrere.
713 1955 876 2036 lrrumpunt
899 1957 973 2018 enim
990 1957 1089 2033 optimi
1105 1974 1233 2016 nonnun-

221 2058 307 2120 quam
322 2059 436 2117 sensus,
453 2057 527 2119 qnos
543 2059 638 2119 neque
655 2043 785 2102 inserere
804 2050 922 2120 oportet
937 2058 1033 2121 neque
1056 2039 1174 2104 differre
1189 2049 1232 2104 tu-

220 2132 279 2183 tum
295 2133 350 2200 est,
368 2126 434 2203 quia
450 2126 564 2184 interim
579 2125 742 2201 elabuntur,
757 2127 870 2185 iuterim
882 2129 1039 2186 memoriae
1057 2146 1127 2188 suae
1139 2131 1232 2188 inten-

221 2217 267 2267 tos
283 2208 319 2269 ab
339 2208 395 2269 alia
409 2210 576 2269 inventione
601 2209 746 2270 declinant
769 2209 895 2288 ideoque
920 2213 1027 2289 optime
1049 2221 1114 2272 sunt
1136 2213 1165 2271 in
1180 2212 1232 2272 de·

220 2293 328 2371 posito.

522 2409 678 2471 QUOMODO
691 2410 931 2464 EMENDANDUM.

306 2521 355 2581 lV.
388 2524 524 2600 Sequitur
549 2523 775 2600 emendatio,
799 2542 868 2602 pars
891 2521 1049 2584 studiorum
1064 2522 1153 2600 longe
1175 2522 1231 2583 uti·

221 2605 338 2665 lissima.
389 2606 493 2684 Neque
516 2609 590 2666 enim
612 2610 674 2667 sine
704 2626 790 2668 causa
814 2606 953 2668 creditum
980 2615 1026 2666 est
1053 2606 1147 2666 stilum
1170 2624 1231 2666 non

220 2691 311 2749 minus
328 2708 429 2767 agere,
450 2709 513 2749 cum
529 2690 617 2751 delet.
648 2691 737 2750 Huius
754 2700 848 2750 autem
867 2693 966 2768 operis
985 2699 1030 2750 est
1043 2689 1230 2768 adiicere,

221 2773 438 2848 detrahere,
456 2784 610 2835 mutare.
647 2774 706 2835 Sed
720 2775 834 2834 facilius
852 2775 930 2834 iniis
947 2774 1165 2853 simpliciusque
1187 2775 1231 2833 iu·

221 2856 343 2933 dicium,
368 2875 442 2936 quae
466 2859 607 2937 replenda
627 2858 677 2919 rel
702 2858 862 2919 deiicienda
884 2866 966 2926 sunt;
995 2875 1129 2936 premere
1156 2875 1231 2917 vero

220 2943 368 3018 tumentia,
385 2942 501 3001 humilia
518 2943 673 3019 extollere,
692 2941 863 3002 luxuriantia
875 2944 1051 3019 astringere,
1067 2942 1232 3002 inordinata

221 3025 374 3102 digerere,
395 3025 492 3085 soluta
517 3043 708 3105 componere,
736 3026 892 3087 exultantia
916 3044 1076 3101 coercere,
1104 3025 1232 3103 duplicis

193 3119 341 3185 nuperae.
364 3108 437 3168 Nam
451 3119 480 3169 et
490 3110 647 3170 damnanda
659 3118 724 3170 sunt
737 3128 811 3189 quae
823 3111 1004 3188 placuerunt,
1015 3118 1045 3170 et
1056 3109 1232 3170 invenienda

221 3209 297 3269 quae
322 3193 467 3271 fugerant.
516 3193 579 3253 Nec
605 3193 720 3254 dubium
743 3203 789 3254 est
811 3196 947 3272 optimum
970 3212 1037 3254 esse
1057 3193 1231 3254 emendandi

220 3292 324 3351 genus,
339 3279 363 3336 si
380 3278 488 3357 scripta
504 3278 533 3336 in
550 3277 667 3356 aliquod
681 3286 795 3355 tempus
810 3286 997 3356 reponantur,
1013 3287 1044 3336 ut
1060 3278 1096 3337 ad
1113 3295 1148 3336 ea
1160 3285 1232 3356 post

220 3359 403 3420 intervallum
418 3361 499 3421 velut
516 3378 591 3421 nova
608 3370 694 3439 atque
714 3362 807 3421 aliena
824 3362 988 3438 redeamus,
1006 3379 1043 3422 ne
1054 3360 1139 3421 nobis
1156 3361 1230 3422 scri·

191 3448 269 3517 itpta
289 3451 387 3502 nostra
408 3453 541 3522 tauquam
562 3454 697 3506 recentes
717 3445 794 3505 fetus
822 3445 1011 3506 blandiantur.
1052 3445 1112 3504 Sed
1129 3461 1232 3526 neque
