2566 4026
220 164 262 227 58
529 177 567 225 n.
584 176 663 224 unu.
683 175 904 236 ouuuururunr

218 349 270 392 ves
284 329 333 391 vel
359 339 441 409 aptas
461 328 643 408 opinionibus
667 329 869 389 hominumue
893 329 1032 389 moribus.
1069 329 1122 390 His
1145 332 1222 394 enim

218 415 307 476 salvis
323 414 392 474 licet
408 430 556 473 assumere
571 430 616 490 ea,
633 413 736 491 quibus
754 411 896 472 illustrem
911 411 974 472 fieri
991 414 1153 493 orationem
1168 434 1221 494 pu-

218 507 276 573 tat,
293 497 425 572 delecta,
443 495 599 571 translata,
618 495 775 573 superlata,
794 494 949 556 adnomen
963 491 1107 573 adiuncta,
1127 498 1219 578 dupli·

218 584 263 642 cia
279 589 309 639 et
323 580 400 640 idem
416 578 624 656 significantia,
641 578 677 638 ab
693 581 756 657 ipsa
772 580 886 639 actione
904 589 992 659 atque
1007 580 1043 640 ab
1060 583 1220 642 imitatione

216 683 313 726 rerum
327 681 384 723 non
401 661 595 723 abhorrentia.

175 760 209 813 44
300 746 359 807 Sed
381 746 515 824 quoniam
533 747 602 805 vitia
622 746 702 823 prius
726 745 925 806 demonstrare
949 747 1085 824 aggressi
1108 765 1217 824 sumus,

217 832 265 893 vel
279 831 336 892 boc
351 832 451 890 vitium
466 831 513 903 sit,
531 828 608 908 quod
625 826 875 906 κακέμφατον
896 838 1034 891 vocatur:
1056 830 1120 890 sive
1142 831 1218 892 mala

218 913 426 977 consuetudine
447 913 476 972 in
502 912 660 973 obscenum
687 911 870 972 intellectum
890 930 986 972 sermo
1009 912 1140 973 detortus
1161 923 1217 990 est,

218 1000 264 1076 (ut
279 999 409 1060 ductore
424 999 579 1058 exercitus
595 1005 624 1055 et
637 1003 767 1073 putrore
782 996 877 1071 bellu,
899 995 976 1074 apud
994 995 1162 1057 Sallustium
1177 998 1217 1058 di·

217 1091 264 1142 cta
284 1089 384 1142 sancte
408 1088 438 1139 et
464 1080 598 1159 antique,
620 1078 796 1154 ridentibus,
817 1080 842 1138 si
856 1078 899 1138 dis
917 1079 1032 1158 placet;
1056 1097 1141 1156 quum
1157 1080 1217 1141 cul·

175 1176 283 1244 45pam
302 1181 360 1224 non
381 1163 567 1224 scribentium
591 1162 706 1241 quidem
727 1161 823 1222 iudico
844 1160 898 1221 sed
920 1161 1094 1239 legentium
1121 1172 1217 1224 tamen

216 1249 342 1325 vitanda,
361 1255 501 1326 quatenus
516 1246 607 1306 verba
620 1246 743 1308 honesta
757 1246 885 1306 moribus
900 1245 1092 1324 perdidimus,
1111 1256 1142 1306 et
1155 1249 1216 1307 vin·

218 1331 349 1392 centibus
369 1332 455 1392 etiam
474 1331 551 1389 vitiis
575 1329 734 1391 cedendum
757 1330 823 1408 est)
846 1330 909 1389 sive
929 1330 1059 1389 iunctura
1081 1330 1216 1390 deformi·

215 1426 261 1476 ter
276 1423 370 1491 sonat,
386 1422 426 1490 ut,
443 1414 552 1475 sicum
566 1414 735 1477 bominibus
747 1414 826 1474 notis
839 1414 921 1491 loqui
936 1429 990 1473 nos
1008 1413 1144 1490 dicimus,
1162 1414 1217 1474 nisi

215 1499 273 1559 hoc
289 1501 383 1579 ipsum
403 1497 572 1559 bominibus
586 1496 708 1557 medium
724 1496 778 1573 sit,
798 1497 827 1554 in
847 1495 1005 1575 praefanda
1024 1497 1154 1557 videmur
1174 1498 1216 1557 iu·

218 1582 332 1649 cidere;
361 1581 427 1659 quia
452 1580 550 1641 ultima
569 1581 673 1660 prioris
706 1578 838 1655 syllabae
858 1579 972 1656 littera,
994 1598 1069 1658 quae
1093 1581 1216 1659 exprimi

217 1666 271 1724 nisi
289 1664 378 1725 labris
395 1663 564 1723 coeuntibus
581 1681 639 1723 non
653 1672 766 1743 potest,
789 1672 837 1724 aut
857 1663 1038 1723 intersistere
1059 1681 1112 1723 nos
1134 1663 1215 1724 inde·

218 1748 384 1808 centissime
406 1748 485 1823 cogit
508 1755 557 1806 aut
580 1747 743 1807 continuata
765 1765 829 1806 cum
852 1747 1024 1824 insequente
1042 1748 1071 1806 in
1085 1755 1215 1808 naturam

173 1840 207 1895 46
216 1832 278 1891 eius
295 1831 496 1908 corrumpitur.
532 1828 676 1908 Aliaeque
697 1830 915 1890 coniunctiones
938 1829 1044 1908 aliquid
1060 1830 1152 1890 simile
1172 1831 1214 1891 ia·

217 1915 304 1990 ciunt,
321 1931 392 1992 quas
409 1914 547 1992 persequi
561 1912 679 1991 longum
696 1922 757 1990 est,
773 1914 802 1972 in
820 1931 855 1974 eo
871 1915 959 1990 vitio,
978 1913 1056 1992 quod
1070 1915 1215 1975 vitandum

216 1997 346 2073 dicimus,
364 2005 585 2056 commorantes.
617 1997 676 2057 Sed
687 1996 790 2057 divisio
807 2015 923 2076 quoque
939 1998 1023 2057 uliert
1038 1997 1158 2058 eandem
1173 1999 1214 2057 iu-

93 2075 95 2079 ’
173 2121 175 2126 ·
215 2082 315 2140 iuriam
337 2079 455 2159 pudori,
484 2088 514 2139 ut
543 2081 568 2138 si
594 2082 837 2161 intercapedinis
858 2081 1032 2141 nominativo
1059 2099 1129 2141 casu
1149 2080 1214 2159 quis

173 2172 318 2228 ululatur.
351 2162 413 2222 Nec
436 2165 546 2242 scripto
562 2164 648 2224 modo
664 2165 693 2225 id
707 2164 827 2242 accidit,
851 2166 904 2226 sed
920 2167 1006 2224 etiam
1021 2182 1108 2224 sensu
1125 2163 1214 2243 pleri·

216 2265 272 2327 que
290 2247 419 2307 obscene
434 2246 614 2325 intelligere,
633 2249 687 2308 nisi
705 2249 834 2324 caveris,
857 2250 974 2327 cupiunt
991 2250 1037 2326 (ut
1054 2247 1130 2327 apud
1147 2246 1214 2308 ovi-

215 2332 291 2392 dium
317 2329 463 2409 Quaeque
485 2332 578 2393 tutent
605 2333 732 2394 meliora
749 2333 860 2411 putot)
884 2340 913 2390 et
934 2349 971 2392 ex
994 2331 1108 2407 verbis,
1139 2349 1214 2408 quae

214 2415 383 2491 longissime
404 2414 439 2475 ab
467 2414 648 2475 obscenitate
671 2414 789 2491 absunt,
818 2416 1005 2477 occasionem
1031 2413 1214 2493 turpitudinis

213 2515 329 2576 rapere.
360 2497 507 2576 Siquidem
523 2497 626 2559 Celsus
648 2497 838 2576 κακέμφατον
852 2498 927 2577 apud
941 2497 1103 2576 Vergilium
1114 2507 1213 2576 putat:

470 2580 625 2661 Incipiunt
639 2584 756 2660 opilata
771 2590 951 2643 tumescere.

215 2665 299 2738 Quod
315 2666 340 2723 si
356 2666 496 2743 recipias:
512 2665 582 2724 nibil
599 2664 679 2743 loqui
694 2673 784 2724 tutum
799 2674 854 2725 est.

171 2757 207 2812 48
299 2747 483 2808 Deformitati
498 2749 659 2827 proximum
674 2757 719 2808 est
740 2747 962 2808 humilitatis
983 2748 1096 2822 vitium,
1115 2749 1213 2806 ταπεί-

214 2850 306 2892 νωσιν
327 2841 448 2908 vocant,
472 2849 528 2910 qua
545 2833 589 2892 rei
608 2831 773 2909 magnitudo
794 2831 843 2892 vel
868 2831 992 2909 dignitas
1013 2831 1160 2890 minuitur:
1182 2837 1213 2891 ut

213 2913 322 2976 Scaea
341 2922 385 2976 est
406 2934 540 2976 ocmucu
555 2917 587 2976 in
613 2935 729 2978 summo
749 2916 858 2977 montis
876 2916 999 2977 uertice.
1036 2912 1089 2973 cui
1112 2921 1213 2973 natura

215 2999 388 3058 contrarium
407 2999 459 3059 sed
482 3016 582 3059 errore
603 3017 656 3078 par
678 3008 737 3075 est,
760 3000 858 3077 parvis
874 2998 943 3058 dare
961 2997 1134 3057 excedentia
1151 3012 1212 3055 mo·

215 3082 280 3142 dum
295 3084 424 3159 nomina,
448 3083 502 3142 nisi
520 3101 584 3143 cum
602 3101 639 3142 ex
655 3082 793 3142 industria
808 3083 882 3142 risus
897 3082 964 3141 inde
980 3088 1120 3159 captatur.
1155 3078 1212 3139 lta·

214 3184 271 3243 que
293 3184 349 3225 nec
370 3166 541 3244 parricidam
560 3183 691 3245 nequam
714 3166 822 3226 dixeris
843 3165 986 3225 hominem
1007 3182 1063 3225 nec
1085 3162 1212 3223 deditum

214 3249 290 3308 lorte
307 3251 453 3309 meretrici
472 3252 643 3329 nefarium
667 3249 744 3327 quod
766 3249 888 3309 alterum
906 3267 1007 3328 parum
1028 3247 1150 3308 alterum
1169 3247 1211 3306 ni·

173 3333 298 3394 ittmium
316 3345 369 3393 est.
402 3332 525 3393 Proinde
542 3332 681 3411 quaedam
698 3331 807 3408 hebes,
823 3331 958 3408 sordida,
980 3333 1091 3406 ieiuna,
1108 3329 1210 3405 tristis,

214 3415 337 3493 ingrata,
353 3417 419 3476 vilis
435 3419 528 3477 oratio
547 3426 601 3477 est.
638 3415 720 3490 Quae
734 3416 803 3476 vitia
819 3415 957 3476 facillime
974 3415 1043 3475 liunt
1057 3412 1212 3473 manifesta
