2566 4026
157 148 198 208 44
476 159 839 219 u.suu.ouurrn1n1uu1

158 314 336 391 siderentur,
355 314 629 393 deprehendatque,
647 331 721 392 quae
741 313 878 391 barbara,
896 334 971 395 quae
989 319 1159 398 impropria,

116 407 234 477 laquae
256 408 357 459 contra
372 398 457 476 leges
478 399 616 477 loquendi
638 402 694 459 siut
715 401 826 476 posita;
850 417 908 460 non
930 410 960 460 ut
982 418 1019 460 ex
1039 401 1083 462 his
1106 405 1159 463 uti·

158 501 215 561 que
237 483 435 561 improbentur
460 492 583 561 poetae,
612 482 732 560 quihus,
763 485 829 561 quia
851 484 1024 564 plerumque
1047 488 1160 546 servire

156 575 249 628 metro
268 577 425 645 coguntur,
449 567 523 627 adeo
541 568 716 644 ignoscitur,
738 577 770 627 ut
788 568 856 627 vitia
877 570 941 647 ipsa
960 570 1024 629 aliis
1046 571 1075 629 iu
1097 589 1159 630 oar·

157 653 232 711 mine
244 650 489 730 appellationibus
501 653 691 711 nominentur.
713 649 932 728 Metoplosmos
944 655 1018 712 enim
1035 663 1065 713 et
1075 655 1161 715 sche-

156 737 312 797 matismos
329 744 359 795 et
376 737 549 813 schemata,
570 745 601 795 ut
618 736 692 811 dixi,
714 752 871 812 vocamus,
896 746 925 797 et
941 737 1057 796 laudem
1071 739 1160 798 virtu·

157 821 193 879 tis
222 823 392 881 necessitati
416 821 530 888 damus;
561 820 614 880 sed
641 829 672 879 ut
700 829 882 880 commoneat
910 820 1103 881 artificialium
1132 831 1162 881 et

115 905 321 965 ltmemoriam
339 907 439 982 agitet.
472 903 504 964 Id
522 920 639 983 quoque
659 905 734 963 inter
752 905 843 982 prima
860 905 1020 964 rudimenta
1040 922 1098 963 non
1119 907 1161 964 iu-

156 989 227 1049 utile
249 988 467 1064 demonstrare,
495 998 566 1066 quot
587 1006 720 1067 quaeque
741 988 832 1047 verba
854 989 947 1048 modis
970 989 1161 1066 intelligenda

156 1075 221 1133 siut.
259 1071 345 1134 Circa
365 1073 545 1151 glossemata
564 1074 665 1148 etiam,
689 1072 717 1132 id
734 1081 779 1130 est
800 1088 891 1132 voces
914 1075 1005 1132 minus
1027 1075 1159 1148 usitatas,

115 1162 213 1218 16uon
234 1158 334 1218 ultima
358 1159 420 1218 eius
443 1158 637 1236 professionis
660 1157 809 1234 diligentia
832 1165 886 1216 est.
921 1156 1078 1216 Enimvero
1104 1159 1161 1217 iam

155 1245 265 1303 maiore
289 1261 358 1302 cura
381 1242 488 1303 doceat
512 1251 616 1320 tropos
639 1258 756 1316 omues,
786 1240 888 1318 quihus
913 1243 1073 1320 praecipue
1102 1257 1160 1300 non

155 1344 261 1406 poema
284 1326 370 1387 modo
392 1327 445 1387 sed
468 1327 553 1386 etiam
576 1328 669 1386 oratio
694 1334 825 1392 ornatur;
854 1325 1002 1385 schemata
1024 1335 1158 1403 utraque.

155 1412 184 1471 id
207 1420 253 1471 est
274 1412 398 1487 figuras,
423 1428 556 1489 quaeque
578 1409 679 1483 λέξεως
700 1427 833 1487 quaeque
853 1409 985 1481 διανοίας
1006 1417 1158 1485 vocantur,

157 1511 279 1573 quorum
300 1511 356 1570 ego
373 1495 448 1554 sicut
465 1503 616 1572 troporum
635 1502 786 1553 tractatum
798 1495 826 1552 in
843 1512 908 1553 eum
925 1495 1023 1554 locum
1045 1493 1160 1568 differo,

116 1586 215 1657 liquo
233 1578 301 1638 mihi
318 1579 354 1638 de
373 1587 474 1637 ornatu
492 1578 631 1637 orationis
648 1577 799 1637 dicendum
816 1580 880 1638 erit.
910 1578 1070 1656 Praecipue
1088 1593 1160 1637 vero

157 1663 209 1724 illa
229 1661 331 1739 infigat
346 1664 465 1738 animis,
488 1680 563 1740 quae
585 1664 613 1722 iu
635 1663 807 1722 oeconomia
829 1664 936 1737 virtus,
962 1680 1036 1740 quae
1059 1664 1087 1720 iu
1109 1662 1159 1721 de·

158 1765 229 1808 core
247 1764 359 1822 rerum,
384 1747 451 1825 quid
466 1762 613 1825 personae
630 1748 734 1825 cuique
755 1748 939 1821 conuenerit,
964 1746 1032 1824 quid
1049 1747 1077 1805 iu
1093 1764 1159 1804 sen·

158 1830 237 1892 sibus
255 1830 444 1906 laudandum,
470 1832 538 1909 quid
555 1833 583 1891 iu
598 1830 714 1907 verbis,
736 1829 785 1890 uhi
805 1833 890 1910 copia
909 1828 1088 1909 probabilis,
1110 1829 1160 1889 uhi

159 1916 272 1976 modus.

118 2002 154 2057 18
183 1998 295 2061 “His
313 2001 427 2060 accedit
442 2000 585 2061 enarratio
607 1999 807 2078 historiarum,
831 2000 955 2079 diligens
975 2001 1089 2078 quidem
1110 2001 1160 2061 illa

158 2102 217 2144 non
237 2094 333 2145 tamen
352 2102 444 2163 usque
463 2085 498 2145 ad
517 2103 729 2162 supervacuum
751 2085 882 2145 lahorem
903 2093 1057 2163 occupata.
1087 2084 1160 2144 Nam

158 2176 296 2247 receptas
317 2178 365 2228 aut
388 2179 468 2229 certe
491 2169 578 2229 claris
601 2169 767 2229 auctoribus
792 2180 965 2230 memoratas
985 2171 1159 2247 exposuisse

159 2255 230 2314 satis
254 2262 308 2312 est.
342 2253 483 2332 Persequi
504 2254 629 2332 quidem,
653 2254 721 2333 quid
741 2256 864 2334 quisque
881 2271 1006 2332 unquam
1024 2254 1073 2314 vel
1091 2270 1159 2313 oon·

159 2338 414 2417 temptissimorum
437 2339 582 2399 hominum
604 2339 726 2415 dixerit,
756 2349 804 2400 aut
826 2341 931 2400 nimiae
953 2340 1091 2398 miseriae
1113 2347 1161 2396 aut

158 2423 250 2482 inanis
278 2422 435 2482 iactantiae
461 2432 506 2482 est
536 2432 566 2482 et
592 2423 702 2483 detinet
724 2433 812 2503 atque
841 2423 937 2484 obruit
963 2425 1080 2499 ingenia
1101 2440 1160 2480 mc·

117 2501 214 2566 19lius
236 2507 299 2567 aliis
318 2515 466 2568 vacatura.
499 2505 572 2573 Nam
592 2509 640 2587 qui
657 2507 1160 2590 omnesaHamiudiguaslectioue

158 2591 255 2652 scidas
271 2592 403 2673 ‘egam-tiit,
428 2582 554 2652 auilih'u'u's'
568 2581 821 2671 'quidqhe'iahulis
844 2586 1068 2667 accommodare
1078 2606 1159 2666 ope·

155 2668 348 2759 qursspotest.
377 2675 466 2755 Atqui
487 2670 567 2754 pleni
587 2683 653 2734 sunt
673 2663 1043 2751 eiusmodi'riupedimentis
1065 2690 1159 2749 gram·

157 2761 327 2820 mutieorum
356 2760 569 2834 commentarii,
598 2761 648 2818 uix
670 2760 741 2836 ipsis
765 2759 813 2836 qui
839 2765 1066 2834 composuerunt
1089 2757 1160 2817 satis

115 2843 226 2903 functi.
269 2843 342 2904 Nam
366 2844 510 2920 Didymo,
540 2858 596 2922 quo
625 2859 710 2902 nemo
739 2842 823 2920 plura
852 2841 985 2920 scripsit,
1015 2841 1160 2901 accidisse

157 2936 338 3005 compertum
361 2935 421 3003 est,
450 2938 495 3005 ut,
519 2946 583 2987 oum
604 2927 743 2987 historiae
773 2926 885 2986 cuidam
910 2935 1045 3005 tanquam
1068 2944 1161 2986 vanae

155 3020 349 3088 repugnaret,
380 3013 472 3090 ipsius
494 3013 676 3091 proferretur
699 3011 790 3087 liber,
820 3013 868 3090 qui
892 3029 955 3071 eam
981 2988 1177 3071 continebati

112 3096 147 3149 ul
157 3092 242 3167 Quod
255 3097 352 3155 evenit
362 3098 522 3174 praecipue
536 3098 565 3157 in
576 3095 718 3157 fabulosis
732 3114 826 3173 usque
838 3096 874 3156 ad
882 3096 1057 3169 deridicula,
1071 3112 1158 3174 quae·

159 3177 223 3238 dam
246 3180 332 3239 etiam
360 3180 508 3258 pudenda;
538 3183 613 3242 unde
639 3180 854 3260 improbissimo
885 3182 990 3260 cuique
1017 3180 1160 3259 pleraque

157 3261 282 3339 fingendi
305 3264 423 3325 licentia
447 3275 507 3340 est,
531 3267 605 3326 adeo
631 3275 663 3325 ut
684 3266 721 3325 de
743 3264 824 3325 libris
842 3267 911 3326 totis
933 3274 963 3324 et
981 3263 1159 3339 auctoribus,

156 3354 187 3406 ut
215 3349 375 3423 succurrit,
405 3350 576 3409 mentiantur
601 3358 679 3424 tuto,
708 3350 774 3428 quia
797 3350 919 3412 inveniri
946 3350 993 3427 qui
1017 3365 1160 3426 nunquam

156 3430 239 3491 fuere
262 3448 318 3491 nou
346 3443 479 3511 possunt.
520 3431 593 3494 Nanr
613 3433 645 3519 'in
667 3435 829 3495 notioribus
853 3434 1089 3513 frequentissime
1110 3431 1158 3492 de·
