2566 4026
412 154 830 238 msu.o1anuon.n1a.1,4.
1085 162 1124 224 21

121 345 175 388 ros.
206 326 280 388 lnde
298 328 327 387 in
343 324 475 402 syllabas
497 343 564 387 cura
580 325 728 402 transibit,
751 326 788 385 de
809 326 913 404 quibus
929 328 957 387 in
973 327 1125 408 orthogra-

120 411 181 491 phia
196 429 294 490 pauca
312 408 471 472 annotabo.

199 495 276 556 'l'um
293 487 430 572 videbit,
443 493 479 556 ad
495 511 579 572 quem
593 493 651 555 lroc
666 496 807 573 pertinet,
828 504 899 574 quot
914 505 943 557 et
958 514 1033 576 quae
1049 516 1124 577 par·

121 588 172 640 tes
205 581 414 649 orationis;
447 596 607 658 quanquam
637 579 673 639 de
701 596 819 638 numero
851 597 950 658 parum
979 586 1123 643 convenit.

121 662 242 726 Veteres
271 666 363 741 enim,
395 680 517 742 quorum
544 663 660 723 luerunt
686 662 865 722 Aristoteles
892 681 1009 742 quoque
1037 677 1124 746 atque
1134 681 1169 738 18

119 748 323 825 Theodectes,
343 747 435 808 verba
456 747 543 808 modo
565 756 595 808 et
616 749 729 807 nomina
749 757 779 807 et
799 750 1018 809 convinctiones
1038 752 1123 811 tradi·

119 833 234 904 derunt;
258 833 401 895 videlicet
416 832 494 912 quod
509 834 537 892 in
549 831 647 891 verbis
664 833 719 892 vim
735 834 896 908 sermonis,
917 833 946 891 in
963 834 1124 894 nominibus

117 919 281 995 materiam,
307 917 391 997 (quia
406 917 528 977 alterum
543 926 589 976 est
604 916 682 995 quod
697 916 855 995 loquimur,
876 917 998 977 alterum
1014 918 1049 977 de
1067 935 1124 997 quo

118 1002 278 1083 loquimur)
300 1003 329 1062 in
350 1000 599 1062 convinctionibus
617 1009 712 1061 autem
733 1001 917 1080 complexum
938 1018 1038 1061 eorum
1056 1020 1124 1061 esse

118 1087 332 1155 iudicaverunt;
356 1103 428 1164 quos
450 1086 668 1146 coniunctiones
690 1103 707 1144 a
727 1085 877 1164 plerisque
893 1085 949 1145 dici
967 1087 1045 1160 scio,
1071 1087 1124 1147 sed

117 1172 189 1232 baec
206 1171 325 1233 videtur
347 1189 385 1230 ex
404 1168 558 1252 συνδέσμῳ
572 1171 663 1247 magis
683 1171 801 1248 propria
824 1168 983 1230 translatio.
1023 1170 1166 1238 Paula-19

116 1258 196 1316 tima
216 1254 404 1335 pbilosophis
421 1272 457 1315 ac
471 1257 593 1315 maxime
610 1255 716 1314 Stoicis
733 1262 833 1313 auctus
853 1262 898 1313 est
913 1272 1066 1329 numerus,
1089 1271 1124 1314 ac

116 1342 239 1419 primum
255 1337 507 1400 convinctionibus
522 1338 635 1399 articuli
651 1339 771 1414 adiecti,
791 1347 858 1417 post
875 1339 1122 1416 praepositiones,
1190 1358 1194 1364 ·

116 1423 280 1485 nominibus
310 1423 490 1503 appellatio,
521 1422 625 1483 deiude
652 1438 834 1501 pronomen,
868 1422 972 1483 deinde
1005 1423 1124 1482 mixtum

118 1508 209 1569 uerbo
225 1509 426 1587 participium,
443 1508 514 1587 ipsis
529 1507 627 1568 verbis
643 1506 789 1567 adverbia.
816 1505 925 1567 Noster
941 1523 1037 1566 sermo
1055 1508 1122 1566 arti·

116 1593 201 1654 culos
221 1609 281 1652 non
295 1592 458 1667 desiderat,
480 1593 607 1671 ideoque
622 1593 651 1650 in
671 1591 742 1652 alias
761 1601 859 1671 partes
881 1592 1020 1652 orationis
1041 1609 1121 1670 spar-

115 1687 233 1756 guntur.
267 1676 326 1736 Sed
341 1677 456 1738 accedit
471 1675 670 1755 superioribus
690 1676 864 1736 interiectio.
893 1675 953 1735 Alii
969 1685 1064 1736 tamen
1085 1684 1166 1737 ento

114 1761 230 1823 idoneis
244 1761 382 1822 duntaxat
394 1761 559 1822 auctoribus
576 1769 643 1820 octo
657 1769 755 1838 partes
770 1761 864 1820 secuti
878 1769 942 1820 sunt
956 1769 986 1819 ut
996 1759 1121 1819 Aristar·

113 1846 188 1906 obus
204 1853 236 1905 et
252 1854 347 1905 aetate
369 1853 469 1906 nostra
490 1845 659 1919 Palaemon,
683 1846 732 1922 qui
747 1843 920 1904 vocabulum
943 1845 1005 1903 sive
1021 1843 1122 1922 appel·

113 1929 256 1991 lationem
277 1930 384 1990 nomini
409 1929 595 1990 subiecerunt
621 1938 755 2007 tanquam
779 1929 897 2007 species
922 1930 994 1988 eius.
1028 1926 1066 1988 At
1091 1930 1121 1998 ii,

113 2016 164 2093 qui
186 2013 267 2074 aliud
282 2031 387 2075 nomen
401 2013 479 2074 aliud
493 2013 667 2075 vocabulum
685 2012 808 2088 iaciunt,
829 2030 942 2072 novem.
972 2011 1121 2071 Nihilomi-

112 2117 167 2159 nus
184 2099 318 2175 luenmt,
334 2099 383 2176 qui
399 2098 492 2176 ipsum
506 2097 599 2159 adhuc
615 2097 787 2157 vocabulum
805 2096 840 2156 ab
859 2096 1056 2175 appellatione
1072 2095 1121 2157 de·

112 2182 278 2258 ducerent,
302 2190 333 2241 ut
354 2190 436 2242 esset
459 2181 632 2243 vocabulum
659 2199 765 2261 corpus
791 2183 854 2241 visu
878 2190 1014 2260 tactuque
1034 2182 1121 2240 mani·

111 2266 241 2343 festum,
265 2267 388 2340 domne,
406 2267 520 2336 lactata,⁸
542 2265 717 2346 appellatio,
740 2268 786 2326 cui
800 2266 849 2326 rel
864 2265 986 2326 alterum
1003 2265 1122 2325 deesset

112 2351 165 2411 vel
185 2359 357 2429 utrumque,
376 2358 500 2428 centus,
523 2352 656 2428 coelum,
678 2353 770 2427 derra,
795 2353 902 2412 cirtae.
939 2349 1123 2410 Adiiciebant

115 2443 144 2496 et
162 2437 415 2495 asseverationem
436 2443 466 2495 ut
485 2435 575 2506 ebert,
595 2443 626 2496 et
644 2438 876 2495 attrectationem
891 2443 921 2493 ut
940 2435 1122 2511 fescanum,-

114 2537 194 2598 quae
222 2518 290 2579 mibi
315 2536 373 2578 non
393 2517 598 2597 approbantur.
643 2517 825 2579 Vocabulum
845 2536 880 2577 an
900 2516 1059 2594 appellatio
1082 2516 1122 2575 di·
1132 2529 1166 2583 21

114 2603 213 2663 conda
228 2604 266 2662 sit
278 2602 461 2683 προσηγορία
476 2611 505 2663 et
520 2602 698 2664 subiicienda
713 2603 819 2661 nomini
835 2617 945 2673 necne,
963 2601 1028 2676 quia
1044 2599 1125 2677 parvi

114 2687 227 2762 refert,
246 2687 369 2747 liberum
385 2688 542 2766 opinaturis
558 2687 702 2766 relinquo.

203 2769 327 2833 Nomina
342 2771 489 2833 declinare
506 2781 534 2831 et
549 2771 640 2831 verba
655 2771 792 2849 imprimis
809 2770 891 2848 pueri
907 2768 1009 2841 sciant,
1028 2782 1123 2843 neque
1133 2780 1167 2832 ῃ

116 2858 193 2916 enim
219 2855 306 2916 aliter
331 2857 487 2934 pervenire
512 2855 548 2916 ad
573 2857 752 2916 intellectum
779 2855 961 2933 sequentium
987 2858 1123 2928 possunt;

116 2939 197 3019 quod
221 2941 307 3002 otiam
330 2957 450 3000 monere
470 2958 682 3019 supervacuum
702 2949 780 3014 erat,
801 2939 855 2998 nisi
874 2936 1025 2998 ambitiosa
1044 2933 1125 2994 lesti-

115 3026 235 3086 uatione
251 3025 389 3104 plerique
404 3043 420 3086 a
435 3025 649 3103 posterioribus
665 3026 827 3103 inciperent
842 3031 881 3097 et,
898 3021 963 3081 dum
978 3028 1126 3080 ostentare

115 3108 281 3188 discipulos
300 3111 380 3170 circa
400 3111 583 3188 speciosiora
597 3109 720 3185 malunt,
742 3106 913 3185 compendio
934 3113 1123 3165 morarentur.

114 3193 206 3274 Atqui
220 3195 246 3254 si
262 3195 328 3274 quis
345 3202 375 3253 et
389 3193 522 3254 didicerit
537 3195 607 3255 satis
623 3202 653 3254 et
669 3193 763 3272 (quod
779 3208 837 3250 non
854 3193 944 3251 minus
961 3190 1068 3250 deesse
1083 3191 1123 3247 in·
1133 3198 1169 3251 23

114 3280 201 3338 terim
216 3279 313 3359 solet)
332 3278 460 3338 voluerit
478 3278 587 3339 docere
604 3296 680 3356 quae
694 3278 809 3351 didicit,
828 3293 885 3335 non
900 3277 955 3335 erit
971 3281 1125 3335 contentus

114 3363 234 3424 tradere
260 3366 290 3423 in
316 3360 480 3421 nominibus
501 3364 554 3422 tria
575 3381 685 3440 genera
704 3372 733 3421 et
752 3378 803 3435 ea,
828 3378 901 3438 quae
927 3368 992 3418 sunt
1013 3356 1125 3417 duobus

114 3447 288 3510 omnibusve
311 3447 483 3507 communia.
525 3444 589 3506 Nec
614 3448 708 3505 statim
733 3445 901 3520 diligentem
923 3442 1048 3524 putabo,
1078 3441 1169 3519 quill
