2566 4026
377 209 467 256 rnen.
487 207 635 256 onnuon.
649 208 718 255 nm.
731 208 791 274 vu,
810 206 834 256 r.
1099 201 1118 260 3

107 366 272 442 ambigitur,
290 365 458 423 coniectura
476 371 531 422 est.
564 361 682 421 Interim
691 380 763 421 vero
781 371 810 421 et
825 364 941 423 tertium
953 367 1148 436 coufessums

108 458 169 527 est,
191 448 340 509 adulteros
363 448 464 506 fuisse.
496 445 563 507 Sed
576 447 646 523 tibi,
672 447 763 523 inquit
784 455 955 524 aecusator,
976 451 1044 512 illos
1058 471 1120 513 nort

107 535 192 596 licuit
207 533 353 594 occidere
359 555 373 603 ‚·
390 533 463 592 euml
478 533 558 591 enim
576 549 659 605 eros,
676 539 724 589 aut
738 533 966 609 ignominiosus.
996 533 1041 593 De
1057 537 1119 595 iure

108 618 264 697 quaeritur.
307 616 347 675 At
374 617 399 674 si
430 615 561 694 protinus
588 614 695 673 dioeuti
729 613 878 676 Occidisti
907 619 1120 696 respondeatur

109 701 176 763 Nou
191 700 310 762 occidi:
326 702 421 759 statim
436 716 533 778 pugna
550 707 604 757 εει.
636 698 666 757 Si
685 698 896 777 explorandum
912 709 967 776 est,
985 701 1033 761 ubi
1050 720 1118 762 eon-

107 786 251 847 troversia
273 785 407 862 incipiat:
432 792 461 842 et
479 783 658 842 considerari
678 782 782 857 debet,
806 783 875 862 quid
891 786 1011 863 primam
1031 804 1118 864 quae·

113 872 236 930 stionem
251 869 348 928 faeiat.
381 867 505 926 Intentio
525 866 667 945 simplex:
692 864 814 928 Occidit
833 865 1036 929 Saturninum
1054 870 1148 941 liu-9

110 955 227 1022 ditium·
249 953 417 1012 ooniuneta:
440 949 522 1030 Lege
545 953 583 1012 de
605 952 731 1012 eiramis
748 952 896 1013 commisit
911 950 946 1012 L.
966 951 1116 1016 Varenus.

109 1036 190 1099 Num
209 1035 242 1096 0.
269 1035 424 1097 Varenum
441 1035 643 1096 occidendum
659 1042 688 1096 et
706 1032 760 1096 Cn.
784 1033 939 1097 Varenum
950 1040 1118 1101 vulneran-

109 1122 182 1183 dum
205 1129 233 1182 et
248 1120 409 1182 Solarium
431 1121 502 1180 item
522 1118 725 1180 occidendum
749 1122 878 1181 curavit.
914 1119 987 1180 Nam
1012 1124 1056 1181 sie
1078 1123 1119 1182 di-

108 1222 214 1265 versae
230 1205 448 1284 propositiones
462 1212 560 1272 erunt;
578 1203 655 1280 quod
670 1202 746 1262 idem
760 1204 796 1263 de
812 1203 1000 1282 petitionibus
1012 1206 1119 1266 dietum

109 1290 155 1350 sit.
186 1289 295 1348 Verum
311 1307 349 1348 ex
364 1289 517 1348 coniuncta
537 1288 740 1364 propositione
760 1288 862 1366 plures
884 1306 952 1347 esse
971 1291 1118 1368 quaestio·

108 1392 161 1432 nes
190 1391 224 1432 ae
249 1381 339 1432 status
365 1380 503 1450 possunt,
532 1373 556 1429 si
582 1371 659 1431 aliud
685 1379 773 1448 negat
798 1390 867 1431 reus
891 1373 969 1432 aliud
990 1375 1119 1434 defendit

108 1457 186 1518 aliud
202 1475 218 1516 a
234 1458 297 1515 iure
316 1457 440 1516 aetionis
456 1454 593 1514 excludit.
632 1453 663 1513 ln
688 1471 746 1533 quo
770 1473 882 1532 genere
903 1459 1000 1532 agenti
1016 1467 1062 1517 est
1078 1458 1117 1517 df-

108 1541 299 1620 spiciendum,
317 1540 384 1618 quid
401 1556 518 1618 quoque
535 1538 602 1598 loeo
621 1538 719 1598 diluat.

195 1624 280 1698 Quod
299 1626 425 1702 pertinet
441 1624 476 1683 ad
497 1633 636 1698 autorem,
653 1639 710 1682 nou
723 1624 810 1703 plane
826 1623 966 1685 dissentio
983 1642 1000 1684 a
1016 1620 1116 1700 Celso,
1128 1636 1160 1686 ιο

109 1711 158 1787 qui
182 1710 244 1767 sine
273 1708 360 1767 dubio
390 1705 563 1768 Ciceronem
591 1716 708 1766 secutus
730 1710 817 1768 instat
838 1717 933 1768 tamen
954 1708 1021 1768 huie
1043 1711 1118 1787 parti

111 1793 322 1866 vehementius,
340 1800 372 1850 ut
387 1801 483 1870 putet,
499 1793 592 1869 primo
609 1791 719 1851 firmum
734 1792 842 1870 aliquid
859 1810 926 1852 esse
942 1792 1116 1870 ponendum,

109 1893 219 1935 summo
243 1876 449 1951 firmissimum,
470 1875 663 1935 imbecilliora
683 1876 797 1953 medio,
820 1877 886 1955 quia
909 1885 938 1936 ει
959 1878 1040 1936 initio
1058 1893 1118 1935 mo·

108 1960 220 2020 vendus
237 1962 274 2019 sit
289 1959 377 2019 iudex
395 1969 424 2019 et
440 1977 549 2019 summo
566 1959 768 2037 impellendus.
800 1960 839 2019 At
854 1977 908 2038 pro
924 1978 977 2021 reo
991 1960 1159 2038 plerum-ll

111 2062 168 2122 que
192 2045 393 2120 gravissimum
415 2044 541 2122 quidque
564 2045 684 2121 primum
704 2045 876 2104 movendum
899 2053 960 2120 est,
986 2063 1023 2104 ne
1048 2043 1119 2104 illud

110 2136 248 2206 spectans
265 2127 353 2188 iudex
375 2128 554 2206 reliquorum
575 2127 738 2187 defensioni
767 2130 804 2188 sit
824 2130 965 2188 aversior.
1003 2128 1119 2188 Interim

110 2221 206 2271 tamen
230 2221 259 2271 et
286 2211 344 2271 hoe
366 2212 535 2285 mutabitur,
559 2212 583 2269 si
604 2211 716 2271 leviora
738 2211 788 2271 illa
810 2212 906 2289 palam
926 2212 1001 2272 falsa
1024 2220 1117 2287 eruut,

109 2297 275 2373 gravissimi
294 2295 427 2355 defensio
449 2294 612 2371 diffieilior,
634 2303 665 2353 ut
689 2294 819 2355 detraeta
840 2298 919 2374 prius
941 2296 1118 2356 accusatori·

108 2379 162 2439 bus
180 2379 235 2439 fide
253 2380 456 2456 aggrediamur
469 2378 608 2453 ultimum,
626 2379 681 2437 iam
696 2377 838 2438 iudicibus
855 2381 948 2438 omnia
961 2396 1034 2438 vana
1051 2396 1118 2438 esse

109 2463 306 2523 eredentibus.
343 2461 423 2542 Opus
441 2463 495 2521 erit
517 2471 611 2521 tamen
626 2462 825 2540 praefatione,
844 2480 899 2540 qua
917 2471 946 2522 et
961 2463 1034 2521 ratio
1052 2461 1117 2522 red·

109 2547 193 2607 datur
209 2547 290 2607 dilati
309 2547 433 2607 oriminis
454 2555 483 2605 et
499 2546 680 2624 promittatur
697 2546 841 2622 defensio,
857 2565 893 2605 ne
910 2547 949 2621 id,
968 2545 1046 2623 quod
1061 2562 1119 2604 non

110 2631 206 2690 statim
224 2630 383 2706 diluemus,
407 2633 508 2691 timere
530 2630 686 2689 videamur.
729 2629 892 2690 Auteaotae
906 2631 984 2689 vitae
1001 2631 1159 2692 erimina12

109 2715 282 2793 plerumque
305 2716 395 2792 prima
415 2714 564 2792 purganda
588 2723 669 2788 sunt,
691 2722 722 2772 ut
736 2714 781 2790 id,
805 2714 841 2775 de
864 2731 921 2793 quo
942 2714 1051 2774 laturus
1074 2722 1119 2772 est

109 2800 282 2858 sententiam
297 2799 396 2874 iudex,
416 2799 516 2859 audire
532 2799 674 2876 propitius
689 2798 817 2876 incipiat.
858 2800 916 2859 Sed
927 2798 984 2858 hoo
1000 2814 1117 2876 quoque

109 2898 164 2960 pro
183 2882 301 2942 Vareno
325 2880 431 2943 Cicero
455 2883 483 2941 iu
504 2882 633 2941 ultimum
660 2882 787 2961 distulit,
804 2900 878 2959 non,
897 2881 966 2962 quid
982 2883 1118 2960 frequen·

109 2966 221 3026 tissime
237 2966 300 3042 sed,
318 2967 386 3045 quid
401 2976 460 3027 tum
476 2967 639 3045 expediret,
655 2967 782 3025 intuitus.
1187 3019 1190 3023 .

196 3047 268 3110 Gom
286 3051 411 3128 simplex
426 3051 547 3111 intentio
564 3051 633 3109 erit:
653 3050 808 3110 videndum
826 3061 886 3126 est,
909 3068 993 3110 unum
1011 3047 1120 3127 aliquid
1128 3056 1161 3110 ιι

109 3135 339 3212 respondeamus
357 3153 393 3195 an
410 3135 504 3212 plura.
549 3134 580 3194 Si
599 3151 701 3194 unum:
723 3135 752 3193 in
773 3153 807 3194 re
823 3137 1023 3214 quaestionem
1039 3133 1119 3192 insti-

109 3225 221 3277 tuamus
238 3219 318 3279 auin
339 3219 465 3298 seripto;
489 3218 514 3277 si
529 3218 558 3277 in
572 3236 620 3279 re:
637 3219 798 3295 negandum
814 3221 867 3295 sit,
893 3217 971 3296 quod
986 3216 1120 3277 obiicitur

111 3319 147 3360 an
163 3303 313 3372 tuendum;
333 3303 358 3361 si
373 3304 402 3362 in
419 3304 548 3382 scripto:
570 3303 599 3362 in
616 3320 672 3381 qua
688 3305 789 3381 speeie
805 3303 874 3363 iuris
895 3320 992 3380 pugna
1013 3303 1066 3377 sit,
1090 3310 1119 3360 et

110 3387 190 3446 inea
211 3387 247 3446 de
264 3386 363 3445 verbis
380 3404 416 3446 an
433 3387 470 3447 de
486 3386 636 3447 voluntate
654 3395 818 3465 quaeratur.
852 3386 884 3446 ld
901 3387 939 3446 ita
958 3403 1118 3464 eonseque·
1129 3392 1162 3447 ll

110 3487 184 3547 mur,
204 3472 228 3529 si
244 3471 336 3530 intuiti
353 3469 509 3547 fuerimus,
534 3488 608 3549 quae
624 3471 660 3530 sit
676 3470 744 3548 lex,
764 3489 839 3550 quae
854 3470 1049 3613 literppaeiat,
1061 3469 1119 3528 hoo
