2566 4026
419 180 509 228 rusu.
523 179 755 230 0111011111.
768 181 796 247 1,
809 179 834 230 s.
1084 170 1123 230 27

119 354 204 413 vero,
225 353 302 416 quae
324 345 390 397 sunt
412 334 545 412 syllabae
562 336 661 411 unius,
687 344 770 396 erunt
793 345 878 398 acuta
900 345 947 397 aut
969 337 1062 412 flexa,
1086 354 1123 398 ne

119 424 152 482 sit
169 420 270 499 aliqua
288 437 349 481 vox
368 422 431 481 sine
449 429 543 480 acuta.
579 417 617 479 Et
633 419 684 479 illa
702 437 756 499 per
775 437 864 480 sonos
884 420 1027 497 accidunt,
1048 433 1166 500 0110031

118 504 309 566 demonstrari
326 507 438 583 scripto
453 520 511 564 non
526 511 663 581 possunt,
683 505 752 564 vitia
767 507 826 564 0110
842 514 871 565 et
885 504 1017 583 linguae:
1041 505 1123 566 iece-

118 579 239 667 empuis
252 596 282 648 et
294 578 545 668 tepptcetcpodg,
560 581 729 666 ἰσχνότητας
740 597 769 648 et
782 581 996 667 πλατειασμοῦς
1008 589 1123 650 felicio·

116 692 163 733 res
175 673 324 750 lingendis
336 671 497 732 nominibus
506 669 612 733 Graeci
621 680 738 748 vocant,
752 673 826 733 sient
836 674 1049 750 eocteoroptec,
1060 692 1124 735 cum

117 774 174 817 vox
189 759 275 836 quasi
290 759 319 816 in
333 775 456 818 recessu
471 757 530 815 oris
545 755 667 815 auditur.
698 755 770 816 Sunt
785 758 870 817 etiam
885 759 996 836 proprii
1011 758 1166 837 quidamst

117 851 144 902 et
159 841 374 903 inenarrabiles
387 841 467 915 soni,
484 838 588 919 quibus
600 855 801 919 nonuunquam
815 842 948 901 nationes
962 840 1124 920 depreben-

116 925 218 986 dimus.
249 924 382 986 Remotis
398 926 486 1002 igitur
505 922 652 1000 omnibus,
675 924 831 1002 dequibus
849 925 1026 1003 supradixi,
1047 927 1123 985 vitiis

117 1011 169 1069 erit
182 1008 249 1085 illa,
267 1027 342 1088 quae
357 1018 478 1069 vocatur
492 998 660 1086 teserem,
677 1006 706 1067 id
723 1017 768 1068 est
784 1009 934 1069 emendata
951 1011 1123 1070 011101011-

117 1102 174 1154 tate
192 1110 301 1153 vocum
318 1094 498 1171 explanatio;
519 1109 584 1152 nam
599 1093 643 1151 sic
659 1092 754 1170 accipi
769 1101 868 1171 potest
884 1101 975 1154 reeta.

203 1175 312 1237 Cetera
330 1179 399 1238 vitia
422 1178 515 1238 omnia
540 1194 578 1234 ex
601 1174 732 1253 pluribus
754 1177 876 1237 vocibus
902 1185 983 1253 sunt,
1004 1185 1167 1256 quorumitt

117 1270 161 1321 001
177 1262 449 1336 soloecismus,
470 1277 632 1338 quanquam
650 1262 728 1320 cirea
745 1259 803 1321 boc
819 1277 937 1341 quoque
952 1260 1126 1338 disputatum

117 1355 170 1406 est.
210 1344 285 1406 Nam
307 1347 393 1406 etiam
414 1346 463 1423 qui
483 1343 638 1422 complexu
658 1345 797 1405 orationis
816 1345 952 1406 accidere
973 1362 1037 1404 eum
1056 1361 1124 1404 con·

117 1431 251 1506 fitentur,
271 1429 338 1508 quia
356 1439 451 1489 tamen
471 1430 554 1487 unius
571 1428 772 1488 emendatione
790 1429 873 1490 verbi
893 1429 1001 1507 corrigi
1018 1430 1123 1508 possit,

116 1516 143 1574 in
158 1513 256 1573 verbo
273 1531 341 1574 esse
360 1514 459 1573 vitium
477 1529 535 1571 nou
549 1513 578 1573 in
594 1529 729 1572 sermone
749 1513 939 1582 contendunt;
963 1531 1037 1589 eum,
1060 1514 1166 1576 011030

116 1616 250 1659 amarae
272 1598 398 1660 00111010
419 1615 471 1656 seu
488 1597 589 1658 medio
609 1599 724 1658 cortice
745 1614 800 1676 per
819 1615 912 1675 genus
932 1597 1003 1658 iacit
1026 1597 1123 1659 soloe·

117 1684 237 1742 cismum
251 1681 390 1760 (quorum
404 1688 535 1740 neutrum
550 1678 666 1758 quidem
679 1681 876 1760 reprehendo,
890 1699 953 1742 cnm
968 1683 1005 1741 sit
1019 1683 1123 1742 utrius·

117 1783 172 1844 que
195 1765 347 1843 Vergilius
375 1774 490 1832 auctam
518 1762 571 1823 sed
598 1763 738 1840 fingamus
765 1765 931 1826 utrumlibet
958 1783 1015 1824 non
1042 1774 1124 1826 recte

116 1849 241 1930 dictum)
263 1851 382 1911 mutatio
405 1851 488 1909 vocis
505 1847 642 1923 alterius,
666 1849 695 1908 in
716 1866 772 1928 qua
793 1852 891 1910 vitium
912 1859 992 1925 erat,
1015 1859 1124 1909 rectam

116 1932 257 2013 loquendi
280 1936 421 1995 rationem
442 1934 479 1992 sit
500 1933 662 2007 redditura,
683 1942 713 1992 ut
734 1935 836 1996 amori
859 1935 985 1996 corticis
1004 1933 1053 1993 flat
1075 1933 1124 1993 vel

116 2019 221 2079 media
243 2018 368 2080 cortice.
414 2015 499 2091 Quod
520 2016 691 2077 manifestae
713 2017 873 2078 calumniae
898 2026 958 2086 est;
992 2025 1124 2077 nentrum

116 2103 192 2161 enim
216 2104 354 2163 vitiosum
374 2110 419 2161 est
445 2110 626 2179 separatum,
652 2100 705 2161 sed
731 2103 944 2181 compositione
972 2110 1122 2181 peccatur,

117 2203 191 2264 quae
212 2188 269 2246 iem
288 2187 430 2246 sermonis
450 2193 504 2247 est.
535 2183 610 2244 lllud
625 2185 763 2245 eruditius
784 2188 949 2265 quaeritur,
970 2204 1006 2247 nu
1020 2187 1050 2246 11
1067 2188 1122 2245 sin·
1130 2199 1165 2255 31

115 2269 193 2346 gulis
223 2286 340 2349 quoque
361 2269 459 2329 verbis
483 2270 578 2348 possit
601 2268 665 2329 lieri
691 2269 901 2346 soloecismus,
928 2271 969 2330 uti
991 2271 1016 2331 01
1039 2288 1125 2329 unum

117 2354 181 2431 quis
207 2352 245 2413 ad
267 2371 300 2413 00
321 2371 431 2415 vocans
459 2353 536 2414 dicat
557 2355 671 2429 uenite,
698 2363 747 2414 ant
768 2356 794 2414 si
815 2355 915 2433 plures
937 2372 954 2414 a
979 2373 1014 2414 se
1032 2355 1124 2414 dimit·

116 2446 181 2497 tens
200 2439 241 2497 ita
258 2437 394 2517 loquuntur
410 2438 528 2499 011001
546 2439 681 2499 diseede.
715 2436 779 2497 Nec
798 2455 856 2499 101
871 2457 935 2499 cum
952 2454 1126 2516 responsum
1222 2430 1239 2457 ³

117 2521 152 2580 ab
180 2523 382 2599 interrogante
410 2520 562 2597 dissentit,
590 2530 620 2581 ut
646 2522 671 2581 01
696 2521 802 2582 dicenti
826 2520 923 2594 Quem
944 2523 1057 2583 video?
1086 2522 1125 2578 ita

118 2623 259 2665 occurras
279 2604 356 2685 Epo.
389 2604 422 2664 ln
442 2613 529 2683 gestu
550 2607 636 2666 etiam
658 2604 787 2665 nonnulli
808 2613 908 2684 putant
928 2603 1005 2664 idem
1026 2604 1125 2662 vitium

118 2691 233 2764 inesse,
258 2707 322 2749 cum
345 2689 422 2750 aliud
442 2706 519 2749 voce
536 2688 614 2750 aliud
636 2699 705 2750 nutu
727 2689 776 2750 vel
799 2707 882 2749 manu
901 2688 1122 2748 demonstratur.

116 2771 190 2833 lluie
213 2775 344 2851 opinioni
366 2791 461 2852 neque
487 2775 601 2833 omnino
621 2772 732 2834 accedo
754 2792 850 2853 neque
868 2773 955 2853 plane
973 2770 1124 2832 dissentio.
1132 2788 1166 2845 37

117 2854 189 2916 llam
203 2857 232 2917 id
251 2857 348 2919 iateor
364 2856 499 2918 accidere
517 2874 592 2919 voce
613 2875 668 2917 una
687 2875 745 2917 101
764 2868 860 2920 tamen
875 2859 975 2934 aliter,
999 2855 1126 2934 quamsi

117 2941 154 2999 sit
172 2940 300 3020 aliquid,
322 2941 400 3020 quod
418 2942 475 3001 vim
497 2941 616 3003 alterius
639 2943 721 3003 vocis
744 2943 888 3020 obtineat,
912 2943 947 3003 ad
971 2941 1048 3020 quod
1066 2957 1127 3000 von

117 3022 166 3085 illa
186 3024 350 3102 referatur,
370 3034 401 3085 ut
417 3025 611 3086 soloecismus
630 3043 667 3086 ex
685 3027 839 3105 complexu
858 3028 906 3088 fiat
925 3044 1042 3100 eorum,
1064 3026 1125 3105 qui-

117 3107 170 3168 bus
185 3127 236 3170 res
252 3109 450 3187 significantur
466 3119 495 3169 et
509 3110 642 3171 voluutas
659 3112 828 3171 ostenditur.
858 3111 955 3190 Atque
967 3118 998 3170 ut
1014 3127 1167 3182 omnemag

117 3191 255 3272 effugiam
271 3193 500 3270 cavillationem,
523 3196 559 3254 sit
578 3194 732 3273 aliquando
751 3197 780 3254 in
794 3213 851 3255 uno
868 3195 961 3255 verbo
982 3210 1125 3272 nunquam

114 3276 143 3336 in
167 3278 238 3339 0010
264 3277 368 3339 verbo.
413 3277 470 3337 Per
494 3288 564 3356 quot
587 3289 681 3339 autem
707 3287 736 3337 et
758 3297 829 3358 quas
858 3279 971 3340 aecidat
995 3280 1123 3356 speeies,

114 3363 266 3423 nonsatis
291 3363 437 3422 convenit.
478 3361 534 3435 Qui
555 3363 742 3442 plenissime,
766 3363 1003 3442 quadripertitam
1023 3361 1125 3421 volunt

113 3462 183 3505 esse
199 3448 347 3506 rationem
366 3463 422 3505 nec
441 3444 525 3507 aliam
541 3464 624 3524 quam
639 3445 824 3523 barbarismi,
845 3455 876 3506 ut
896 3446 943 3505 liat
961 3445 1124 3506 adiectione
