2566 4026
155 153 196 218 66
475 162 835 223 u.unn.qutnn1n1nn1

154 330 317 384 centnrcm
334 329 469 400 tempus,
492 335 551 397 qam
571 321 654 380 idem
675 337 736 380 non
754 321 981 398 permitterem
1002 321 1042 382 ita
1064 331 1094 383 et
1117 324 1156 382 in·

154 407 242 485 genic
257 404 425 483 gaudebant
440 412 470 464 et
485 400 591 463 iudicio
608 420 665 463 ncn
682 403 867 465 fallebantur.

113 500 146 555 15
242 488 302 550 Sed
326 498 356 548 ut
379 505 415 548 ec
441 496 589 562 revertar,
612 486 687 546 unde
705 507 767 548 sum
786 488 952 566 digressus:
978 489 1161 549 narrationes

156 574 225 635 stilo
244 574 381 652 componi
396 580 502 649 quauta
521 572 643 631 maxima
661 574 755 650 possit
770 572 895 633 adhibita
914 573 1064 650 diligentia
1077 573 1159 633 volo.

155 657 229 718 Nam
255 667 285 717 ut
308 659 419 735 primo,
444 674 508 715 cum
531 672 627 714 sermo
646 656 818 732 instituitur,
841 657 941 717 dicere
964 674 1039 735 quae
1061 658 1159 717 audie·

155 743 227 817 rint,
258 740 328 801 utile
357 749 402 800 est
420 740 519 818 pueris
550 739 585 799 ad
611 739 748 817 loquendi
770 739 952 808 facultatem;
980 741 1107 819 ideoque
1131 750 1162 800 et

156 834 235 884 retro
260 843 351 902 agere
374 825 587 902 expositionem
611 832 640 882 et
662 842 679 884 a
705 824 800 885 media
824 826 851 884 in
873 834 1024 903 utramque
1047 834 1160 904 partem

156 910 323 970 discurrere
346 926 417 969 sane
436 909 540 967 meritc
564 916 723 985 cogantur,
751 909 804 968 sed
822 909 857 975 ad
875 911 1016 987 gremium
1036 927 1159 988 praece·

49 1033 54 1040 -
155 994 266 1072 ptoris,
293 1002 323 1052 et
344 993 411 1053 dum
431 1008 488 1050 uon
510 1000 648 1069 possunt,
673 1001 702 1050 et
728 993 793 1053 dum
814 1010 863 1053 res
886 1011 921 1053 ac
938 993 1029 1053 verba
1052 1011 1159 1053 conne-

156 1086 236 1139 ctere
259 1078 412 1155 incipiunt,
442 1084 473 1135 ut
494 1076 625 1154 protinus
654 1078 822 1136 memoriam
849 1076 977 1136 iirment:
1007 1078 1063 1151 ita,
1094 1096 1159 1136 cum

155 1163 211 1222 iam
240 1161 362 1220 lorrnam
389 1168 492 1220 reatae
518 1169 605 1237 atque
636 1161 806 1220 emendatae
834 1162 973 1220 orationis
999 1162 1158 1238 accipient,

156 1245 364 1323 extemporalis
382 1242 537 1321 garrulitas
560 1262 615 1303 nec
638 1252 794 1322 expectata
812 1245 952 1322 cogitatio
973 1254 1002 1303 et
1023 1246 1072 1304 vix
1095 1263 1158 1303 sur·

112 1331 240 1408 logendi
262 1346 343 1390 mora
367 1327 571 1387 circulatoriae
589 1347 661 1388 vere
684 1329 848 1388 iactationis
872 1338 926 1388 est.
959 1328 1032 1388 Hinc
1054 1346 1159 1406 paren·

155 1414 224 1473 tium
252 1413 451 1491 imperitorum
478 1411 563 1471 inane
591 1412 743 1489 gaudium,
771 1413 842 1490 ipsis
871 1430 943 1472 vero
975 1421 1160 1490 contemptus

154 1497 254 1574 operis
278 1505 306 1554 et
329 1495 525 1554 inverecunda
547 1496 629 1555 frons
650 1505 680 1555 et
698 1497 877 1557 consuetudo
897 1498 1024 1575 pessime
1044 1496 1159 1556 dicendi

156 1589 185 1640 et
207 1579 347 1638 malcrum
366 1579 538 1638 exercitatio
561 1588 608 1655 et,
633 1597 708 1658 quae
730 1597 851 1657 magnos
871 1598 988 1659 quoque
1007 1581 1159 1658 proiectus

154 1663 324 1742 frequenter
345 1661 486 1741 perdidit,
518 1679 659 1741 arrogans
682 1664 719 1723 de
745 1683 779 1723 se
807 1666 960 1742 persuasio
989 1665 1156 1723 innascitur.

113 1755 145 1813 17
154 1746 217 1806 linit
246 1765 329 1806 suum
350 1747 496 1825 parandae
519 1747 650 1808 facilitati
679 1756 810 1826 tempus,
840 1767 896 1808 nec
918 1767 934 1808 a
957 1747 1040 1807 nobis
1064 1746 1158 1823 negli-

154 1841 259 1909 genter
286 1830 370 1890 locus
394 1830 450 1889 iste
479 1831 654 1891 transibitur.
699 1831 816 1891 lnterim
845 1834 915 1893 satis
945 1840 1005 1906 est,
1036 1832 1060 1888 si
1084 1848 1158 1908 puer

155 1917 231 1975 omni
253 1933 322 1974 cura
337 1923 367 1973 et
388 1932 516 1990 summo,
541 1925 677 1994 quantum
697 1915 748 1976 illa
763 1925 844 1976 aetas
869 1916 962 1994 capit,
985 1914 1087 1975 labore
1106 1914 1157 1974 ali-

155 1999 223 2078 quid
245 1997 400 2078 probabile
422 2000 591 2077 scripserit;
615 2001 642 2059 in
665 2001 722 2060 boc
741 2009 909 2076 assuescat,
934 2000 1017 2059 huius
1040 1998 1094 2058 sibi
1115 1999 1159 2057 rei

154 2092 283 2142 naturam
306 2082 403 2141 iaciat.
433 2081 489 2142 llle
511 2082 623 2142 demum
641 2086 668 2143 in
690 2084 736 2159 id,
760 2084 837 2162 quod
855 2084 1036 2163 quaerimus,
1060 2092 1108 2142 aut
1131 2084 1159 2140 ei

155 2168 317 2245 proximum
342 2167 451 2243 poterit
480 2168 622 2243 evadere,
653 2169 701 2246 qui
729 2178 795 2227 ante
820 2169 915 2228 discet
944 2175 1025 2226 recte
1057 2165 1158 2225 dicere

156 2268 240 2328 quam
266 2251 334 2309 cito.

113 2343 148 2397 18
241 2333 461 2393 Narrationibus
477 2351 534 2393 ncn
551 2336 688 2395 inutiliter
702 2336 884 2413 subiungitur
899 2353 973 2414 opus
992 2334 1159 2394 destruendi

157 2417 403 2495 confirmandique
428 2436 497 2493 eas,
521 2418 598 2496 qnod
616 2411 767 2498 ἆνασκευὴ
792 2428 821 2479 et
843 2409 1010 2497 κατασκευὴ
1025 2428 1157 2478 vocatur.

155 2501 187 2562 ld
209 2518 299 2580 porro
326 2517 383 2560 non
407 2510 515 2561 tantum
546 2505 574 2562 in
595 2503 737 2563 fabulosis
761 2513 790 2562 et
812 2505 938 2563 carmine
961 2502 1072 2562 traditis
1095 2502 1159 2560 lieri

156 2595 255 2664 potest
276 2604 376 2646 verum
399 2587 484 2646 etiam
506 2587 535 2645 in
557 2587 628 2664 ipsis
653 2589 796 2646 annalium
819 2587 1026 2657 monumentis,
1055 2593 1101 2657 ut,
1133 2585 1158 2641 si

157 2679 328 2749 quaeratur,
352 2687 394 2730 aa
414 2672 453 2731 cit
472 2671 619 2731 credibile
637 2690 733 2749 sacpcr
748 2679 843 2747 caput
861 2667 977 2730 Valerii
989 2668 1158 2744 pepercistis

156 2757 275 2829 sedisse
293 2772 432 2830 coccum,
452 2754 731 2832 quiescentesque
748 2754 841 2815 bostis
858 2753 937 2812 Galli
950 2757 1050 2811 rostro
1064 2758 1158 2826 atque

158 2839 218 2899 alis
237 2840 451 2916 everberarct,
473 2837 511 2896 sit
531 2838 560 2896 in
578 2846 728 2916 utramque
747 2846 858 2915 partem
880 2837 982 2913 ingens
1002 2834 1037 2893 ad
1058 2833 1157 2893 dicen·

111 2931 148 2984 19
158 2923 223 2983 dum
245 2922 378 2990 materia;
401 2930 449 2981 aut
471 2923 510 2982 dc
528 2930 686 3000 serpente,
710 2939 769 3000 qno
789 2920 894 2999 Scipio
915 2920 1051 2980 traditur
1070 2920 1157 2996 peni·

156 3014 220 3083 tus,
243 3015 273 3065 et
294 3008 368 3084 lupo
386 3006 507 3067 Romuli
528 3014 557 3065 et
578 3003 695 3084 chriu
716 3003 844 3067 Numae.
875 3002 948 3079 liam
973 3001 1156 3074 Graecishi-

155 3090 253 3148 storiis
275 3089 455 3175 plerumque⁸
459 3090 600 3173 poeticae
619 3090 719 3169 ¹similis
736 3090 854 3155 licentia
869 3099 924 3155 est.
953 3088 1050 3165 Saepe
1073 3087 1157 3146 etiam

153 3168 260 3250 'quaeri
274 3168 403 3234 'solet‘de
416 3165 613 3253 tempore,'de'
632 3164 701 3235 loco
720 3191 776 3253 quo
792 3184 940 3251 gestares
956 3172 1069 3246 dicitur,
1087 3187 1156 3229 non·

155 3273 299 3334 nunquam
319 3257 355 3317 de
383 3275 509 3336 persona
533 3275 664 3337 qucque;
694 3261 769 3319 sicut
797 3259 893 3318 Livius
920 3256 1157 3333 frequentissime

158 3339 285 3415 dubitat,
310 3341 408 3401 etalii
431 3341 467 3402 ab
490 3342 553 3402 aliis
575 3343 705 3403 historici
727 3343 908 3403 dissentiunt.

112 3433 148 3487 20
239 3424 308 3484 lnde
332 3426 468 3504 paulatim
492 3427 527 3487 ad
549 3429 659 3488 maiora
684 3429 806 3488 tendere
835 3428 970 3508 incipiet,
1002 3424 1158 3485 laudare
