2566 4026
248 175 291 237 ‘lo
500 165 504 175 '
565 188 601 235 m.
616 187 695 234 uno.
712 185 932 246 qomnrnraur

247 351 295 403 aut
312 343 357 420 (nt
368 341 443 420 dixi)
455 341 520 418 quia
532 340 691 400 decentius.
722 340 777 400 Ubi
789 339 859 400 nihil
871 340 972 400 horum
984 342 1161 419 praestabit,
1178 343 1251 423 quod

248 426 454 499 transferetur,
477 425 663 503 improprium
684 425 748 482 erit.
784 423 969 483 Necessitate
989 426 1088 485 rustici
1104 445 1251 505 pemmam

247 511 276 569 in
289 508 394 569 vitibus
407 507 492 587 (quid
505 509 579 567 enim
591 506 721 567 dicerent
733 504 859 586 alludi),
872 516 902 567 et
916 509 1002 569 sitire
1012 518 1134 585 segetes
1151 518 1183 569 et
1196 509 1251 568 iru-

250 602 312 654 atns
338 592 486 654 laborare
493 614 506 659 ,·
526 593 702 651 necessitate
726 607 780 650 nos
803 591 914 652 aarum
938 591 1082 651 hominem
1099 601 1148 652 aut
1164 611 1251 672 aspe-

248 696 327 737 ram.
354 674 420 735 Non
437 676 512 734 enim
527 675 676 753 proprium
692 683 770 751 erat,
787 674 865 752 quod
880 675 1013 734 daremus
1027 675 1072 735 his
1088 676 1250 752 affectibus,

219 771 361 829 tnomen.
411 758 471 819 lam
495 761 653 820 incensum
677 760 719 818 ira
745 767 774 817 et
796 756 1018 836 inflammatam
1043 759 1204 838 cupiditate
1226 768 1253 818 et

248 846 369 922 lapsam
393 859 494 902 errore
517 841 696 919 significandi
721 845 825 918 gratia.
870 840 949 901 llihil
970 843 1044 902 enim
1069 842 1175 903 horum
1196 845 1253 903 suis

247 927 346 987 verbis
366 944 450 1005 quam
465 924 509 984 his
525 926 674 985 arcessitis
692 927 783 1002 magis
799 925 948 1004 proprium
964 935 1035 986 erat.
1074 926 1129 986 llla
1152 927 1190 987 ad
1210 944 1252 986 or·

247 1019 361 1086 natum,
385 1010 486 1071 lamec
509 1010 647 1069 orationis
670 1017 700 1068 et
719 1011 837 1086 generis
853 1009 1024 1070 claritatem
1044 1018 1073 1069 et
1090 1011 1254 1070 contionum

247 1095 404 1172 procellas
419 1102 448 1152 et
464 1092 648 1170 eloquentiae
662 1093 808 1171 fulmina,
827 1101 858 1151 ut
873 1090 978 1151 Cicero
992 1109 1046 1170 pro
1059 1090 1171 1153 Milone
1187 1091 1253 1154 clo-

248 1176 324 1237 dium
337 1178 449 1256 sontem
464 1176 578 1253 gloriae
595 1177 657 1235 eins
674 1184 761 1236 vocat
782 1175 884 1235 etalio
901 1175 968 1235 loco
985 1186 1116 1255 seqetem
1134 1197 1176 1238 oc
1192 1196 1253 1239 ma·

220 1262 365 1326 aleriam.
409 1259 556 1333 Quaedam
578 1261 663 1320 eiiam
682 1276 782 1337 parum
799 1261 936 1338 speciosa
952 1259 1030 1319 dictu
1044 1277 1099 1338 per
1114 1259 1191 1321 hanc
1206 1279 1251 1320 ex·

249 1344 408 1423 plicantur:

373 1425 439 1488 lloc
453 1427 588 1504 sammai,
603 1427 748 1487 mimicae
763 1426 840 1487 lama
856 1427 1013 1489 obtunsior
1026 1446 1103 1488 asae

374 1508 422 1572 Sil
437 1511 566 1589 paralleli
582 1527 658 1572 arco
674 1517 704 1570 et
723 1510 825 1572 salona
843 1511 963 1572 oblimet
978 1514 1100 1572 inertes.

249 1592 281 1653 ln
302 1602 392 1653 totum
412 1603 507 1654 autem
525 1592 695 1672 metaphora
710 1591 829 1653 brevior
844 1603 890 1653 est
907 1594 1078 1671 similitudo,
1101 1609 1199 1671 eoque
1214 1593 1253 1652 di·

249 1685 322 1752 stat,
348 1677 425 1754 qnod
455 1677 504 1737 illa
529 1685 712 1755 comparatur
736 1678 795 1753 rei,
823 1695 907 1755 quam
924 1677 1056 1737 volumus
1078 1677 1252 1754 exprimere,

220 1759 324 1824 9lraec
345 1775 399 1838 pro
427 1761 491 1838 ipsa
511 1777 544 1819 re
568 1760 681 1819 dicitur.
734 1757 919 1839 Comparatio
942 1770 1002 1836 est,
1036 1778 1100 1821 cnm
1123 1760 1191 1821 dico
1213 1759 1252 1820 ie·

250 1844 326 1902 cisse
343 1843 410 1921 quid
425 1843 569 1903 hominem
585 1852 618 1904 at
638 1844 772 1915 leomem;
792 1845 961 1921 translatio,
986 1862 1049 1903 cum
1064 1844 1132 1904 dico
1152 1843 1190 1903 de
1205 1843 1253 1903 ho·

249 1927 341 2000 mine,
358 1929 404 1988 leo
419 1934 474 1988 esl.
510 1926 600 1986 Huius
615 1928 660 1986 vis
679 1929 770 1986 omnis
786 1928 968 2007 quadruplex
981 1929 1104 1988 maxime
1122 1927 1250 1987 videtur:

250 2027 314 2069 cum
334 2011 362 2069 in
382 2009 470 2070 rebus
494 2009 661 2070 animalibus
683 2010 760 2071 aliud
782 2029 836 2090 pro
857 2011 915 2071 alio
936 2013 1068 2090 ponitur,
1093 2019 1125 2070 nt
1142 2010 1180 2071 de
1196 2010 1252 2088 agi·

250 2101 357 2170 tatone,

378 2209 420 2224 -·
438 2178 630 2256 padermator
644 2196 758 2256 moqoa
776 2180 920 2241 contorsit
934 2194 1042 2257 equam
1057 2179 1088 2238 oi
1095 2201 1109 2246 ;

250 2268 299 2320 aot
316 2258 429 2336 Livius,
458 2261 624 2339 Scipionem
649 2278 666 2321 a
687 2260 797 2323 Catone
818 2264 964 2325 allatrari
990 2261 1126 2337 solitum,
1152 2260 1252 2321 refert.

209 2341 375 2406 lolnanima
397 2360 452 2422 pro
477 2343 542 2404 aliis
566 2345 684 2422 generis
704 2345 834 2407 eiusdem
850 2356 1012 2406 sumuntur:
1039 2354 1070 2405 ut
1093 2343 1254 2422 Classicus

247 2429 378 2489 immittit
400 2428 558 2496 bobonem,-
580 2438 628 2489 aut
642 2445 696 2506 pro
712 2429 800 2489 rebus
817 2430 985 2491 animalibus
1001 2430 1139 2488 inanima:
1158 2425 1255 2489 Ferro

247 2530 307 2572 moa
319 2513 385 2591 folo
400 2530 522 2573 moerus
535 2509 679 2592 Arqicom
694 2515 826 2585 accidia·
845 2523 894 2574 aut
916 2522 1031 2574 contra:

564 2628 607 2643 -
620 2596 707 2657 sedet
722 2598 839 2658 insciae
852 2597 915 2658 alto

400 2675 566 2756 Accipiam
582 2681 711 2740 sopitam
727 2681 801 2742 sami
815 2682 854 2742 de
867 2682 983 2743 vertice
996 2688 1112 2758 pastor.

206 2760 468 2839 11Praecipueque
490 2779 528 2821 ex
549 2761 593 2821 lris
617 2763 708 2823 oritur
727 2763 903 2840 sublimitas,
927 2781 1001 2843 quae
1018 2763 1121 2822 audaci
1143 2770 1173 2823 et
1189 2778 1253 2841 pro·

247 2844 323 2904 xime
343 2845 503 2923 periculum
525 2846 713 2906 translatione
732 2848 888 2924 tolluntur,
908 2866 972 2908 com
991 2846 1079 2907 rebus
1097 2863 1188 2906 sensu
1208 2862 1253 2906 ca·

248 2927 376 2987 rentibus
392 2937 487 2988 actum
502 2929 644 3008 quendam
660 2939 689 2989 et
705 2933 813 2992 animos
830 2931 944 3007 damus,
962 2929 1054 3009 qualis
1071 2939 1117 2989 est

517 3010 638 3074 Pomtem
658 3016 836 3093 iadiqmatas
849 3012 982 3079 Araxes.

208 3091 283 3152 liEt
307 3094 358 3154 illa
377 3091 544 3172 Ciceronis,
570 3095 653 3169 Quid
670 3100 748 3158 enim
764 3106 834 3160 taos
846 3100 913 3176 ille,
939 3098 1073 3174 labere,
1090 3098 1255 3159 destrictae

246 3178 278 3237 ia
292 3179 361 3239 acie
373 3176 557 3241 Pharsalica
569 3180 695 3259 alodius
709 3182 844 3259 aqebal?
873 3181 968 3244 Gaias
983 3183 1065 3244 latas
1080 3181 1132 3243 ille
1148 3196 1256 3244 macra

245 3261 388 3338 petebat?
409 3264 461 3338 qai
475 3281 584 3324 scasas
598 3269 667 3325 erat
681 3282 837 3326 armorum
858 3268 997 3327 taceam?
1024 3265 1201 3344 Duplicatur
1215 3263 1251 3326 m

248 3344 331 3402 terim
346 3344 420 3405 haec
433 3347 540 3421 virtus,
557 3354 587 3405 ut
602 3345 678 3424 apud
692 3347 865 3426 Vergilium,

471 3461 512 3475 -
529 3428 718 3508 Famamque
737 3450 863 3494 armare
881 3451 1007 3494 oencoo.
