2566 4026
209 149 247 218 18
530 159 894 218 m.une.ou1ur1uruu1

164 325 198 381 39
290 316 335 375 De
352 330 439 374 causa
454 314 534 392 prius
551 331 586 373 an
606 312 643 373 de
665 331 791 392 persona
814 315 966 376 dicendum
981 323 1035 394 sit,
1058 321 1216 396 quaeritur,

206 402 345 479 varieque
364 407 409 458 est
428 397 464 456 ab
480 397 643 458 oratoribus
660 397 781 475 lactum,
797 417 812 459 a
830 397 973 460 Cicerone
995 403 1080 460 etiam
1101 404 1216 480 praela·

206 495 252 544 tae
274 484 444 561 frequenter
466 498 582 542 causae.
626 482 686 541 Sed
707 482 790 558 mibi,
814 484 838 541 si
865 494 967 543 neutro
998 485 1055 545 litis
1081 486 1217 546 condicio

206 568 437 646 praeponderet,
455 566 612 625 secundum
626 575 755 625 naturam
766 567 880 626 videtur
896 569 1027 646 incipere
1045 587 1062 629 a
1077 587 1215 647 persona.

204 651 270 711 Non
284 652 341 711 hoc
358 651 449 727 magis
461 649 602 727 generale
622 659 667 708 est
681 652 848 730 rectiorque
865 652 985 727 divisio,
1004 671 1040 712 an
1054 653 1145 712 ullum
1163 656 1217 713 cri·

162 745 196 799 40
207 754 272 794 men
290 733 446 809 credibile,
464 752 499 793 au
511 733 577 793 boo.
605 733 707 793 Potest
719 743 813 793 tamen
828 736 856 794 id
872 737 982 812 ipsum,
1000 738 1075 796 sicut
1090 737 1217 814 plerum·

205 838 280 899 que,
305 826 423 878 vertere
453 817 571 877 utilitas.
609 815 673 877 Nec
703 826 810 878 tautum
832 837 938 878 causae
962 820 1120 880 voluntatis
1152 831 1218 881 sunt

205 901 407 982 quaerendae,
431 900 483 960 sed
504 902 662 961 interimet
679 903 802 977 erroris,
826 911 857 961 ut
873 902 1017 979 ebrietas,
1042 905 1214 981 ignorantia.

204 986 276 1046 Nam
292 986 382 1061 baec,
405 993 436 1044 ut
459 986 488 1043 in
506 985 643 1062 qualitate
667 986 775 1044 crimen
793 986 924 1061 elevant,
947 989 985 1046 ita
1002 987 1030 1045 in
1047 991 1216 1048 coniectura

160 1080 193 1134 41
205 1079 347 1148 premunt.
384 1067 422 1128 Et
444 1086 570 1146 persona
592 1069 707 1147 quidem
731 1071 832 1129 nescio
855 1087 890 1129 au
905 1088 1046 1150 unquam,
1071 1074 1171 1151 utique
1188 1075 1216 1130 in

204 1171 276 1213 vero
293 1161 360 1213 actu
378 1154 439 1227 rei,
457 1154 552 1230 possit
567 1153 715 1227 incidere,
733 1154 768 1212 de
790 1171 845 1231 qua
867 1163 968 1213 neutra
985 1172 1053 1232 pars
1070 1155 1162 1223 dicat;
1179 1157 1215 1215 de

205 1239 299 1298 causis
319 1236 488 1315 frequenter
506 1238 606 1316 quaeri
627 1236 697 1296 nihil
718 1238 836 1313 attinet,
858 1247 888 1296 ut
905 1239 934 1296 in
950 1238 1117 1314 adulteriis,
1141 1241 1215 1298 utin

203 1321 305 1397 lurtis,
322 1321 389 1399 quia
404 1320 469 1380 illas
487 1338 541 1399 per
556 1338 589 1379 se
607 1321 671 1397 ipsa
689 1321 806 1379 crimina
824 1339 924 1380 secum
943 1320 1060 1381 babent.

160 1415 195 1468 42
287 1404 358 1464 Post
376 1404 451 1464 haec
480 1404 615 1464 intuenda
638 1402 772 1463 videntur
797 1413 826 1463 et
854 1406 1032 1474 consilia;
1058 1423 1133 1483 quae
1155 1405 1214 1465 late

202 1497 319 1568 patent,
336 1488 382 1547 Au
399 1489 540 1548 credibile
555 1489 609 1563 sit,
626 1506 708 1547 reum
724 1506 878 1565 sperasse,
894 1489 923 1547 id
940 1506 955 1548 a
972 1507 1004 1548 se
1019 1490 1118 1549 scelus
1135 1489 1213 1549 ellici

202 1568 314 1651 posse?
335 1589 370 1630 au
385 1572 529 1648 ignorari,
547 1589 611 1630 cum
623 1569 765 1631 fecisset?
781 1590 832 1647 an,
852 1573 963 1631 etiamsi
979 1574 1141 1649 ignoratum
1156 1589 1214 1631 nou

203 1664 299 1730 esset,
325 1654 439 1713 absolvi
459 1655 508 1714 vel
530 1671 625 1732 poena
652 1654 710 1713 levi
732 1657 851 1732 transigi
878 1656 927 1715 vel
950 1657 1078 1715 tardiore
1104 1656 1152 1715 vel
1176 1675 1213 1716 ex

203 1756 259 1817 qua
283 1738 374 1796 minus
401 1738 574 1797 incommodi
603 1747 811 1798 consecuturus
840 1757 924 1818 quam
951 1758 988 1798 ex
1013 1740 1092 1799 facto
1115 1740 1213 1816 gaudii

158 1819 369 1884 derideretur?
385 1839 421 1881 an
432 1824 518 1882 etiam
530 1823 599 1881 tanti
611 1823 756 1899 putaverit
770 1840 895 1901 poenam
911 1821 1030 1882 subiret
1046 1823 1211 1898 Posthaec,

201 1905 247 1964 Au
263 1906 321 1966 alio
338 1914 471 1982 tempore
488 1914 517 1965 et
535 1906 618 1965 aliter
634 1906 733 1965 facere
749 1907 798 1966 vel
813 1907 927 1967 facilius
943 1907 991 1966 vel
1007 1908 1139 1966 securius
1158 1924 1212 1985 po-

201 1987 309 2048 tuerit?
334 1998 365 2048 ut
380 1988 450 2048 dicit
466 1987 572 2049 Cicero
589 2006 642 2066 pro
658 1988 765 2049 Milone
782 2008 952 2050 enumerans
968 1992 1107 2068 plurimas
1124 2008 1211 2050 occa·

202 2074 317 2149 siones,
335 2072 439 2151 quibus
454 2073 490 2132 ab
512 2091 547 2132 eo
566 2070 684 2132 Clodius
701 2074 815 2152 impune
837 2073 930 2133 occidi
951 2076 1087 2151 potuerit.
1124 2074 1211 2134 Prae·

201 2165 299 2232 terea,
323 2174 374 2216 cur
390 2158 569 2234 potissimum
585 2157 636 2216 illo
654 2156 739 2233 loco,
764 2158 816 2218 illo
832 2166 981 2236 tempore,
999 2158 1050 2218 illo
1068 2158 1155 2217 modo
1175 2159 1212 2216 sit

202 2258 380 2317 aggressus,
405 2240 521 2320 (quiet
547 2242 612 2318 ipse
628 2240 849 2318 diligentissime
866 2250 1006 2300 tractatur
1026 2258 1080 2319 pro
1105 2241 1209 2300 eodem

158 2324 302 2404 allocut)
322 2342 372 2400 an,
390 2326 501 2385 etiamsi
517 2325 595 2384 nulla
611 2326 723 2384 ratione
738 2324 840 2385 ductus
857 2333 918 2399 est,
934 2327 1042 2402 impetu
1058 2335 1158 2404 raptus
1174 2326 1212 2383 sit

202 2416 230 2467 et
251 2408 392 2486 absque
418 2410 624 2483 sententia,
649 2409 736 2485 (nam
754 2409 844 2485 vulgo
867 2409 986 2482 dicitur,
1010 2409 1132 2469 Scelera
1153 2424 1211 2467 non

201 2491 310 2551 babere
340 2492 512 2573 consilium)
540 2511 576 2552 an
599 2493 685 2550 etiam
708 2491 917 2551 consuetudine
939 2493 1081 2569 peccandi
1109 2494 1146 2551 sit
1168 2492 1208 2550 al·

201 2573 320 2634 lectus?

284 2658 417 2720 Excussa
438 2659 528 2737 prima
550 2667 650 2735 parte,
673 2678 708 2718 an
731 2659 874 2734 voluerit,
898 2658 1047 2736 sequitur,
1076 2657 1128 2716 Au
1150 2675 1208 2736 po·

200 2740 341 2802 tuerit?
379 2741 432 2801 Hic
456 2751 596 2801 tractatur
616 2742 716 2819 locus,
743 2752 872 2822 tempus,
898 2751 929 2801 ut
955 2743 1060 2801 lurtum
1083 2743 1111 2800 in
1140 2741 1207 2801 loco

201 2826 300 2902 cluso,
317 2826 476 2904 frequenti;
497 2835 629 2903 tempore
642 2827 690 2886 vel
705 2827 823 2903 diurno,
841 2844 905 2886 oum
922 2834 1015 2885 testes
1028 2827 1145 2904 plures,
1159 2825 1209 2884 vel

158 2917 191 2969 45
200 2919 357 2986 nocturno,
376 2928 440 2969 cum
457 2911 548 2969 maior
564 2910 729 2970 dillicultas.
762 2910 954 2988 lnspiciuntur
967 2911 1066 2987 utique
1083 2907 1207 2969 difficul-

199 3003 291 3069 tates,
309 2995 498 3069 occasiones,
517 3012 590 3072 quae
607 3003 673 3055 sunt
689 2995 829 3072 plurimae
844 2995 970 3070 ideoque
991 2993 1134 3072 exemplis
1150 3008 1208 3051 non

200 3087 298 3154 egent.
339 3077 393 3138 Hic
416 3094 543 3157 sequens
569 3078 652 3136 locus
668 3078 734 3137 talis
758 3087 818 3154 est,
841 3086 887 3151 ut,
910 3080 934 3136 si
950 3077 1014 3136 lieri
1028 3095 1084 3136 non
1101 3077 1206 3154 potuit,

199 3160 312 3221 sublata
329 3161 364 3222 lis
380 3162 429 3230 sit;
459 3162 484 3221 si
502 3163 611 3240 potuit,
628 3171 766 3239 sequatur
781 3163 930 3240 quaestio,
951 3179 986 3220 an
1001 3161 1115 3220 lecerit.
1148 3159 1206 3220 Sed

198 3242 271 3304 baec
294 3247 378 3305 etiam
400 3245 435 3306 ad
453 3247 537 3305 animi
560 3245 756 3305 coniecturam
780 3247 941 3323 pertinent,
966 3263 1030 3304 nam
1054 3254 1082 3304 et
1104 3263 1141 3304 ex
1162 3243 1206 3303 bis

199 3326 363 3405 colligitur,
387 3347 423 3388 an
448 3331 619 3407 speraverit.
646 3347 648 3350 ⁴
669 3327 739 3389 Ideo
770 3330 897 3408 spectari
921 3329 1028 3388 debent
1051 3337 1080 3387 ct
1101 3329 1203 3388 instru-

188 3419 308 3500 menta,
324 3421 355 3471 ut
370 3410 464 3472 Clodii
481 3432 515 3474 ac
536 3412 652 3473 Milonis
671 3414 832 3472 comitatus.
