2566 4026
378 245 468 292 mer.
483 245 633 295 onnuoa.
646 246 716 294 nm.
729 246 777 311 x1,
803 243 829 296 3.
920 294 926 307 ,
1050 235 1112 296 227

84 394 187 454 tentiae
205 399 352 460 vibrantes
368 398 464 475 digitis
479 399 638 460 iaculantur
652 408 698 459 aut
713 418 796 461 mann
810 399 922 460 sublata
934 401 1099 464 denuntiant

83 489 145 555 aut,
177 483 254 562 qnod
276 501 331 562 per
352 500 384 541 se
406 482 519 542 interim
539 482 738 562 recipiendum
756 493 816 559 est,
840 485 974 562 quotiens
989 485 1097 564 aliquid

83 564 155 642 ipsis
179 566 305 645 placuit,
328 568 355 625 in
380 584 491 643 ungues
514 567 676 643 eriguntnr;
702 568 755 628 sed
776 567 911 627 vitiosum
929 568 957 627 id
978 568 1095 644 iaciunt,

82 657 128 707 aut
148 651 251 728 digito,
269 659 402 728 quantum
417 649 569 729 plurimum
585 661 721 728 possunt,
741 660 843 711 erecto
861 660 908 710 ant
924 651 1010 710 etiam
1026 651 1095 712 duc·

85 734 155 811 bns,
181 743 228 796 ant
243 743 364 812 utraque
380 752 463 793 manu
479 735 515 794 ad
531 735 646 795 modum
662 735 769 814 aliquid
787 735 959 813 portantium
976 751 1095 814 compo·

84 820 147 878 sita.
181 817 232 878 His
249 817 393 879 accedunt
414 819 482 878 vitia
503 835 561 878 uon
582 827 700 878 naturae
717 819 769 878 sed
790 818 1007 896 trepidationis,
1032 837 1095 878 cnm
1103 817 1154 872 121

84 918 137 961 ore
163 909 355 963 concurrente
374 901 478 970 rixari;
508 904 533 962 si
559 903 698 962 memoria
720 902 863 962 ieiellerit
886 911 933 962 aut
955 903 1094 980 cogitatio

82 1002 140 1046 non
155 985 340 1063 suffragetur,
357 986 440 1063 qnasi
454 985 586 1046 faucibus
602 986 709 1064 aliquid
725 985 879 1064 obstiterit,
897 987 1048 1055 insonare;
1066 987 1094 1044 in

82 1069 235 1129 adversum
260 1077 379 1146 tergere
405 1087 509 1145 nares,
537 1068 725 1131 obambulare
747 1087 881 1129 sermone
907 1070 1092 1147 imperfecto,

81 1153 222 1213 resistere
239 1151 334 1212 subito
353 1158 382 1211 ει
398 1152 511 1213 laudem
528 1153 644 1213 silentio
660 1170 802 1232 poscere;
826 1172 900 1232 quae
917 1154 1011 1213 omnia
1026 1171 1093 1231 per·

82 1237 166 1315 sequi
182 1253 277 1315 prope
292 1235 429 1295 inlinitum
446 1246 499 1296 εει.
525 1238 582 1297 Sua
597 1238 671 1297 enim
688 1239 791 1316 cuique
808 1247 872 1296 sunt
887 1238 965 1296 vitia.
988 1236 1094 1298 Pectus
1102 1236 1152 1290 122

81 1339 116 1380 ac
132 1328 234 1379 venter
249 1337 287 1379 ne
303 1320 501 1398 proiioiantur,
517 1319 743 1389 observandum
761 1321 885 1400 pandant
902 1321 978 1380 enim
994 1329 1093 1397 poste·

53 1413 56 1418 '
80 1405 175 1478 riom,
199 1411 228 1462 et
251 1412 296 1463 est
318 1402 419 1463 odiosa
435 1404 527 1463 omnis
545 1405 694 1484 supinitas.
725 1404 829 1465 latera
846 1422 909 1465 cum
925 1412 1010 1481 gestu
1026 1419 1093 1463 con·

81 1487 211 1547 sentiant.
243 1485 326 1547 Facit
341 1487 416 1546 enim
432 1488 540 1566 aliquid
556 1497 585 1548 et
599 1489 686 1549 totius
703 1490 836 1567 corporis
853 1497 958 1563 motus,
975 1485 1049 1546 adeo
1063 1497 1095 1547 ut

81 1568 186 1630 Cicero
202 1570 268 1648 plus
285 1570 335 1631 illo
353 1571 399 1648 agi
415 1590 499 1650 quam
514 1571 645 1631 manibus
667 1573 739 1650 ipsis
754 1581 845 1651 putet.
875 1571 918 1632 lta
935 1572 1010 1630 enim
1026 1570 1095 1630 dicit

81 1655 109 1712 in
127 1652 265 1714 Oratore:
284 1650 397 1717 Nullae
418 1658 562 1736 argutiae
585 1657 766 1735 digitorum,
788 1675 849 1718 coc
871 1656 916 1716 od
935 1673 1094 1715 numerum

79 1737 233 1798 articulus
254 1737 390 1818 eracleae,¹
410 1746 519 1802 trunco
543 1744 642 1820 mopic
663 1748 722 1803 toto
744 1760 779 1802 ce
797 1743 865 1819 ipae
886 1739 1052 1801 moderans
1066 1744 1095 1798 ει

78 1823 162 1883 cirili
174 1823 305 1884 laterum
320 1819 462 1901 flexione.
495 1823 600 1885 Femur
619 1825 726 1901 ferire,
752 1824 830 1904 quod
846 1823 968 1883 Athenis
985 1824 1151 1900 primuslbb

78 1905 187 1966 iecisse
204 1906 333 1966 creditur
352 1904 461 1984 Cleon,
485 1918 515 1968 et
536 1909 671 1969 usitatum
694 1918 739 1969 εει
759 1918 789 1968 ει
806 1909 989 1984 indignantes
1006 1906 1093 1965 decet

78 1998 107 2049 et
124 1991 232 2049 excitat
246 1991 416 2050 auditorem.
442 1991 534 2070 quue
550 1994 578 2051 in
594 1990 707 2053 Calidio
721 1989 827 2052 Cicero
844 1991 1008 2058 desiderem
1025 1987 1094 2052 Non

75 2073 176 2150 frona,
192 2073 296 2150 inquit,
312 2090 479 2149 percussa,
497 2094 558 2136 noa
570 2077 681 2154 semar.
715 2073 899 2154 Quanquam,
918 2076 941 2134 si
958 2074 1037 2149 licet,
1055 2073 1092 2131 de

78 2156 175 2214 fronte
191 2153 341 2213 dissentio.
372 2152 445 2215 Nam
461 2157 547 2215 etiam
563 2157 753 2235 complodere
770 2176 868 2217 manus
885 2158 1032 2217 scenicum
1048 2163 1093 2215 est

79 2247 108 2298 et
129 2245 231 2316 pectus
256 2236 393 2297 caedere.
424 2237 498 2297 lllud
519 2255 635 2318 quoque
659 2256 726 2299 raro
751 2240 884 2314 decebit,
913 2257 985 2300 cava
1008 2239 1152 2299 marmiae

79 2321 194 2382 summis
213 2321 309 2399 digitis
325 2330 428 2398 pectus
446 2331 600 2400 appetere,
619 2325 643 2382 si
662 2324 776 2401 quando
792 2332 906 2383 nosmet
922 2325 1005 2400 ipsos
1020 2321 1092 2382 allo·

78 2406 200 2485 quimur,
218 2404 414 2482 cohortantes,
431 2404 630 2483 obiurgantes,
647 2408 833 2474 miserantes;
851 2407 965 2483 quodsi
978 2405 1092 2483 quando

77 2491 138 2564 liet,
157 2498 254 2566 togam
270 2505 386 2567 quoque
403 2490 470 2549 inde
484 2491 631 2550 removeri
645 2508 703 2551 uon
719 2489 884 2550 dedecebit.
915 2487 948 2547 In
967 2487 1093 2566 pedibus

78 2572 273 2634 observantur
296 2581 387 2633 status
409 2582 438 2633 et
456 2574 598 2634 incessus.
630 2574 746 2635 Prolatc
764 2574 866 2634 dextro
884 2581 962 2632 stare
979 2581 1008 2630 et
1025 2590 1092 2631 ean·

77 2659 144 2717 dem
166 2675 278 2716 manum
300 2675 335 2717 ac
358 2658 465 2736 pedem
486 2658 638 2736 prolerre,
664 2658 795 2718 deforme
820 2665 876 2717 est.
912 2655 946 2715 In
960 2654 1150 2714 dextruml‘l5

77 2740 245 2801 incumbere
263 2741 376 2800 interim
392 2742 475 2803 datur
491 2743 544 2802 sed
559 2759 653 2821 aequo
670 2751 810 2820 pectore,
828 2741 877 2820 qui
892 2749 988 2800 tamen
1004 2739 1092 2798 comi-

78 2842 129 2884 cus
145 2825 237 2900 magis
254 2842 337 2902 quam
352 2826 494 2885 oratorius
509 2834 611 2902 gestus
628 2835 682 2884 est.
709 2824 785 2886 illale
803 2826 889 2884 etiam
904 2824 933 2882 in
948 2823 1093 2882 sinistrum

76 2907 184 2987 pedem
201 2908 390 2968 insistentium
408 2909 513 2968 dexter
529 2917 576 2968 aut
591 2909 702 2969 tollitur
718 2918 765 2968 aut
783 2908 899 2968 summis
916 2906 1014 2983 digitis
1030 2923 1092 2964 sus·

77 2992 220 3071 penditur.
252 2991 395 3052 Varicare
419 3010 507 3070 supra
529 2993 643 3052 modum
664 3002 696 3052 ¹et
718 2992 746 3052 in
771 2991 873 3052 stando
898 2989 1030 3050 deforme
1048 2996 1093 3047 est

77 3083 117 3149 et,
135 3075 297 3135 accedente
316 3084 410 3152 motu,
434 3093 529 3154 prope
555 3075 723 3136 obscenum.
755 3075 911 3135 Procnrsio
928 3081 1151 3151 opportunalbo

76 3157 188 3232 brevis,
205 3158 372 3235 moderata,
387 3177 463 3220 rara.
497 3156 660 3219 Conveniet
675 3162 760 3221 etiam
776 3157 931 3219 ambulatio
949 3155 1092 3235 quaedam
1194 3210 1199 3218 .

77 3249 202 3319 propter
217 3241 384 3301 immodicas
401 3243 594 3304 laudationum
609 3261 722 3320 moras,
743 3260 904 3323 quanquam
922 3238 1030 3300 Cicero
1046 3257 1091 3299 ra·

76 3343 140 3383 rum
157 3325 303 3384 incessum
318 3344 415 3404 neque
429 3329 468 3388 ita
490 3327 607 3405 longum
624 3327 739 3406 probat.
770 3327 942 3387 Discursare
962 3341 1034 3383 vero
1051 3332 1091 3398 et,

77 3408 157 3490 quod
175 3407 317 3469 Domitius
332 3408 406 3469 Afer
421 3411 458 3471 de
475 3411 548 3472 Sura
563 3410 662 3473 llallio
678 3411 759 3488 dixit,
775 3419 929 3488 satagere,
944 3407 1091 3486 ineptissi-

78 3512 168 3561 mum;
195 3492 364 3574 urbaneque
387 3493 493 3557 Flavus
513 3495 668 3573 Verginius
692 3494 942 3638 interrogaviq5dq
964 3492 1092 3573 quodam
