2566 4026
196 167 255 229 194
519 179 553 226 n·
569 177 883 237 nunoururrnmnr

195 334 287 408 Quam
303 333 407 411 dignae
424 332 539 393 Milonis
564 333 593 393 iu
608 333 796 411 peroratione
812 333 875 411 ipsa
891 350 982 392 voces
1000 351 1036 392 eo
1053 336 1136 412 viro,
1160 338 1217 416 qui

193 436 247 498 pro
270 437 302 477 re
325 418 442 496 publica
464 418 634 477 seditiosum
658 419 751 477 civem
768 419 875 476 totiens
894 420 1129 496 compescuisset
1146 422 1214 499 qui·

151 503 508 582 41queiusidiasvirtute
532 499 723 580 superasset?
752 500 887 579 Denique
909 519 967 561 non
989 502 1074 561 modo
1091 514 1166 581 quot
1183 508 1214 564 in

194 604 281 648 eausa
297 587 417 647 totidem
432 587 461 644 in
476 586 696 664 prosopopoeia
713 592 779 643 sunt
793 587 963 662 varietates,
980 587 1032 646 sed
1047 586 1105 646 hoc
1121 590 1213 648 etiam

193 672 310 750 plures,
328 671 406 748 quod
421 672 450 728 in
463 669 507 729 his
524 686 695 748 puerorum,
714 669 893 745 seminarum,
910 670 1096 748 populorum,
1117 682 1212 733 muta·

192 774 254 816 rum
271 756 357 814 etiam
376 771 474 814 rerum
495 753 694 813 assimulamus
717 753 856 830 allectus,
884 754 987 832 quibus
1006 755 1139 815 omnihus
1158 757 1212 816 de-

153 840 279 905 labetur
293 856 362 897 suus
378 839 478 898 decor.
510 837 619 897 Eadem
636 839 663 896 in
678 838 728 912 iia,
752 854 806 915 pro
823 838 927 916 quibus
944 856 1080 915 agemus,
1104 841 1212 900 obser·

194 922 287 983 vande
303 932 377 982 sunt.
404 920 499 982 Aliter
511 923 586 981 enim
603 939 656 999 pro
673 921 730 981 alio
742 939 834 1000 saepe
847 922 999 981 dicendum
1012 931 1067 998 est,
1084 933 1116 983 ut
1129 928 1213 1003 quis-

196 1026 252 1085 que
274 1007 433 1082 honestus,
457 1006 588 1082 humilis,
611 1005 789 1081 invidiosus,
812 1006 982 1066 favorabilis
1004 1008 1074 1083 erit,
1092 1010 1214 1070 adiecta

194 1092 412 1170 propositorum
439 1106 556 1169 quoque
578 1098 607 1149 et
629 1098 781 1149 anteactae
803 1091 880 1149 vitae
902 1091 1073 1150 differentia.
1103 1091 1212 1153 lucun-

195 1176 311 1234 dissima
328 1191 399 1235 vero
416 1175 444 1233 in
460 1183 578 1234 oratore
593 1175 763 1249 humanitas,
783 1173 920 1250 facilitas,
937 1175 1109 1251 moderatio,
1128 1176 1212 1236 beni·

194 1259 332 1319 volentia.
360 1259 419 1319 Sed
430 1259 480 1318 illa
497 1275 614 1337 quoque
627 1258 742 1318 diversa
753 1257 859 1317 bonum
873 1261 965 1318 virum
978 1259 1097 1319 decent:
1114 1262 1214 1322 malos

195 1344 305 1418 odisse,
324 1343 442 1420 publica
457 1345 522 1402 vice
540 1343 729 1418 commoveri,
747 1342 837 1401 ultum
848 1343 891 1402 ire
904 1342 1021 1402 seelera
1035 1353 1064 1403 et
1077 1345 1212 1422 iniurias,

196 1437 225 1488 et
242 1429 347 1504 omnia,
365 1436 396 1486 ut
411 1428 492 1486 initio
509 1428 579 1503 dixi,
598 1427 731 1486 honesta.

151 1524 187 1578 43
279 1510 344 1571 Nec
368 1520 491 1586 tantum,
516 1513 580 1588 quis
605 1521 634 1571 et
656 1528 710 1589 pro
732 1527 789 1588 quo
811 1511 864 1570 sed
887 1512 971 1571 etiam
990 1512 1086 1589 apud
1102 1529 1212 1589 quem

196 1596 291 1670 dicas,
310 1597 441 1654 interest.
474 1594 556 1654 Facit
572 1597 647 1654 enim
664 1605 693 1654 et
711 1595 826 1654 fortuna
842 1594 997 1654 discrimen
1014 1605 1043 1654 et
1060 1604 1209 1673 potestas,

194 1696 250 1739 neo
267 1679 367 1739 eadem
387 1679 463 1756 apud
480 1680 657 1757 principem,
680 1680 893 1755 magistratum,
909 1688 1090 1754 senatorem,
1112 1681 1211 1757 priva-

195 1772 262 1838 tum,
281 1771 388 1821 tantum
399 1763 524 1822 liberum
538 1765 612 1821 ratio
627 1771 683 1838 est,
701 1781 757 1821 nec
771 1764 875 1822 eodem
887 1781 960 1822 sono
973 1763 1089 1842 publica
1101 1764 1211 1824 iudicia

153 1855 224 1914 anet
247 1845 419 1905 arbitrorum
443 1846 671 1925 disceptationes
694 1856 826 1924 aguntur.
861 1846 934 1906 Nam
949 1857 979 1906 ut
1002 1857 1132 1906 orantem
1152 1866 1210 1926 pro

197 1931 292 2007 capite
313 1929 480 1990 sollicitudo
503 1931 608 1990 deceat
624 1939 654 1990 et
670 1949 739 1991 cura
758 1941 787 1992 et
803 1949 903 1991 omnes
921 1933 956 1992 ad
978 1932 1211 2010 amplificandam

196 2015 357 2073 orationem
379 2015 461 2092 quasi
482 2015 650 2075 machinae:
677 2016 716 2076 ita
737 2017 765 2074 in
785 2018 883 2094 parvis
901 2016 989 2075 rebus
1005 2015 1211 2094 iudicibusque

195 2115 268 2156 vana
285 2099 341 2157 sint
357 2099 469 2174 eadem,
490 2098 675 2178 rideaturque
691 2103 806 2176 merito,
823 2102 872 2179 qui
888 2100 963 2179 apud
979 2101 1210 2177 disceptatorem

196 2180 232 2240 de
248 2199 280 2240 re
295 2182 442 2243 levissima
467 2183 575 2243 sedens
591 2184 719 2244 dicturus
735 2193 831 2244 utatur
854 2184 903 2244 illa
920 2182 1071 2243 Ciceronis
1090 2184 1210 2242 confes-

196 2267 295 2342 sione,
316 2285 376 2328 non
400 2269 489 2329 modo
511 2288 545 2329 se
565 2271 667 2329 ocimo
690 2271 870 2331 commoveri
891 2269 948 2330 sed
964 2271 1054 2329 etium
1076 2287 1212 2346 corpore

152 2351 260 2429 etipse
272 2352 522 2429 perhorrescere.
553 2351 623 2426 Quis
638 2369 710 2412 vero
726 2354 855 2428 nesciat,
878 2361 983 2431 quanto
1000 2351 1076 2411 aliud
1092 2353 1211 2412 dicendi

195 2453 288 2511 genus
313 2444 418 2513 poscat
437 2437 565 2513 gravitas
588 2439 734 2496 senatoria
759 2435 835 2494 aliud
858 2454 926 2495 aura
942 2434 1113 2514 popularis?
1142 2454 1209 2495 cum

196 2519 282 2577 etiam
297 2520 419 2596 singulis
436 2520 627 2580 iudicantibus
649 2537 707 2579 non
727 2520 803 2579 idem
817 2516 893 2598 apud
908 2538 1014 2596 graves
1030 2521 1110 2578 viros
1127 2520 1210 2596 quod

195 2600 340 2678 leviores,
362 2621 420 2663 non
440 2604 614 2682 idemapud
635 2604 774 2663 eruditum
791 2605 869 2682 quod
892 2604 1043 2663 militarem
1066 2621 1100 2662 ao
1121 2605 1209 2662 rusti·

196 2704 259 2745 oum
277 2686 398 2761 deceat,
415 2689 510 2765 sitque
526 2704 727 2766 nonnunquam
743 2688 945 2747 summittenda
962 2697 991 2747 et
1008 2687 1210 2747 contrahenda

196 2770 299 2845 oratio,
318 2789 355 2830 ne
370 2771 459 2831 iudex
475 2789 539 2831 eam
553 2772 603 2832 vel
621 2773 787 2849 intelligere
802 2772 851 2831 vel
868 2789 976 2850 capere
993 2789 1050 2831 non
1066 2773 1171 2850 possit.

153 2858 188 2913 lo
281 2854 407 2933 Tempus
431 2873 549 2935 quoque
571 2875 606 2916 ac
628 2857 711 2916 locus
736 2866 824 2933 egent
851 2856 1058 2915 observatione
1074 2856 1208 2933 propria.

195 2936 267 2998 Nam
285 2948 314 2998 et
328 2948 442 3019 tempus
459 2949 518 3000 tum
533 2943 626 3016 triste,
644 2950 701 3000 tum
719 2940 835 3016 laetum,
852 2950 910 3000 tum
926 2939 1063 3014 liberum,
1082 2947 1140 2997 tum
1158 2957 1208 2998 an-

154 3025 308 3097 augustum
329 3033 390 3100 est,
415 3034 502 3103 atque
527 3026 563 3085 ad
585 3025 768 3085 haecomnia
790 3025 1008 3103 componendus
1036 3033 1149 3089 oraton
1179 3032 1210 3082 et

196 3105 264 3165 loco
281 3107 400 3185 publico
419 3111 580 3189 privatone,
598 3110 708 3169 celebri
724 3128 760 3169 an
777 3118 905 3184 secreto,
924 3109 1017 3169 aliena
1036 3109 1153 3166 civitate
1170 3125 1208 3166 an

196 3199 254 3265 tua,
271 3191 299 3249 in
316 3194 419 3252 castris
435 3194 560 3272 denique
576 3212 612 3253 an
627 3193 692 3253 ioro
711 3195 807 3269 dicas,
830 3195 950 3252 interest
975 3192 1144 3270 plurimum,
1170 3208 1209 3250 ac

197 3291 276 3332 suam
291 3277 417 3355 quidque
433 3276 553 3338 formam
569 3287 599 3337 et
612 3279 760 3357 proprium
777 3279 918 3357 quendam
934 3276 1048 3335 modum
1064 3277 1208 3353 eloquen-

197 3357 253 3414 tiae
271 3362 381 3436 poscit:
409 3379 474 3420 cum
494 3363 579 3421 etiam
596 3363 624 3421 in
646 3363 752 3421 ceteris
776 3362 886 3422 actibus
908 3363 985 3420 vitae
1007 3360 1156 3418 nunidem
1175 3359 1206 3420 in

196 3438 280 3519 ioro,
299 3444 393 3521 curia,
410 3461 529 3523 campo,
549 3445 681 3524 theatro,
699 3447 775 3506 domi
790 3447 890 3507 faeere
908 3446 1076 3512 conveniam
1094 3453 1123 3502 et
1142 3442 1203 3520 ple·
