2566 4026
346 172 850 239 ruso.onsnon.1.1n.111‚1o.11.
1042 163 1100 225 147

98 327 232 408 plurium.
256 326 338 389 llaec
352 329 509 406 simplex
524 328 638 404 dicitur,
653 327 704 388 illa
720 330 926 390 coniuncta.
951 329 1015 392 Una
1030 348 1098 393 cou-

98 414 243 473 troversia
262 422 307 472 est
321 431 376 491 per
393 431 427 472 se
444 412 522 487 furti,
541 429 644 490 perse
661 411 804 472 adulterii.
837 413 938 474 Plures
956 424 1005 475 aut
1022 416 1097 478 eius·

98 496 164 556 dem
185 498 320 574 generis,
342 504 372 555 ut
394 498 422 555 in
440 497 573 574 pecuniis
597 495 783 574 repetundis,
807 505 856 556 aut
875 499 1002 575 diversi,
1025 509 1057 560 ut
1071 502 1098 561 si

98 582 161 660 quis
181 582 330 659 sacrilegii
349 589 378 640 et
401 579 547 640 homicidii
571 579 655 638 simul
673 589 836 639 accusetur.
874 580 959 655 Quod
976 600 1052 643 nunc
1067 585 1097 644 in

97 665 222 745 publicis
249 666 362 726 iudiciis
386 680 444 724 non
468 664 590 739 accidit,
620 664 754 741 quoniam
774 672 895 742 praetor
920 674 1000 725 certa
1026 666 1096 745 lege

97 751 225 826 sortitur,
246 750 408 828 principum
425 756 521 809 autem
541 755 570 806 et
587 756 705 808 senatus
726 747 939 824 cognitionibus
956 749 1096 828 frequens

97 842 143 892 est
161 843 190 892 et
208 833 310 913 populi
327 832 395 901 fuit;
421 832 534 911 privata
554 848 671 910 quoque
687 830 793 891 iudicia
813 848 903 910 saepe
922 850 1008 892 unum
1024 834 1095 894 iudi-

97 934 160 978 cem
179 916 289 977 habere
311 916 406 977 multis
432 925 462 975 et
486 916 609 975 diversis
635 914 767 975 formulis
786 915 892 975 solent.
934 915 998 975 Nec
1020 917 1121 978 aliaet

96 1003 214 1080 species
234 1010 334 1076 erunt,
353 1001 464 1060 etiamsi
481 1017 553 1058 uuus
572 1016 589 1058 a
608 997 720 1058 duobus
739 1000 876 1060 duntaxat
894 1000 1015 1060 eandem
1034 1019 1096 1062 rem

95 1093 183 1163 atque
202 1103 239 1145 ex
264 1085 366 1145 eadem
389 1101 477 1144 causa
501 1090 583 1162 petet
606 1091 654 1141 aut
675 1082 731 1141 duo
751 1083 787 1143 ab
810 1100 867 1142 uno
892 1092 940 1144 aot
958 1084 1095 1162 pluresa

94 1168 241 1247 pluribus,
265 1167 344 1249 quod
368 1167 504 1228 accidere
523 1167 552 1226 in
575 1165 758 1226 hereditariis
783 1166 882 1226 litibus
905 1168 1018 1227 interim
1037 1170 1094 1229 sci·

94 1270 172 1320 mus;
192 1254 259 1333 quia
278 1253 408 1333 quamvis
426 1252 454 1309 in
472 1250 569 1310 multis
587 1250 721 1329 personis
742 1267 829 1310 causa
848 1259 944 1311 tamen
962 1269 1018 1311 una
1037 1261 1093 1328 est,

93 1337 147 1394 nisi
166 1338 191 1395 si
211 1336 344 1397 condicio
363 1352 553 1415 personarum
570 1334 756 1412 quaestiones
773 1334 939 1394 variaverit.

177 1418 331 1480 Diversum
350 1418 395 1479 lris
413 1420 528 1479 tertium
545 1435 654 1495 genus,
680 1417 757 1496 quod
778 1417 882 1477 dicitur
907 1426 1119 1497 compara-3

93 1505 219 1573 tivum;
243 1506 324 1565 cuius
341 1503 385 1563 rei
403 1511 541 1563 tractatus
559 1502 587 1560 in
603 1509 686 1580 parte
704 1518 811 1561 causae
828 1501 966 1580 frequens
984 1511 1045 1579 est,
1063 1513 1095 1563 ut

93 1605 158 1647 cum
176 1587 253 1666 apud
278 1588 473 1647 centumviros
493 1594 561 1664 post
579 1585 635 1645 alia
653 1586 801 1663 quaeritur
820 1594 849 1644 et
870 1584 944 1662 hoc,
968 1595 1034 1646 uter
1052 1586 1092 1647 di·

93 1671 177 1747 gnior
193 1670 357 1732 hereditate
376 1667 433 1729 sit?
464 1668 572 1730 llarum
594 1678 639 1728 est
657 1679 768 1744 autem,
793 1671 874 1728 utin
898 1670 963 1729 foro
987 1670 1092 1731 iudicia

93 1763 215 1833 propter
240 1755 270 1815 id
296 1754 390 1815 solum
417 1754 645 1828 constituantur,
675 1755 752 1812 sicut
779 1753 986 1829 divinationes,
1017 1771 1092 1832 quae

92 1837 163 1898 liunt
180 1839 216 1899 de
235 1846 409 1900 accusatore
427 1836 639 1913 constituendo,
658 1845 688 1896 et
704 1853 905 1914 nonnunquam
921 1838 996 1896 inter
1012 1837 1091 1898 dela·

92 1929 190 1999 tores,
210 1931 275 1983 nter
289 1922 447 2001 praemium
460 1918 619 1980 meruerit?
649 1919 829 1980 Adiecerunt
844 1920 957 2000 quidam
971 1931 1118 1984 numero-t

92 2013 217 2066 mutuam
244 2006 476 2081 accusationem,
506 2022 580 2083 quae
609 1996 837 2084 ἄντικατηγορία
857 2012 996 2078 vocatur,
1027 2004 1091 2064 aliie

90 2089 232 2150 videlicet
247 2089 410 2150 succedere
430 2087 504 2148 hanc
520 2105 637 2167 quoque
655 2088 851 2165 comparativo
866 2087 969 2164 generi
991 2088 1090 2147 existi·

90 2172 248 2249 mantibus,
279 2174 325 2234 cui
352 2172 454 2232 similis
479 2173 534 2231 erit
556 2172 726 2249 petitionum
749 2171 874 2231 invicem
900 2171 1090 2248 diversarum,

91 2256 169 2360 quod
186 2257 293 2318 accidit
304 2256 354 2317 vel
369 2256 615 2335 frequentissime.
643 2254 676 2314 ld
691 2256 716 2314 si
731 2262 761 2313 et
778 2255 871 2332 ipsum
885 2255 987 2314 vocari
1002 2254 1091 2315 debet

90 2340 332 2422 cncmqyopla:
365 2340 452 2419 (nam
476 2338 596 2417 proprio
620 2346 702 2398 caret
729 2337 866 2416 nomine)
895 2338 953 2397 duo
979 2355 1091 2414 genera

90 2433 174 2483 erunt
190 2424 270 2500 cius,
294 2423 416 2484 alterum
432 2439 490 2502 quo
510 2423 674 2498 litigatores
690 2421 767 2481 idem
783 2421 893 2480 crimen
911 2420 1033 2479 invicem
1049 2422 1090 2479 in·

89 2515 215 2583 tentant,
236 2506 358 2568 alterum
379 2523 437 2586 quo
457 2506 535 2566 aliud
559 2513 645 2584 atque
666 2503 753 2564 aliud.
793 2501 846 2562 Gni
869 2511 899 2562 et
920 2503 1090 2581 petitionum

90 2590 224 2651 condicio
239 2609 292 2670 par
309 2599 363 2651 est.

174 2671 246 2734 Cum
263 2675 431 2754 apparuerit
450 2691 543 2751 genus
561 2689 684 2747 causae,
706 2679 764 2730 tum
787 2669 977 2745 intuebimur,
999 2682 1115 2746 nege-5

88 2765 172 2818 turne
188 2757 305 2835 factum,
322 2758 400 2838 quod
417 2757 582 2830 intenditur,
599 2773 635 2815 an
651 2754 833 2829 defendatur,
849 2752 957 2815 analio
972 2754 1088 2813 nomine

88 2841 266 2920 appelletur,
282 2860 318 2903 an
329 2861 345 2903 a
357 2859 468 2920 genere
483 2840 605 2900 actionis
619 2838 793 2918 repellatur;
812 2838 887 2898 unde
904 2845 969 2898 snut
984 2845 1085 2897 status.

121 2992 197 3053 Qttttt
219 2993 270 3045 SIT
289 2993 464 3054 Quossmo,
482 2991 594 3052 RATIO,
613 2990 792 3054 teutonum,
812 2988 992 3041 CONTINENS
1010 2990 1052 3040 ΕΤ

387 3075 558 3137 Quatenus
573 3073 787 3127 NECESSARIA.

172 3173 222 3235 xt.
255 3174 306 3235 llis
321 3177 462 3251 inventis,
485 3174 650 3234 intuendum
670 3174 811 3251 deinceps
829 3171 1028 3251 Hermagorae
1042 3171 1085 3230 vi·

85 3260 189 3332 detur,
206 3259 274 3338 quid
292 3260 330 3319 sit
345 3260 495 3339 quaestio,
511 3259 602 3334 ratio,
619 3258 772 3332 indicatio,
791 3257 957 3333 continens,
976 3254 1037 3332 vel,
1054 3262 1087 3316 ut

84 3343 135 3403 alli
149 3352 273 3418 vocant,
291 3343 507 3404 firmamentum.
540 3343 722 3416 Quaestio
737 3340 823 3401 latius
838 3340 1009 3419 intelligitur
1025 3355 1086 3400 om·

84 3427 147 3503 nis,
168 3426 205 3487 de
230 3443 286 3507 qua
307 3428 335 3487 in
360 3437 511 3507 utramque
535 3435 648 3505 partem
668 3425 718 3486 vel
738 3425 767 3483 in
787 3423 1008 3567 plureqopprtes
1029 3421 1087 3483 dici
