2566 4026
391 158 481 206 rusr.
495 155 839 225 ommunicatus.
1057 147 1118 209 tit

116 334 207 395 opns;
231 321 261 373 ut
275 314 321 373 vis.
341 314 465 373 omnim
479 313 571 373 nator
591 321 637 372 est
654 311 723 372 altis·
733 314 804 390 ripis
826 315 976 394 antroque
993 318 1117 393 gurgitis

115 409 206 461 unctu
223 397 370 458 boeotium
387 415 473 475 ᾳιιιιιιι
486 397 582 457 tennis
599 414 692 474 aquae
710 405 741 456 et
758 397 875 458 obiecta
893 398 1058 477 lapillorum
1072 419 1120 460 re·

116 483 259 544 saltantis,
289 480 326 544 Et
341 489 372 542 ct
386 480 554 558 palaestrici
570 479 711 541 doctores
725 481 812 557 illos,
827 499 901 561 quos
916 499 1055 543 numeros
1067 501 1118 544 vo·
1127 491 1161 542 12

117 577 198 641 cant,
226 583 286 627 non
300 565 412 626 idcirco
431 564 607 626 discentibus
630 564 759 640 tradunt,
783 574 815 625 nt
836 566 880 625 iria
899 566 1047 643 omnibus,
1071 569 1118 646 qai
1227 587 1235 598 ·

116 653 292 726 didicerunt,
315 651 427 727 inipso
452 648 578 710 luctandi
603 650 758 709 certamine
781 658 912 726 utantur,
939 650 1020 729 (plns
1044 654 1118 711 enirn

114 736 245 816 pondere
263 743 292 793 et
307 734 442 795 firmitate
461 741 489 792 at
510 734 612 810 spiritu
633 735 741 812 agitur)
768 735 821 794 sed
842 743 874 793 ut·
894 736 931 794 sit
951 736 1036 812 copia
1056 735 1117 811 illa,

115 838 153 880 ex
177 837 232 898 qna
254 835 340 879 anam
359 827 408 877 aut
433 817 573 892 alterum,
601 818 681 876 cuins
704 835 738 877 se
761 819 881 879 occasio
901 819 1030 894 dederit,
1056 819 1118 879 oii-

115 907 209 965 ciaat:
236 903 276 963 ita
297 901 371 963 baec
388 918 457 980 pars
477 900 698 976 dialectica,
720 902 783 961 sire
808 901 885 962 illarn
907 903 1007 963 dicere
1028 902 1118 965 maln-
1129 911 1161 964 13

114 1007 178 1048 nans
200 987 507 1065 disputatricenr,
530 993 563 1045 nt
578 993 624 1044 est
642 985 722 1045 stilis
738 1004 832 1065 saepe
846 995 877 1046 et
896 987 1074 1048 finitionibus
1090 997 1119 1047 et

115 1069 422 1150 comprehensionibus
444 1078 473 1129 et
494 1069 680 1147 separandis,
709 1080 865 1147 quaesunt
885 1071 1063 1148 differentia,
1090 1081 1119 1131 et

114 1155 292 1216 resolvenda·
312 1154 500 1231 ambignitate
520 1153 740 1230 distinguendo,
762 1154 934 1231 dividendo,
956 1155 1117 1232 illiciendo,

114 1239 305 1318 buplicando:
331 1240 387 1314 ita,
407 1239 432 1297 si
449 1246 539 1298 totum
555 1236 609 1296 sibi
626 1238 860 1299 vindicaveritis
875 1239 1116 1316 iorooertanrcn,

114 1323 241 1384 obstabit
263 1320 433 1383 melioribus
452 1331 481 1382 et
502 1330 600 1382 sectas
622 1322 658 1382 ad
673 1324 840 1387 reubueu
858 1341 939 1384 suam
952 1324 1033 1384 rires
1054 1327 1117 1402 ipsa

114 1407 272 1469 subtilitate
289 1416 448 1466 consumet.
480 1405 582 1484 ltaque
599 1409 731 1483 reperias
746 1407 886 1485 quosdam
902 1408 929 1466 in
944 1406 1116 1486 disputando
1126 1407 1160 1462 14

113 1495 185 1551 mire
202 1491 342 1565 callidos,
360 1509 424 1550 curn
440 1490 479 1550 ab
492 1489 545 1550 illa
560 1490 744 1550 cavillatione
762 1491 969 1567 discesserint,
985 1509 1045 1550 non
1058 1508 1116 1550 naa·

113 1579 162 1654 gis
177 1576 315 1635 sulficere
336 1576 366 1634 in
386 1575 487 1652 aliqum
508 1576 644 1651 graviore
668 1585 733 1634 actu
756 1593 840 1653 quam
860 1592 952 1654 parra
975 1576 1117 1655 quaedam

114 1659 263 1731 animalia,
283 1676 358 1736 quae
375 1660 402 1717 in
419 1660 559 1736 angustiis
576 1659 694 1719 mobilia
711 1677 814 1738 canapo
830 1659 1095 1738 deprehenduntnr.

199 1742 255 1803 lam
273 1743 387 1821 quidem
404 1761 472 1820 pars
490 1742 540 1803 illa
556 1744 728 1821 moralia,
753 1761 827 1823 quaa
844 1746 950 1805 dicitnr
963 1743 1160 1820 Etlaice,15

113 1837 193 1888 certe
210 1836 270 1888 tota
286 1829 395 1887 oratori
414 1837 458 1889 est
475 1829 700 1891 accommodata.
728 1828 802 1893 Nau
815 1830 936 1889 intarta
954 1846 1116 1904 causarum,

112 1914 186 1973 sicu
207 1912 407 1990 superioribus
429 1911 510 1972 libris
535 1913 672 1988 diximus,
697 1916 854 1989 varietate,
882 1931 946 1973 euna
968 1913 1024 1973 alia
1048 1930 1116 1972 con·

112 1997 222 2054 iectura
245 2005 437 2072 quaerantur,
461 1995 516 2055 alia
533 1996 706 2056 finitionibus
725 1998 949 2074 concinimus,
975 1997 1031 2058 alia
1055 1998 1117 2056 inre

113 2088 346 2137 summoveantur
361 2078 410 2137 rel
427 2079 651 2154 transierantnr,
670 2080 727 2139 alia
743 2081 917 2157 colligantur
932 2081 980 2140 vel
996 2083 1059 2159 ipsa
1075 2082 1116 2140 in·

113 2172 159 2222 ter
183 2179 217 2220 se
245 2169 419 2220 concurrant
445 2160 495 2220 val
519 2163 547 2220 in
574 2161 719 2221 diversatur
748 2163 934 2240 ambignitate
961 2165 1116 2224 ducantur:

113 2245 192 2304 nulla
214 2244 278 2304 iere
300 2244 356 2305 dioi
380 2252 496 2323 potest,
525 2246 605 2303 onitu
626 2261 685 2303 non
705 2245 802 2323 aliqua
822 2248 852 2304 in
872 2256 956 2324 parte
978 2256 1117 2308 tractatus

114 2330 200 2407 aequi
220 2347 255 2388 ao
276 2328 345 2388 boni
365 2330 545 2406 reperiatur,
573 2328 730 2407 plerasque
747 2345 821 2388 rero
841 2347 909 2391 esse
932 2331 995 2407 quis
1013 2332 1117 2406 nescit,

115 2431 188 2493 quae
214 2422 294 2472 totae
317 2415 347 2472 in
368 2413 433 2473 sola
459 2413 598 2492 qualitate
622 2409 801 2472 consistant?
836 2412 870 2473 In
893 2413 1023 2474 consiliis
1045 2431 1117 2474 vero
1126 2421 1160 2475 16

114 2514 190 2574 quae
203 2499 276 2556 ratio
291 2497 432 2558 suadendi
449 2506 494 2557 est
509 2497 545 2576 ab
555 2497 670 2559 bonuti
686 2497 858 2575 quaestione
873 2494 1025 2575 seposita?
1044 2497 1118 2572 onio

113 2582 164 2640 illa
187 2582 273 2640 etiam
293 2600 361 2660 pars
379 2584 480 2657 tertia,
503 2599 578 2662 quae
600 2581 735 2642 innuendi
755 2599 791 2642 ac
807 2581 989 2661 vituperandi
1013 2582 1118 2642 ciliciis

114 2663 300 2725 continetur?
329 2665 443 2744 Nempe
463 2668 490 2725 in
505 2674 628 2726 narratu
649 2667 723 2725 recti
739 2668 881 2745 pravique
898 2675 1042 2726 vermtur.
1074 2666 1158 2729 dall

114 2750 151 2809 de
167 2750 284 2823 institia,
301 2749 487 2827 fortitudine,
503 2750 691 2825 abstinentia,
710 2752 917 2829 temperantia,
934 2751 1044 2829 pietate
1061 2767 1118 2810 non

114 2833 236 2911 plurima
254 2833 332 2892 dicet
353 2831 473 2895 oratori
502 2835 561 2896 Sed
577 2835 628 2894 ille
642 2835 689 2893 vir
703 2834 813 2910 bonus,
837 2835 886 2912 qui
902 2834 977 2899 baec
994 2851 1051 2895 non
1065 2851 1117 2895 vo-

115 2916 197 2975 cibus
214 2925 322 2977 tentnnr
337 2916 393 2977 sibi
406 2927 475 2978 nota
491 2926 578 2997 atque
594 2917 756 2978 nominibus
771 2920 879 2978 aurium
895 2927 980 2983 tenna
993 2921 1022 2978 in
1037 2936 1119 2979 asum

114 3001 231 3077 linguae
249 3003 433 3080 perceperit,
457 3001 510 3061 sed
526 3003 575 3079 qni
593 3004 715 3061 virtutes
736 3003 816 3081 ipsas
831 3011 928 3063 ruente
945 3003 1118 3082 complexas

114 3086 154 3143 ita
176 3088 298 3160 sentiat,
320 3087 418 3144 necin
434 3085 588 3163 cogitando
604 3085 748 3145 laborabit
764 3096 811 3163 et,
838 3087 915 3165 qnod
933 3088 1024 3164 sciet,
1046 3105 1119 3148 vere
1202 3116 1208 3122 ·

115 3167 203 3227 dicet.
236 3166 306 3231 cau
326 3170 362 3228 sit
384 3170 476 3228 omnis
497 3169 644 3246 generalis
661 3172 795 3249 quaestio
817 3171 941 3249 speciali
959 3173 1118 3250 potentior,
1129 3181 1161 3235 18

119 3252 329 3329 puiauniverso
342 3255 603 3330 persecuturum,
620 3272 678 3313 non
692 3256 793 3332 utique
809 3255 923 3315 accedit
939 3256 1024 3334 parti,
1041 3254 1118 3334 quod

116 3336 280 3394 universum
298 3345 358 3395 est:
374 3336 509 3414 proiecto
525 3355 609 3397 namo
627 3338 781 3414 dubitabit,
799 3339 957 3416 generales
973 3340 1117 3418 quaestio·

115 3437 168 3479 nos
184 3420 212 3478 in
227 3419 279 3479 ilio
297 3422 418 3480 maxime
435 3422 592 3484 studiorum
611 3439 692 3483 more
713 3433 857 3484 versatas.
889 3423 950 3484 lam
966 3440 1038 3483 vero
1056 3433 1160 3486 cunr19
