2566 4026
415 139 507 192 lusu.
520 140 752 189 ocerannus.
765 140 806 201 11,
819 137 846 190 a.
1089 129 1129 191 67

76 326 80 335 ·
117 304 230 367 claros
263 302 378 362 viros
413 308 444 360 et
470 299 693 375 vituperare
726 296 935 374 improbos,
966 297 1042 376 quod
1072 315 1130 357 non

75 376 78 453 ξ
115 388 245 467 simplicis
267 385 414 447 utilitatis
434 400 509 462 opus
528 390 583 440 est.
617 379 748 458 Namque
768 389 800 439 et
813 382 958 459 ingenium
975 393 1131 443 exercetur

72 478 79 531 .'
116 471 259 551 multiplici
282 470 434 547 variaque
452 467 589 541 materia,
614 473 643 525 et
662 466 771 524 animus
793 465 1038 544 contemplatione
1056 469 1130 528 recti

72 592 75 603 ·
115 558 247 637 pravique
274 554 446 628 formatur,
470 560 500 610 et
516 548 604 609 multa
624 549 690 608 inde
713 550 843 626 cognitio
862 569 958 610 rerum
975 553 1074 627 venit,
1101 561 1131 612 et

73 676 76 699 2
114 639 271 719 exemplis,
304 644 475 716 quaesunt
503 636 532 694 in
562 634 637 692 omni
667 651 778 710 genere
808 652 960 694 causarum
989 639 1130 713 potentis·

73 712 77 779 ἓ
113 728 188 800 sina,
218 725 283 784 iam
308 731 373 782 turn
403 719 570 793 instruitur,
599 735 663 777 cum
685 736 733 777 res
759 726 882 795 poscet,
909 737 1023 777 usurus
1058 720 1172 788 Hinoal

72 848 77 881 ;
112 810 154 871 illa
170 825 303 887 quoque
321 804 498 865 exercitatio
513 802 590 861 subit
610 804 921 880 comparationis,
946 811 1011 862 uter
1026 804 1131 863 melior

72 890 77 949 i
113 902 206 954 uterve
233 891 392 956 detericr;
417 905 493 965 quae
517 904 679 965 quanquam
700 895 835 945 versatur
853 888 881 945 in
901 888 1015 947 ratione
1033 888 1129 964 simili,

73 1008 76 1015 ·
112 986 200 1037 umen
233 984 267 1035 et
297 972 434 1052 duplicat
460 972 610 1031 materiam
634 980 664 1030 et
691 972 828 1029 virtutum
849 973 1044 1050 vitiorumque
1074 988 1131 1031 non

69 1084 74 1091 ·
113 1069 215 1121 butum
233 1067 377 1118 naturam
395 1056 449 1116 sed
470 1055 556 1114 etiam
574 1054 689 1114 modum
704 1063 818 1113 tractat.
847 1055 956 1114 Verum
975 1056 1011 1115 dc
1031 1057 1131 1116 ordine

112 1144 199 1206 laudis
227 1151 419 1219 contraque,
440 1141 575 1217 quoniam
593 1141 679 1198 tertia
695 1138 770 1197 haec
792 1138 957 1199 rhetorices
982 1158 1050 1218 pars
1074 1150 1129 1217 est,

68 1278 70 1287 .
112 1228 335 1308 praecipiemus
358 1240 411 1283 suo
435 1233 578 1302 tempore.

191 1309 422 1372 Communes
447 1307 521 1368 loci
545 1307 596 1386 (de
620 1307 664 1367 bis
689 1306 811 1385 loquor,
837 1307 941 1386 quibus
966 1309 1038 1367 citra
1063 1326 1172 1386 per-22

114 1414 196 1457 tonas
223 1397 255 1455 in
279 1395 347 1473 ipsa
374 1393 444 1452 vitia
467 1392 556 1451 moris
585 1400 630 1451 est
651 1407 811 1468 perorare,
838 1401 869 1451 ut
891 1394 923 1450 in
944 1394 1129 1469 adulterum,

114 1483 305 1554 electorem,
324 1477 529 1557 petulantem)
549 1494 587 1535 ex
603 1475 705 1535 mediis
724 1485 789 1536 sunt
807 1476 919 1536 iudiciis
938 1487 982 1553 et,
1006 1477 1031 1534 si
1050 1495 1131 1537 reum

115 1565 254 1639 adiicias,
282 1561 505 1629 accusationcs;
530 1578 692 1638 quanquam
712 1560 741 1619 bi
765 1577 882 1638 quoque
905 1561 940 1621 ab
965 1562 1016 1622 illo
1041 1580 1130 1639 gene·

116 1648 166 1709 raii
189 1654 326 1707 tractatu
351 1644 388 1705 ad
413 1644 551 1724 quasdam
574 1644 679 1705 deduci
702 1647 819 1722 species
842 1645 954 1722 solent,
978 1655 1009 1705 ut
1030 1647 1054 1704 si
1078 1663 1129 1724 po·

118 1741 197 1791 natur
213 1731 346 1792 adulter
361 1746 487 1806 caccus,
502 1731 622 1791 aleator
636 1747 776 1807 pauper,
790 1732 935 1806 petulans·
948 1750 1051 1792 senex.
1074 1729 1130 1789 Ha·

119 1814 183 1875 bent
207 1823 310 1874 autem
332 1829 536 1890 nonnunquam
559 1815 645 1872 etiam
668 1813 878 1872 defensionem.
914 1813 986 1873 Nam
1010 1823 1039 1872 et
1064 1830 1172 1892 pr023

120 1900 247 1963 bauria
273 1906 303 1957 et
327 1910 393 1976 pro
415 1915 521 1958 umore
544 1896 681 1972 dicimus,
706 1907 734 1956 et
752 1897 820 1958 leno
840 1899 952 1957 interim
972 1899 1129 1976 parasitus-

121 2001 174 2061 que
191 1982 364 2042 deienditur
382 1981 442 2056 sic,
461 1990 565 2040 utnon
582 1980 689 2040 bomini
708 1982 923 2058 patrocinemur
939 1982 991 2042 sed
1009 1982 1127 2041 crimini.

204 2065 351 2127 Theses
378 2073 489 2140 autem,
521 2082 596 2143 quae
625 2075 773 2124 sumuntur
796 2084 833 2125 ex
855 2085 951 2126 rernm
980 2082 1173 2143 compara-24

121 2152 217 2226 tione,
242 2158 275 2208 ut
292 2151 453 2210 rusticane
472 2149 536 2209 citu
559 2168 600 2210 au
621 2151 742 2211 urbauu
760 2152 876 2227 patiam
897 2151 1068 2229 iurisperiti
1089 2168 1132 2210 cu

121 2235 266 2296 militaris
287 2234 349 2294 oiri
370 2235 441 2294 laus
463 2234 578 2305 maior,
601 2235 672 2294 mire
691 2243 756 2294 sunt
777 2234 812 2294 ad
833 2237 1071 2296 exercitationem
1090 2235 1130 2294 di·

123 2318 206 2379 cendi
234 2318 394 2395 speciosae
416 2325 503 2394 atquc
526 2316 651 2394 uberes,
676 2336 751 2396 quae
773 2319 821 2379 vel
845 2320 880 2379 ad
904 2320 1043 2381 suadendi
1067 2319 1130 2378 oili·

124 2404 198 2462 cium
220 2401 272 2462 vel
296 2403 383 2462 etiam
406 2400 441 2461 ad
464 2401 634 2462 iudiciorum
659 2403 901 2479 disceptationem
923 2406 1020 2464 iuvant
1042 2403 1130 2480 pluri-

124 2505 207 2546 mum.
245 2485 319 2546 Nam
337 2485 487 2565 posterior
506 2504 543 2545 ex
564 2486 721 2564 praedictis
740 2485 822 2544 locus
841 2488 869 2545 in
888 2505 975 2546 causa
992 2485 1131 2544 Murenae

125 2571 331 2649 copiosissime
350 2588 367 2630 a
386 2567 530 2630 Cicerone
548 2578 696 2631 tractatur.
720 2569 792 2629 Sunt
809 2578 838 2628 et
856 2569 924 2631 illae
943 2586 1036 2648 paene
1052 2577 1131 2627 totae
1139 2584 1174 2637 25

125 2654 158 2715 ad
181 2653 407 2715 deliberativum
428 2655 608 2732 pertinentes
628 2672 738 2732 genus,
763 2653 946 2716 ducendane
967 2672 1057 2728 uuor,
1079 2670 1131 2729 pe-

125 2740 249 2800 teudiuc
268 2740 332 2800 siut
351 2739 561 2817 mapiotrutua.
596 2737 727 2817 Namque
756 2746 785 2796 et
810 2738 864 2797 bae
887 2738 1022 2817 personis
1045 2735 1130 2795 modo

126 2823 245 2885 adiectis
269 2823 422 2884 suasoriae
444 2832 537 2882 erunt.

207 2906 353 2968 solebant
371 2915 582 2984 praeceptores
599 2907 655 2966 mei
674 2925 768 2984 neque
789 2907 880 2968 inutili
899 2917 928 2967 et
943 2905 1027 2967 nobis
1045 2906 1175 2977 etiam26

127 2992 247 3053 iucundo
270 3009 386 3069 genere
411 2992 626 3050 exercitationis
650 3008 828 3069 praeparare
852 3009 905 3052 nos
929 2990 1131 3051 coniecturali-

126 3075 175 3136 bus
197 3076 313 3152 causis,
339 3093 404 3134 cum
424 3093 567 3153 quaerere
589 3084 676 3153 atque
696 3079 802 3154 exequi
820 3077 968 3152 iuberent,
995 3071 1059 3135 Cur
1077 3093 1132 3136 ar-

126 3169 206 3223 matu
224 3160 315 3240 apud
326 3157 591 3221 Lacedaemonios
607 3157 723 3235 Veuuo,
743 3170 772 3220 et
791 3159 874 3234 Quid
888 3163 933 3223 itu
952 3159 1133 3223 crederetur

127 3242 244 3325 Cupido
257 3263 342 3323 puer
356 3251 448 3321 atquc
464 3247 588 3306 volucer
604 3251 632 3304 ct
646 3245 767 3323 supittis
782 3264 821 3306 ac
835 3248 908 3323 fuce
923 3254 1079 3321 armatus,
1104 3252 1133 3304 et

126 3329 243 3406 similia,
263 3330 293 3388 in
313 3326 417 3406 quibus
432 3328 633 3389 scrutabamur
650 3328 846 3404 voluntatem,
870 3332 949 3390 ouius
968 3331 996 3388 in
1017 3337 1134 3389 contro·

125 3416 224 3476 versiis
238 3414 384 3492 frequens
399 3413 532 3491 quaestio
546 3423 600 3482 est,
614 3413 691 3490 quod
703 3431 796 3490 genus
809 3413 907 3475 chriae
919 3415 1011 3475 videri
1023 3421 1131 3493 potest.

939 3495 983 3560 5*
