2566 4026
199 151 239 212 20
516 163 552 210 rr.
570 162 649 210 nnn.
665 162 886 221 cumrmrnru

198 320 272 379 certi
288 317 437 378 adulterii:
461 313 594 377 Munere
610 317 691 378 domi
703 317 828 377 incocto
842 325 932 389 suot·
946 320 1097 397 pecuaria,
1117 321 1204 380 cuius

156 411 307 467 53eeotor
320 421 380 462 noo
394 408 497 470 estah-
518 402 668 477 codicilli,
696 400 822 462 dubiem
842 401 886 462 ed
909 418 998 480 quem
1018 404 1138 481 scripti.
1174 402 1204 462 ln

198 487 274 547 salso
291 502 407 564 quoque
426 485 500 543 ratio
517 484 635 560 similis,
654 493 701 544 aut
720 484 795 543 enim
811 484 911 562 plures
925 487 955 545 in
971 486 1084 564 eulpam
1098 503 1205 546 vocan

199 581 244 630 tur
259 579 306 629 aut
327 586 409 627 unus.
449 567 487 627 Et
508 569 635 646 scriptor
657 567 772 646 quidem
793 586 911 646 semper
932 571 1007 629 tueri
1028 573 1206 647 signatorem

198 671 323 713 necesse
339 652 441 727 hahet,
459 653 589 728 signator
606 653 780 729 scriptorem
799 669 857 712 non
873 671 1007 730 semper,
1027 673 1092 714 nam
1110 664 1139 714 et
1156 655 1205 714 de·

199 738 257 815 cipi
272 737 376 816 potuit.
412 733 440 794 Is
460 745 569 811 autem,
594 736 642 814 qui
665 735 719 795 hos
743 734 910 796 adhibuisse
931 747 960 797 et
984 740 1029 797 cui
1050 737 1078 796 id
1098 738 1207 797 laetum

198 822 324 895 dicitur,
346 829 375 879 et
399 820 573 896 scriptorem
595 828 624 878 et
645 820 811 896 signatores
832 821 978 880 defendet.
1016 821 1105 881 lidem
1121 840 1206 899 argu·

197 914 358 964 mentorum
381 902 440 963 loci
462 903 603 964 incensis
624 903 797 982 proditionis
815 912 845 963 et
860 905 1014 966 affectatae
1037 906 1205 980 tyrannidis.

156 1003 192 1058 54
282 988 391 1048 Verum
406 985 457 1046 illa
474 987 640 1047 scholarum
656 989 836 1048 consuetudo
853 989 934 1047 ituris
953 991 982 1048 in
999 989 1093 1049 lorum
1108 999 1208 1067 potest

198 1090 325 1148 nocere,
344 1071 421 1149 quod
437 1072 548 1148 omnia,
566 1089 641 1149 quae
662 1073 691 1130 in
713 1071 840 1132 themate
862 1089 920 1131 uon
941 1082 1023 1150 sunt,
1044 1090 1098 1150 pro
1122 1073 1206 1132 nohis

200 1157 338 1217 ducimus.
373 1154 554 1216 Adulterium
570 1154 688 1224 ohiicis;
705 1157 776 1233 quic
790 1158 896 1217 testie?
911 1160 981 1234 quic
994 1157 1110 1218 indens?
1126 1159 1208 1235 quod

196 1241 352 1319 pretium?
367 1241 437 1318 quis
451 1240 617 1302 conscius?
631 1239 795 1309 Veueuum;
812 1241 866 1301 ubi
882 1243 962 1302 emi?
977 1261 998 1302 u
1013 1243 1095 1319 quo?
1111 1257 1208 1319 quon-

181 1364 183 1367 -
199 1326 261 1386 do?
282 1325 414 1403 quenti?
424 1342 486 1402 per
500 1340 589 1402 qoem
605 1325 703 1386 dedi?
719 1323 775 1384 Pro
791 1341 844 1384 reo
862 1325 1020 1399 tyrannidis
1036 1326 1206 1391 affectatae;

157 1409 251 1476 scoot
265 1417 336 1470 sont
351 1409 464 1470 armo?
486 1426 561 1486 quoe
582 1410 724 1470 contrusi
736 1410 904 1471 satellites?
918 1408 1022 1487 Neque
1038 1409 1112 1470 haec
1130 1425 1207 1486 nego

201 1510 268 1551 esse
287 1493 427 1567 dicenda,
452 1500 481 1551 et
495 1494 567 1570 ipsis
582 1492 718 1552 utendum
733 1509 787 1570 pro
805 1501 888 1570 parte
904 1501 1052 1573 suscepta.
1089 1491 1162 1551 Nam
1179 1500 1209 1550 et

199 1577 228 1634 in
250 1576 335 1650 foro,
358 1575 472 1655 quando
499 1576 682 1636 adversarius
711 1575 838 1654 probare
859 1593 917 1635 non
941 1578 1066 1656 poterit,
1094 1575 1207 1635 deside-

199 1658 280 1718 rabo.
312 1660 372 1719 Sed
389 1661 417 1718 in
438 1660 503 1720 loro
525 1666 631 1718 tantam
654 1659 732 1719 illam
756 1660 926 1720 facilitatem
943 1661 1012 1720 clim
1029 1660 1207 1720 desideravi·

199 1760 278 1819 mus,
302 1743 351 1802 ubi
371 1760 428 1802 non
451 1744 516 1803 lere
539 1761 627 1803 eausa
650 1744 760 1819 agitur,
781 1752 812 1802 nt
833 1761 891 1803 non
912 1744 1020 1822 aliquid
1043 1762 1081 1803 ex
1097 1742 1141 1802 his
1160 1752 1208 1802 aut

125 1871 127 1875 .
157 1845 192 1899 55
201 1825 283 1905 plura
303 1835 456 1904 ponantur.
494 1826 567 1886 Huic
589 1827 683 1886 simile
705 1836 767 1903 est,
790 1827 868 1906 quod
889 1829 919 1887 iu
940 1828 1065 1907 epilogis
1082 1827 1207 1905 quidam,

200 1909 303 1987 quihus
332 1910 449 1986 volunt,
476 1910 604 1987 liberos,
634 1920 788 1989 parentes,
815 1913 942 1971 nutrices
974 1911 1207 1977 accommodant:

200 1994 255 2052 nisi
272 1993 349 2072 quod
370 1996 462 2072 magis
484 1996 670 2054 concesseris
688 2012 740 2070 ea,
763 2012 838 2073 quae
855 2012 913 2055 non
930 1998 986 2055 sint
1003 1996 1114 2074 posita,
1132 1994 1207 2053 desi·

202 2076 306 2136 derare
323 2096 407 2156 quam
422 2078 560 2138 adiicere.

285 2160 331 2221 De
356 2163 450 2222 animo
475 2161 621 2241 quomodo
648 2171 819 2239 quaeratur,
845 2163 915 2222 satis
936 2161 1043 2221 dietum
1064 2171 1124 2237 est,
1145 2180 1209 2221 oum

200 2245 239 2304 ita
262 2244 459 2323 diviserimus,
478 2246 524 2306 An
540 2244 688 2306 voluerit?
710 2263 746 2306 an
761 2242 909 2324 potuerit?
934 2263 970 2304 an
989 2242 1114 2305 lecerit?
1136 2243 1210 2304 Nam

201 2347 257 2407 qua
278 2331 325 2390 via
348 2338 504 2406 tractatur,
526 2348 562 2390 an
584 2329 726 2390 voluerit:
750 2329 868 2407 eadem,
891 2346 948 2408 quo
972 2330 1065 2390 animo
1089 2329 1208 2396 fecerim

159 2415 191 2471 st
201 2413 229 2472 id
245 2415 319 2473 enim
337 2424 398 2491 est,
421 2414 468 2474 An
488 2415 563 2476 male
586 2413 686 2474 facere
706 2414 842 2473 voluerit.
878 2411 955 2472 Ordo
979 2431 1095 2492 quoque
1113 2432 1210 2472 rerum

201 2506 249 2556 aut
265 2498 350 2558 affert
367 2508 415 2558 aut
434 2498 558 2559 detrahit
574 2497 673 2567 lidem;
692 2498 781 2558 multo
798 2496 913 2557 scilicet
927 2498 1036 2574 magis,
1059 2515 1107 2556 res
1124 2506 1210 2575 prout

202 2591 363 2659 congruunt
384 2591 432 2643 aut
459 2591 631 2660 repugnant.
670 2583 729 2642 Sed
751 2582 824 2642 haec
846 2582 900 2640 nisi
923 2583 951 2640 in
972 2583 1037 2659 ipso
1054 2580 1209 2659 complexu

202 2682 351 2725 causarum
374 2683 432 2725 non
457 2665 719 2744 deprehenduntur.
752 2665 955 2739 Quaerendum
970 2676 1066 2725 tamen
1081 2683 1208 2745 semper,

202 2749 270 2827 quid
287 2750 392 2828 cuique
412 2759 604 2811 connectatur
621 2749 734 2828 etquid
755 2751 927 2810 consentiat.

590 2901 633 2952 ΒΕ
652 2899 824 2952 FlNlTlONE.

286 2999 335 3058 ΙΙΙ.
359 2999 496 3078 Sequitur
512 3000 709 3059 coniecturam
731 2999 745 3058 l
749 2998 869 3059 initio.
902 2998 990 3074 Nam,
1010 3000 1057 3077 qui
1073 3015 1130 3057 non
1145 3007 1209 3075 pot·

201 3093 247 3143 est
265 3084 365 3143 dicere
382 3083 453 3143 nihil
469 3083 597 3160 fecisse,
614 3085 776 3163 proximum
791 3082 925 3158 habehit,
941 3091 972 3142 ut
987 3083 1081 3158 dieat,
1107 3098 1165 3140 non
1182 3080 1211 3141 id

201 3167 327 3243 iecisse,
345 3168 422 3246 quod
439 3168 599 3228 obiiciatur.
635 3168 737 3246 ltaque
751 3166 882 3245 pluribus
899 3167 1014 3245 legibus
1030 3165 1132 3225 iisdem
1150 3165 1211 3244 qui·

161 3303 163 3307 .
201 3250 256 3309 bus
274 3252 442 3312 coniectura
462 3261 612 3328 versatur,
638 3251 817 3311 defensionis
833 3260 940 3311 tantum
956 3268 1068 3327 genere
1083 3259 1211 3310 mutato:

202 3343 234 3392 ut
250 3335 279 3392 in
294 3333 397 3412 sortis,
415 3335 572 3414 depositis,
590 3335 748 3396 adulteriis.
782 3334 871 3412 Nam,
888 3335 1126 3412 quemadmodum
1142 3333 1212 3394 dici·

202 3435 284 3492 mus,
301 3415 369 3479 Non
382 3420 446 3499 feei
457 3419 592 3498 lurtum,
607 3439 668 3481 noo
677 3420 788 3498 accepi
801 3420 987 3499 depositum,
1000 3439 1061 3482 ooo
1077 3420 1213 3481 commisi
