2566 4026
219 179 258 240 tt
537 192 575 239 nt.
587 191 667 239 ran.
680 191 903 252 autumnum

218 363 275 425 qua
296 362 373 406 voce
395 346 488 406 omnis
510 345 676 405 intellectos
700 346 795 425 accipi
815 355 930 423 potest;
954 346 1007 406 sed
1030 346 1088 408 hoc
1108 350 1219 408 nomine

218 429 359 490 donarunt
375 448 426 507 ea,
451 448 526 508 quae
541 447 598 490 non
616 429 728 506 dicunt,
753 447 853 489 verum
873 430 997 508 intelligi
1014 430 1130 491 volunt:
1151 435 1219 492 utin

217 531 298 590 eum,
320 532 406 594 quem
421 516 538 592 saepius
561 532 577 574 a
599 513 668 573 ludo
688 514 852 574 redemerat
874 531 977 591 soror,
1001 524 1136 591 agentem
1159 533 1219 575 cum

218 616 252 658 ea
268 598 394 674 talionis,
411 599 489 677 quod
508 600 534 658 ei
549 597 688 676 pollicem
707 599 860 659 dormienti
882 598 1055 674 recidisset,
1072 597 1158 661 Eros
1171 601 1218 661 clt-

213 702 311 762 ptms,
331 689 365 742 ut
384 682 517 745 deberes
536 684 688 761 inteprcm
709 699 842 744 mamam.
883 683 933 743 Sic
956 685 1031 742 euim
1052 683 1162 744 auditur
1187 689 1219 746 ul

175 768 423 845 lidepapmcres.
454 766 585 827 Vocatur
599 764 707 843 aliquid
730 776 759 826 ct
781 766 966 834 clausula;
995 784 1088 845 quae,
1120 770 1218 844 sicet,

216 850 294 929 quod
311 849 528 911 conclusionem
545 851 681 926 dicimus,
703 859 732 910 et
755 859 837 911 recta
856 859 885 910 et
900 850 1070 930 quibusdam
1085 853 1113 910 iu
1132 852 1219 929 parti·

215 933 269 994 bus
283 936 453 995 necessaria
470 944 529 1010 est:
562 931 667 1007 Qccrc
687 937 779 1012 prius
794 936 833 996 de
847 941 949 997 cestro
962 935 1048 1014 facto
1061 936 1221 1013 fateamini

215 1038 342 1081 necesse
364 1025 427 1095 est,
456 1035 549 1097 quom
573 1017 693 1096 leporii
714 1020 836 1098 culpem
858 1019 954 1080 ullam
974 1020 1218 1097 reprehendatis.

216 1102 276 1163 Sed
291 1121 366 1163 nunc
382 1102 458 1163 aliud
472 1103 590 1179 volunt,
615 1111 646 1162 ut
669 1103 761 1162 omnis
782 1121 886 1162 sensus
900 1104 929 1162 in
948 1103 1006 1163 irue
1022 1103 1161 1163 sermonis
1176 1103 1218 1164 le·

177 1188 270 1252 llrlat
286 1205 393 1247 aurem.
440 1186 538 1266 Turpe
559 1195 655 1246 autem
675 1203 710 1246 ac
725 1203 819 1264 prope
834 1186 917 1246 nefas
935 1187 1051 1263 ducunt,
1071 1189 1219 1265 respirare

216 1270 276 1330 ullo
293 1271 373 1348 loco,
388 1271 437 1349 qui
453 1271 692 1332 acclamationem
710 1289 768 1334 nou
786 1271 912 1348 petierit.
950 1270 1019 1331 lude
1034 1272 1132 1330 minuti
1155 1289 1219 1332 cor·

215 1355 350 1433 ruptique
373 1355 511 1417 sensiculi
533 1363 562 1414 et
582 1364 664 1414 extra
685 1372 746 1415 rem
766 1356 863 1434 petiti;
885 1372 981 1434 neque
1002 1357 1076 1414 enim
1097 1364 1220 1433 possunt

215 1447 272 1498 tam
288 1439 394 1499 multae
409 1438 504 1500 bonae
520 1440 681 1500 sententiae
701 1457 786 1517 esse,
813 1456 898 1518 quam
912 1457 1036 1499 necesse
1053 1448 1098 1499 est
1113 1439 1221 1499 multae

216 1524 272 1583 sint
287 1523 444 1583 clausulae.

176 1616 208 1670 15
299 1605 358 1666 lam
378 1607 453 1667 hacc
470 1607 562 1684 magis
584 1624 659 1667 nova
683 1609 889 1667 sententiarum
908 1625 1027 1684 genera.
1068 1605 1119 1666 Ex
1139 1607 1220 1666 ino·

216 1691 362 1767 pineto:
389 1700 419 1750 ut
436 1691 506 1751 dixit
522 1689 625 1749 Vibius
642 1690 761 1770 Crispus
777 1693 806 1750 in
822 1709 904 1768 eum,
924 1694 982 1769 qui,
1002 1710 1066 1751 cum
1080 1689 1221 1750 loricatus

216 1775 245 1834 in
267 1773 333 1833 loro
356 1774 532 1850 ambularet,
559 1774 785 1852 praetendebat,
807 1774 836 1834 id
858 1794 891 1836 se
911 1784 988 1834 metu
1004 1776 1123 1851 iacere,
1146 1773 1222 1847 Quis

216 1858 329 1919 thieto
350 1859 455 1920 timere
467 1861 629 1937 permisit?
661 1856 700 1919 Et
720 1859 871 1936 insigniter
891 1858 1044 1919 Africanus
1066 1859 1142 1937 apud
1163 1857 1221 1919 Ne-

217 1958 318 2001 ronem
334 1941 370 2002 de
385 1951 479 2002 morte
495 1943 609 2018 uuatris,
632 1942 753 2022 &potet
773 1951 817 2019 te,
845 1940 983 2020 Caesar,
1001 1944 1121 2005 Gallice
1137 1949 1222 2022 tuce,
1239 1943 1241 1947 ’

176 2032 247 2090 lbet
262 2026 439 2104 felicitatem
457 2035 541 2087 tuam
561 2027 684 2104 feriter
703 2027 801 2104 ferus.
841 2027 912 2087 Sunt
933 2036 963 2086 et
985 2027 1059 2088 alio
1084 2026 1221 2087 relata:

215 2118 245 2169 ut
261 2109 334 2169 Aier
348 2109 506 2188 Domitius,
529 2128 593 2171 cum
607 2109 783 2171 Domitillam
798 2110 987 2187 defenderet,
1014 2112 1060 2171 cui
1075 2110 1221 2171 obiectum

216 2194 335 2269 crimen,
354 2194 432 2273 quod
446 2196 548 2271 uirum,
564 2196 613 2272 qui
627 2197 701 2254 inter
715 2194 892 2255 rebellantes
915 2195 1030 2271 fuerat,
1050 2194 1222 2273 sepelisset,

214 2279 368 2338 remiserat
384 2277 531 2354 Claudius,
550 2280 578 2338 in
593 2279 712 2358 epilogo
727 2279 803 2339 lilios
820 2280 882 2338 eius
901 2279 1067 2357 alloquens,
1087 2276 1222 2339 Matrem

174 2367 333 2438 litamen,
357 2363 462 2440 iuquit,
482 2365 575 2442 paeri
596 2365 760 2442 sepelitote.
797 2361 834 2422 Et
857 2362 1009 2422 aliunde
1027 2364 1164 2441 petita,
1192 2360 1221 2421 id

216 2455 262 2505 est
275 2448 303 2505 in
324 2445 410 2506 alium
426 2443 522 2507 locum
544 2465 582 2508 ex
603 2446 659 2507 alio
680 2447 829 2507 translata.
865 2446 921 2506 Pro
944 2446 1064 2525 Spatale
1087 2444 1221 2524 Crispus,

215 2531 264 2610 qui
280 2529 418 2590 heredem
432 2539 543 2592 amator
556 2532 732 2591 instituerat:
754 2529 912 2606 Decessit,
936 2550 1005 2592 mint
1019 2531 1150 2592 baberet
1165 2547 1221 2590 cm·

213 2633 270 2674 mos
291 2616 505 2694 duodecipittta'.
548 2612 705 2676 Hominem
735 2616 888 2691 tlioimmm,
914 2616 967 2693 qui
994 2615 1054 2676 sibi
1072 2613 1222 2674 indulsit!

174 2695 297 2760 lellacit
313 2699 451 2777 quasdam
468 2700 626 2758 sententias
650 2699 714 2758 sola
736 2700 956 2775 geminatio:
984 2697 1078 2776 qualis
1101 2705 1146 2756 est
1167 2696 1221 2756 Se-

215 2799 307 2841 necae
321 2784 351 2841 in
368 2797 404 2842 eo
421 2785 542 2861 scripto,
559 2783 636 2860 quod
651 2781 730 2842 Nero
747 2783 782 2842 ad
803 2784 939 2843 Senatum
954 2783 1030 2842 misit
1044 2783 1144 2842 occisa
1161 2796 1221 2842 ma·

215 2874 271 2942 tre,
295 2884 358 2925 cum
373 2884 406 2926 se
427 2867 620 2944 periclitatum
634 2866 726 2926 videri
743 2866 851 2927 vellet:
872 2865 998 2928 Salvom
1013 2885 1061 2927 me
1077 2883 1145 2927 esse
1162 2863 1222 2926 ad·

214 2951 276 3012 boc
289 2969 347 3012 mec
362 2952 457 3014 credo
470 2969 529 3011 mcc
538 2952 669 3029 poetico.
698 2949 813 3027 blelior,
829 2968 893 3010 cum
905 2968 943 3009 ex
955 2950 1107 3010 contrariis
1119 2948 1217 3010 valet:

216 3033 341 3111 Dulce,
361 3048 449 3112 quem
467 3034 604 3114 sepium
633 3050 721 3112 qoem
742 3050 875 3113 sequor,
897 3053 958 3096 mom
976 3035 1081 3096 dobeo.
1127 3030 1222 3111 Qetd,

216 3121 298 3196 qnod
317 3119 426 3195 miser,
457 3138 526 3180 cmm
546 3120 708 3197 loquimus
726 3128 847 3198 posset,
870 3127 975 3181 locere
995 3137 1056 3180 mom
1075 3117 1223 3195 poterat?

174 3201 258 3266 tetta
278 3219 349 3263 vero
368 3203 399 3263 iit
414 3202 625 3281 pulcherrima,
648 3221 711 3262 cum
728 3203 829 3279 aliqua
840 3204 1055 3281 comparatione
1072 3201 1222 3262 clarescit.

217 3284 376 3347 Trachalus
393 3296 493 3348 contra
509 3286 663 3366 Spatalen:
685 3284 792 3348 Placet
810 3289 867 3349 boc
882 3305 966 3367 erpo,
982 3287 1074 3364 lepos,
1093 3286 1218 3365 dlllpeo·

217 3371 352 3433 tissimoe
365 3373 495 3450 pmlotis
513 3373 670 3451 custodes,
694 3372 832 3433 dammas
852 3372 1002 3433 acoribus
1017 3371 1108 3450 dori,
1123 3385 1222 3448 qaor-

216 3461 266 3515 tas
280 3456 512 3517 meretricibus?
