<?xml version="1.0" encoding="UTF-8"?>
<!DOCTYPE html PUBLIC "-//W3C//DTD XHTML 1.0 Transitional//EN"
    "http://www.w3.org/TR/xhtml1/DTD/xhtml1-transitional.dtd">
<html xmlns="http://www.w3.org/1999/xhtml" xml:lang="en" lang="en">
 <head>
  <title>
</title>
<meta http-equiv="Content-Type" content="text/html;charset=utf-8" />
  <meta name='ocr-system' content='tesseract 3.04.00' />
  <meta name='ocr-capabilities' content='ocr_page ocr_carea ocr_par ocr_line ocrx_word'/>
</head>
<body>
  <div class='ocr_page' id='page_1' title='image "./mfabiiquintilia00bonngoog/mfabiiquintilia00bonngoog_0442.png"; bbox 0 0 2566 4026; ppageno 0'>
   <div class='ocr_carea' id='block_1_1' title="bbox 338 153 1063 230">
    <p class='ocr_par' dir='ltr' id='par_1_1' title="bbox 338 153 1063 230">
     <span class='ocr_line' id='line_1_1' title="bbox 338 153 1063 230; baseline 0.008 -21"><span class='ocrx_word' id='word_1_1' title='bbox 338 160 778 230; x_wconf 79' lang='lat' dir='ltr'>msu.onnuon.n1s.rx,t.</span> <span class='ocrx_word' id='word_1_2' title='bbox 1004 153 1063 215; x_wconf 84' lang='lat'>105</span> 
     </span>
    </p>
   </div>
   <div class='ocr_carea' id='block_1_2' title="bbox 54 317 1190 3514">
    <p class='ocr_par' dir='ltr' id='par_1_2' title="bbox 54 317 1190 3514">
     <span class='ocr_line' id='line_1_2' title="bbox 57 317 1063 400; baseline 0.002 -20"><span class='ocrx_word' id='word_1_3' title='bbox 57 319 237 380; x_wconf 76' lang='lat' dir='ltr'><strong>schematum</strong></span> <span class='ocrx_word' id='word_1_4' title='bbox 259 318 392 378; x_wconf 91' lang='lat' dir='ltr'>condicio</span> <span class='ocrx_word' id='word_1_5' title='bbox 414 334 471 377; x_wconf 95' lang='lat' dir='ltr'>non</span> <span class='ocrx_word' id='word_1_6' title='bbox 494 317 596 376; x_wconf 87' lang='lat' dir='ltr'>eadem</span> <span class='ocrx_word' id='word_1_7' title='bbox 614 327 668 378; x_wconf 88' lang='lat' dir='ltr'>est.</span> <span class='ocrx_word' id='word_1_8' title='bbox 708 318 872 391; x_wconf 76' lang='lat' dir='ltr'>Quamlibet</span> <span class='ocrx_word' id='word_1_9' title='bbox 889 319 963 379; x_wconf 90' lang='lat' dir='ltr'>enim</span> <span class='ocrx_word' id='word_1_10' title='bbox 979 338 1063 400; x_wconf 89' lang='lat' dir='ltr'>apar-</span> 
     </span>
     <span class='ocr_line' id='line_1_3' title="bbox 55 401 1064 482; baseline 0.002 -19"><span class='ocrx_word' id='word_1_11' title='bbox 55 413 127 480; x_wconf 93' lang='lat' dir='ltr'>tum,</span> <span class='ocrx_word' id='word_1_12' title='bbox 146 402 224 482; x_wconf 92' lang='lat' dir='ltr'>quod</span> <span class='ocrx_word' id='word_1_13' title='bbox 244 402 331 462; x_wconf 92' lang='lat' dir='ltr'>modo</span> <span class='ocrx_word' id='word_1_14' title='bbox 356 411 385 462; x_wconf 87' lang='lat' dir='ltr'>et</span> <span class='ocrx_word' id='word_1_15' title='bbox 407 401 492 461; x_wconf 92' lang='lat' dir='ltr'>aliter</span> <span class='ocrx_word' id='word_1_16' title='bbox 513 401 636 478; x_wconf 83' lang='lat' dir='ltr'>intelligi</span> <span class='ocrx_word' id='word_1_17' title='bbox 657 404 766 481; x_wconf 78' lang='lat' dir='ltr'>possit,</span> <span class='ocrx_word' id='word_1_18' title='bbox 789 403 817 461; x_wconf 93' lang='lat' dir='ltr'>iu</span> <span class='ocrx_word' id='word_1_19' title='bbox 837 402 904 462; x_wconf 90' lang='lat' dir='ltr'>illos</span> <span class='ocrx_word' id='word_1_20' title='bbox 927 413 1064 479; x_wconf 68' lang='lat' dir='ltr'>manuos</span> 
     </span>
     <span class='ocr_line' id='line_1_4' title="bbox 55 484 1064 564; baseline 0.001 -16"><span class='ocrx_word' id='word_1_21' title='bbox 55 487 133 548; x_wconf 90' lang='lat' dir='ltr'>bene</span> <span class='ocrx_word' id='word_1_22' title='bbox 150 487 275 562; x_wconf 77' lang='lat' dir='ltr'>dixeris,</span> <span class='ocrx_word' id='word_1_23' title='bbox 306 487 372 564; x_wconf 93' lang='lat' dir='ltr'>quia</span> <span class='ocrx_word' id='word_1_24' title='bbox 387 484 549 564; x_wconf 90' lang='lat' dir='ltr'>periculum</span> <span class='ocrx_word' id='word_1_25' title='bbox 563 495 670 545; x_wconf 91' lang='lat' dir='ltr'>tantum</span> <span class='ocrx_word' id='word_1_26' title='bbox 685 502 743 545; x_wconf 91' lang='lat' dir='ltr'>ucu</span> <span class='ocrx_word' id='word_1_27' title='bbox 762 487 847 546; x_wconf 91' lang='lat' dir='ltr'>etiam</span> <span class='ocrx_word' id='word_1_28' title='bbox 866 486 977 547; x_wconf 77' lang='lat' dir='ltr'>offensa</span> <span class='ocrx_word' id='word_1_29' title='bbox 992 491 1064 549; x_wconf 92' lang='lat' dir='ltr'>vita·</span> 
     </span>
     <span class='ocr_line' id='line_1_5' title="bbox 55 569 1109 649; baseline 0.002 -18"><span class='ocrx_word' id='word_1_30' title='bbox 55 582 112 632; x_wconf 90' lang='lat' dir='ltr'>tur.</span> <span class='ocrx_word' id='word_1_31' title='bbox 145 570 270 645; x_wconf 83' lang='lat' dir='ltr'>Quodsi</span> <span class='ocrx_word' id='word_1_32' title='bbox 286 569 473 647; x_wconf 79' lang='lat' dir='ltr'>ambiguitate</span> <span class='ocrx_word' id='word_1_33' title='bbox 491 571 652 630; x_wconf 90' lang='lat' dir='ltr'>sententiae</span> <span class='ocrx_word' id='word_1_34' title='bbox 673 571 768 649; x_wconf 92' lang='lat' dir='ltr'>possit</span> <span class='ocrx_word' id='word_1_35' title='bbox 788 570 881 648; x_wconf 92' lang='lat' dir='ltr'>eludi,</span> <span class='ocrx_word' id='word_1_36' title='bbox 902 589 987 631; x_wconf 93' lang='lat' dir='ltr'>nemo</span> <span class='ocrx_word' id='word_1_37' title='bbox 1009 583 1109 638; x_wconf 74' lang='lat' dir='ltr'>nonde</span> 
     </span>
     <span class='ocr_line' id='line_1_6' title="bbox 56 653 1067 732; baseline 0.002 -17"><span class='ocrx_word' id='word_1_38' title='bbox 56 655 100 716; x_wconf 94' lang='lat' dir='ltr'>illi</span> <span class='ocrx_word' id='word_1_39' title='bbox 115 656 192 715; x_wconf 87' lang='lat' dir='ltr'>iurto</span> <span class='ocrx_word' id='word_1_40' title='bbox 209 655 299 714; x_wconf 85' lang='lat' dir='ltr'>iavet.</span> <span class='ocrx_word' id='word_1_41' title='bbox 325 653 404 714; x_wconf 86' lang='lat' dir='ltr'>Vera</span> <span class='ocrx_word' id='word_1_42' title='bbox 421 655 541 730; x_wconf 87' lang='lat' dir='ltr'>negotia</span> <span class='ocrx_word' id='word_1_43' title='bbox 555 671 699 732; x_wconf 91' lang='lat' dir='ltr'>uunquam</span> <span class='ocrx_word' id='word_1_44' title='bbox 714 654 808 715; x_wconf 91' lang='lat' dir='ltr'>adhuc</span> <span class='ocrx_word' id='word_1_45' title='bbox 819 654 980 716; x_wconf 90' lang='lat' dir='ltr'>habueruut</span> <span class='ocrx_word' id='word_1_46' title='bbox 992 656 1067 718; x_wconf 91' lang='lat' dir='ltr'>hauc</span> 
     </span>
     <span class='ocr_line' id='line_1_7' title="bbox 56 737 1066 807; baseline 0.001 -7"><span class='ocrx_word' id='word_1_47' title='bbox 56 739 164 800; x_wconf 91' lang='lat' dir='ltr'>silentii</span> <span class='ocrx_word' id='word_1_48' title='bbox 181 739 402 807; x_wconf 68' lang='lat' dir='ltr'>necessitatem</span> <span class='ocrx_word' id='word_1_49' title='bbox 422 738 474 797; x_wconf 90' lang='lat' dir='ltr'>sed</span> <span class='ocrx_word' id='word_1_50' title='bbox 492 737 576 797; x_wconf 95' lang='lat' dir='ltr'>aliam</span> <span class='ocrx_word' id='word_1_51' title='bbox 593 737 661 798; x_wconf 92' lang='lat' dir='ltr'>huic</span> <span class='ocrx_word' id='word_1_52' title='bbox 675 738 796 798; x_wconf 86' lang='lat' dir='ltr'>similem</span> <span class='ocrx_word' id='word_1_53' title='bbox 807 757 907 799; x_wconf 85' lang='lat' dir='ltr'>verum</span> <span class='ocrx_word' id='word_1_54' title='bbox 924 739 1013 800; x_wconf 92' lang='lat' dir='ltr'>multo</span> <span class='ocrx_word' id='word_1_55' title='bbox 1031 742 1066 802; x_wconf 90' lang='lat' dir='ltr'>ad</span> 
     </span>
     <span class='ocr_line' id='line_1_8' title="bbox 56 822 1066 902; baseline 0.001 -18"><span class='ocrx_word' id='word_1_56' title='bbox 56 823 199 901; x_wconf 84' lang='lat' dir='ltr'>agendum</span> <span class='ocrx_word' id='word_1_57' title='bbox 216 822 427 898; x_wconf 87' lang='lat' dir='ltr'>difficiliorem,</span> <span class='ocrx_word' id='word_1_58' title='bbox 451 840 515 881; x_wconf 91' lang='lat' dir='ltr'>cum</span> <span class='ocrx_word' id='word_1_59' title='bbox 530 839 677 900; x_wconf 83' lang='lat' dir='ltr'>personae</span> <span class='ocrx_word' id='word_1_60' title='bbox 691 832 828 902; x_wconf 89' lang='lat' dir='ltr'>potentes</span> <span class='ocrx_word' id='word_1_61' title='bbox 847 823 981 901; x_wconf 87' lang='lat' dir='ltr'>obstant,</span> <span class='ocrx_word' id='word_1_62' title='bbox 1004 826 1066 885; x_wconf 90' lang='lat' dir='ltr'>sine</span> 
     </span>
     <span class='ocr_line' id='line_1_9' title="bbox 56 906 1190 987; baseline 0.005 -20"><span class='ocrx_word' id='word_1_63' title='bbox 56 926 177 987; x_wconf 90' lang='lat' dir='ltr'>quarum</span> <span class='ocrx_word' id='word_1_64' title='bbox 195 907 426 986; x_wconf 82' lang='lat' dir='ltr'>reprehensione</span> <span class='ocrx_word' id='word_1_65' title='bbox 444 908 538 966; x_wconf 89' lang='lat' dir='ltr'>teneri</span> <span class='ocrx_word' id='word_1_66' title='bbox 556 924 644 966; x_wconf 91' lang='lat' dir='ltr'>causa</span> <span class='ocrx_word' id='word_1_67' title='bbox 655 924 713 967; x_wconf 93' lang='lat' dir='ltr'>uon</span> <span class='ocrx_word' id='word_1_68' title='bbox 728 909 831 986; x_wconf 88' lang='lat' dir='ltr'>possit.</span> <span class='ocrx_word' id='word_1_69' title='bbox 862 906 992 986; x_wconf 89' lang='lat' dir='ltr'>Ideoque</span> <span class='ocrx_word' id='word_1_70' title='bbox 1009 911 1109 974; x_wconf 82' lang='lat' dir='ltr'>hocca</span> <span class='ocrx_word' id='word_1_71' title='bbox 1189 909 1190 912; x_wconf 63' lang='grc'>’</span> 
     </span>
     <span class='ocr_line' id='line_1_10' title="bbox 56 990 1065 1072; baseline 0.002 -21"><span class='ocrx_word' id='word_1_72' title='bbox 56 993 174 1072; x_wconf 90' lang='lat' dir='ltr'>parcius</span> <span class='ocrx_word' id='word_1_73' title='bbox 193 1001 222 1051; x_wconf 92' lang='lat' dir='ltr'>et</span> <span class='ocrx_word' id='word_1_74' title='bbox 242 991 482 1069; x_wconf 80' lang='lat' dir='ltr'>circumspectius</span> <span class='ocrx_word' id='word_1_75' title='bbox 498 990 662 1051; x_wconf 88' lang='lat' dir='ltr'>iaciendum</span> <span class='ocrx_word' id='word_1_76' title='bbox 678 1001 739 1060; x_wconf 89' lang='lat' dir='ltr'>est;</span> <span class='ocrx_word' id='word_1_77' title='bbox 763 993 830 1070; x_wconf 89' lang='lat' dir='ltr'>quia</span> <span class='ocrx_word' id='word_1_78' title='bbox 845 993 915 1052; x_wconf 92' lang='lat' dir='ltr'>uihil</span> <span class='ocrx_word' id='word_1_79' title='bbox 932 995 1065 1069; x_wconf 86' lang='lat' dir='ltr'>interest,</span> 
     </span>
     <span class='ocr_line' id='line_1_11' title="bbox 56 1074 1067 1156; baseline 0.001 -21"><span class='ocrx_word' id='word_1_80' title='bbox 56 1075 203 1155; x_wconf 92' lang='lat' dir='ltr'>quomodo</span> <span class='ocrx_word' id='word_1_81' title='bbox 222 1074 370 1151; x_wconf 85' lang='lat' dir='ltr'>offendas,</span> <span class='ocrx_word' id='word_1_82' title='bbox 393 1083 422 1134; x_wconf 88' lang='lat' dir='ltr'>et</span> <span class='ocrx_word' id='word_1_83' title='bbox 442 1083 543 1152; x_wconf 90' lang='lat' dir='ltr'>aperta</span> <span class='ocrx_word' id='word_1_84' title='bbox 565 1075 657 1152; x_wconf 87' lang='lat' dir='ltr'>ligura</span> <span class='ocrx_word' id='word_1_85' title='bbox 673 1075 768 1153; x_wconf 89' lang='lat' dir='ltr'>perdit</span> <span class='ocrx_word' id='word_1_86' title='bbox 783 1075 840 1135; x_wconf 90' lang='lat' dir='ltr'>hoo</span> <span class='ocrx_word' id='word_1_87' title='bbox 855 1078 965 1155; x_wconf 90' lang='lat' dir='ltr'>ipsum,</span> <span class='ocrx_word' id='word_1_88' title='bbox 989 1078 1067 1156; x_wconf 93' lang='lat' dir='ltr'>quod</span> 
     </span>
     <span class='ocr_line' id='line_1_12' title="bbox 56 1158 1065 1239; baseline 0.001 -20"><span class='ocrx_word' id='word_1_89' title='bbox 56 1161 222 1238; x_wconf 84' lang='lat' dir='ltr'>figuraest.</span> <span class='ocrx_word' id='word_1_90' title='bbox 264 1158 394 1237; x_wconf 86' lang='lat' dir='ltr'>Ideoque</span> <span class='ocrx_word' id='word_1_91' title='bbox 418 1177 435 1217; x_wconf 91' lang='lat' dir='ltr'>a</span> <span class='ocrx_word' id='word_1_92' title='bbox 458 1158 627 1238; x_wconf 87' lang='lat' dir='ltr'>quibusdam</span> <span class='ocrx_word' id='word_1_93' title='bbox 654 1167 715 1220; x_wconf 91' lang='lat' dir='ltr'>tota</span> <span class='ocrx_word' id='word_1_94' title='bbox 730 1178 779 1220; x_wconf 89' lang='lat' dir='ltr'>res</span> <span class='ocrx_word' id='word_1_95' title='bbox 795 1160 979 1239; x_wconf 89' lang='lat' dir='ltr'>repudiatur,</span> <span class='ocrx_word' id='word_1_96' title='bbox 1003 1164 1065 1221; x_wconf 89' lang='lat' dir='ltr'>sive</span> 
     </span>
     <span class='ocr_line' id='line_1_13' title="bbox 54 1242 1064 1323; baseline 0.001 -19"><span class='ocrx_word' id='word_1_97' title='bbox 54 1243 235 1323; x_wconf 86' lang='lat' dir='ltr'>intelligatur</span> <span class='ocrx_word' id='word_1_98' title='bbox 250 1245 313 1304; x_wconf 92' lang='lat' dir='ltr'>sive</span> <span class='ocrx_word' id='word_1_99' title='bbox 330 1261 388 1303; x_wconf 92' lang='lat' dir='ltr'>uon</span> <span class='ocrx_word' id='word_1_100' title='bbox 403 1242 591 1320; x_wconf 89' lang='lat' dir='ltr'>intelligatur.</span> <span class='ocrx_word' id='word_1_101' title='bbox 623 1243 682 1303; x_wconf 88' lang='lat' dir='ltr'>Sed</span> <span class='ocrx_word' id='word_1_102' title='bbox 698 1243 770 1304; x_wconf 90' lang='lat' dir='ltr'>licet</span> <span class='ocrx_word' id='word_1_103' title='bbox 784 1244 899 1305; x_wconf 91' lang='lat' dir='ltr'>modum</span> <span class='ocrx_word' id='word_1_104' title='bbox 915 1244 1064 1305; x_wconf 89' lang='lat' dir='ltr'>adhibere.</span> 
     </span>
     <span class='ocr_line' id='line_1_14' title="bbox 55 1325 1067 1409; baseline 0 -20"><span class='ocrx_word' id='word_1_105' title='bbox 55 1327 216 1407; x_wconf 87' lang='lat' dir='ltr'>Inprimis,</span> <span class='ocrx_word' id='word_1_106' title='bbox 232 1346 269 1387; x_wconf 91' lang='lat' dir='ltr'>ne</span> <span class='ocrx_word' id='word_1_107' title='bbox 286 1329 341 1387; x_wconf 92' lang='lat' dir='ltr'>siut</span> <span class='ocrx_word' id='word_1_108' title='bbox 356 1327 538 1388; x_wconf 85' lang='lat' dir='ltr'>manifestae.</span> <span class='ocrx_word' id='word_1_109' title='bbox 553 1405 556 1409; x_wconf 64' lang='lat'>,</span> <span class='ocrx_word' id='word_1_110' title='bbox 576 1325 641 1386; x_wconf 90' lang='lat' dir='ltr'>Nou</span> <span class='ocrx_word' id='word_1_111' title='bbox 663 1337 747 1387; x_wconf 90' lang='lat' dir='ltr'>eruut</span> <span class='ocrx_word' id='word_1_112' title='bbox 767 1337 879 1404; x_wconf 88' lang='lat' dir='ltr'>autem,</span> <span class='ocrx_word' id='word_1_113' title='bbox 904 1330 929 1389; x_wconf 91' lang='lat' dir='ltr'>si</span> <span class='ocrx_word' id='word_1_114' title='bbox 954 1346 1012 1388; x_wconf 91' lang='lat' dir='ltr'>nou</span> <span class='ocrx_word' id='word_1_115' title='bbox 1029 1347 1067 1389; x_wconf 85' lang='lat' dir='ltr'>ex</span> 
     </span>
     <span class='ocr_line' id='line_1_15' title="bbox 55 1410 1066 1492; baseline 0.001 -20"><span class='ocrx_word' id='word_1_116' title='bbox 55 1412 154 1473; x_wconf 89' lang='lat' dir='ltr'>verbis</span> <span class='ocrx_word' id='word_1_117' title='bbox 178 1412 271 1473; x_wconf 94' lang='lat' dir='ltr'>dubiis</span> <span class='ocrx_word' id='word_1_118' title='bbox 297 1420 327 1472; x_wconf 89' lang='lat' dir='ltr'>et</span> <span class='ocrx_word' id='word_1_119' title='bbox 355 1413 437 1492; x_wconf 88' lang='lat' dir='ltr'>quasi</span> <span class='ocrx_word' id='word_1_120' title='bbox 460 1410 623 1490; x_wconf 91' lang='lat' dir='ltr'>duplicibus</span> <span class='ocrx_word' id='word_1_121' title='bbox 648 1421 799 1490; x_wconf 88' lang='lat' dir='ltr'>petentur:</span> <span class='ocrx_word' id='word_1_122' title='bbox 824 1421 855 1472; x_wconf 88' lang='lat' dir='ltr'>ut</span> <span class='ocrx_word' id='word_1_123' title='bbox 877 1414 905 1471; x_wconf 91' lang='lat' dir='ltr'>iu</span> <span class='ocrx_word' id='word_1_124' title='bbox 929 1423 1066 1492; x_wconf 91' lang='lat' dir='ltr'>suspecta</span> 
     </span>
     <span class='ocr_line' id='line_1_16' title="bbox 55 1495 1109 1577; baseline 0.005 -21"><span class='ocrx_word' id='word_1_125' title='bbox 55 1515 138 1573; x_wconf 92' lang='lat' dir='ltr'>uuru,</span> <span class='ocrx_word' id='word_1_126' title='bbox 153 1495 240 1557; x_wconf 79' lang='lat' dir='ltr'>Domi</span> <span class='ocrx_word' id='word_1_127' title='bbox 254 1514 392 1574; x_wconf 75' lang='lat' dir='ltr'>umorem,</span> <span class='ocrx_word' id='word_1_128' title='bbox 410 1512 490 1574; x_wconf 82' lang='lat' dir='ltr'>quoe</span> <span class='ocrx_word' id='word_1_129' title='bbox 502 1497 589 1575; x_wconf 84' lang='lat' dir='ltr'>putri</span> <span class='ocrx_word' id='word_1_130' title='bbox 597 1497 735 1574; x_wconf 53' lang='lat' dir='ltr'>placui&amp;</span> <span class='ocrx_word' id='word_1_131' title='bbox 752 1505 811 1573; x_wconf 90' lang='lat' dir='ltr'>aut,</span> <span class='ocrx_word' id='word_1_132' title='bbox 828 1497 906 1577; x_wconf 92' lang='lat' dir='ltr'>quod</span> <span class='ocrx_word' id='word_1_133' title='bbox 923 1505 968 1556; x_wconf 91' lang='lat' dir='ltr'>est</span> <span class='ocrx_word' id='word_1_134' title='bbox 978 1498 1109 1561; x_wconf 84' lang='lat' dir='ltr'>multoio</span> 
     </span>
     <span class='ocr_line' id='line_1_17' title="bbox 56 1579 1065 1660; baseline 0.002 -20"><span class='ocrx_word' id='word_1_135' title='bbox 56 1582 194 1660; x_wconf 88' lang='lat' dir='ltr'>ineptius,</span> <span class='ocrx_word' id='word_1_136' title='bbox 218 1582 476 1660; x_wconf 86' lang='lat' dir='ltr'>compositionibus</span> <span class='ocrx_word' id='word_1_137' title='bbox 500 1579 658 1659; x_wconf 79' lang='lat' dir='ltr'>ambiguis:</span> <span class='ocrx_word' id='word_1_138' title='bbox 681 1590 712 1641; x_wconf 93' lang='lat' dir='ltr'>ut</span> <span class='ocrx_word' id='word_1_139' title='bbox 732 1583 761 1640; x_wconf 94' lang='lat' dir='ltr'>in</span> <span class='ocrx_word' id='word_1_140' title='bbox 780 1580 830 1641; x_wconf 92' lang='lat' dir='ltr'>illa</span> <span class='ocrx_word' id='word_1_141' title='bbox 854 1584 1065 1659; x_wconf 87' lang='lat' dir='ltr'>controversia,</span> 
     </span>
     <span class='ocr_line' id='line_1_18' title="bbox 56 1665 1066 1744; baseline 0 -19"><span class='ocrx_word' id='word_1_142' title='bbox 56 1666 84 1725; x_wconf 92' lang='lat' dir='ltr'>in</span> <span class='ocrx_word' id='word_1_143' title='bbox 100 1684 156 1744; x_wconf 93' lang='lat' dir='ltr'>qua</span> <span class='ocrx_word' id='word_1_144' title='bbox 172 1665 283 1725; x_wconf 88' lang='lat' dir='ltr'>infamis</span> <span class='ocrx_word' id='word_1_145' title='bbox 300 1682 399 1725; x_wconf 91' lang='lat' dir='ltr'>amore</span> <span class='ocrx_word' id='word_1_146' title='bbox 412 1665 490 1726; x_wconf 87' lang='lat' dir='ltr'>iiliae</span> <span class='ocrx_word' id='word_1_147' title='bbox 505 1666 624 1743; x_wconf 85' lang='lat' dir='ltr'>virginis</span> <span class='ocrx_word' id='word_1_148' title='bbox 636 1675 721 1743; x_wconf 92' lang='lat' dir='ltr'>pater</span> <span class='ocrx_word' id='word_1_149' title='bbox 734 1674 846 1744; x_wconf 90' lang='lat' dir='ltr'>raptam</span> <span class='ocrx_word' id='word_1_150' title='bbox 863 1683 927 1726; x_wconf 89' lang='lat' dir='ltr'>eam</span> <span class='ocrx_word' id='word_1_151' title='bbox 943 1667 1066 1728; x_wconf 91' lang='lat' dir='ltr'>interro·</span> 
     </span>
     <span class='ocr_line' id='line_1_19' title="bbox 56 1748 1065 1832; baseline 0.001 -23"><span class='ocrx_word' id='word_1_152' title='bbox 56 1758 121 1826; x_wconf 87' lang='lat' dir='ltr'>gat,</span> <span class='ocrx_word' id='word_1_153' title='bbox 139 1768 155 1809; x_wconf 90' lang='lat' dir='ltr'>a</span> <span class='ocrx_word' id='word_1_154' title='bbox 171 1766 228 1827; x_wconf 94' lang='lat' dir='ltr'>quo</span> <span class='ocrx_word' id='word_1_155' title='bbox 246 1752 344 1811; x_wconf 91' lang='lat' dir='ltr'>vitiata</span> <span class='ocrx_word' id='word_1_156' title='bbox 362 1752 417 1827; x_wconf 93' lang='lat' dir='ltr'>sit,</span> <span class='ocrx_word' id='word_1_157' title='bbox 438 1748 514 1824; x_wconf 81' lang='lat' dir='ltr'>Quis</span> <span class='ocrx_word' id='word_1_158' title='bbox 529 1757 573 1827; x_wconf 89' lang='lat' dir='ltr'>tc,</span> <span class='ocrx_word' id='word_1_159' title='bbox 595 1751 701 1828; x_wconf 89' lang='lat' dir='ltr'>inquit,</span> <span class='ocrx_word' id='word_1_160' title='bbox 725 1752 855 1830; x_wconf 81' lang='lat' dir='ltr'>rapuit?</span> <span class='ocrx_word' id='word_1_161' title='bbox 888 1748 948 1825; x_wconf 82' lang='lat' dir='ltr'>Tu,</span> <span class='ocrx_word' id='word_1_162' title='bbox 962 1760 1065 1832; x_wconf 81' lang='lat' dir='ltr'>pater,</span> 
     </span>
     <span class='ocr_line' id='line_1_20' title="bbox 55 1832 1102 1913; baseline 0.003 -17"><span class='ocrx_word' id='word_1_163' title='bbox 55 1836 180 1896; x_wconf 66' lang='lat' dir='ltr'>hesma?</span> <span class='ocrx_word' id='word_1_164' title='bbox 215 1832 275 1894; x_wconf 87' lang='lat' dir='ltr'>Res</span> <span class='ocrx_word' id='word_1_165' title='bbox 298 1836 381 1913; x_wconf 90' lang='lat' dir='ltr'>ipsae</span> <span class='ocrx_word' id='word_1_166' title='bbox 404 1835 566 1913; x_wconf 86' lang='lat' dir='ltr'>perducant</span> <span class='ocrx_word' id='word_1_167' title='bbox 585 1834 709 1895; x_wconf 88' lang='lat' dir='ltr'>iudicem</span> <span class='ocrx_word' id='word_1_168' title='bbox 733 1835 770 1896; x_wconf 92' lang='lat' dir='ltr'>ad</span> <span class='ocrx_word' id='word_1_169' title='bbox 793 1836 1007 1913; x_wconf 88' lang='lat' dir='ltr'>suspicionem,</span> <span class='ocrx_word' id='word_1_170' title='bbox 1038 1843 1102 1899; x_wconf 82' lang='lat' dir='ltr'>etii</span> 
     </span>
     <span class='ocr_line' id='line_1_21' title="bbox 56 1919 1066 1999; baseline 0.001 -20"><span class='ocrx_word' id='word_1_171' title='bbox 56 1919 226 1979; x_wconf 90' lang='lat' dir='ltr'>amoliamur</span> <span class='ocrx_word' id='word_1_172' title='bbox 250 1927 366 1995; x_wconf 90' lang='lat' dir='ltr'>cetera,</span> <span class='ocrx_word' id='word_1_173' title='bbox 393 1927 425 1977; x_wconf 91' lang='lat' dir='ltr'>ut</span> <span class='ocrx_word' id='word_1_174' title='bbox 449 1919 508 1978; x_wconf 94' lang='lat' dir='ltr'>boc</span> <span class='ocrx_word' id='word_1_175' title='bbox 534 1919 627 1978; x_wconf 90' lang='lat' dir='ltr'>solum</span> <span class='ocrx_word' id='word_1_176' title='bbox 651 1920 791 1999; x_wconf 79' lang='lat' dir='ltr'>supersit:</span> <span class='ocrx_word' id='word_1_177' title='bbox 814 1921 843 1979; x_wconf 92' lang='lat' dir='ltr'>iu</span> <span class='ocrx_word' id='word_1_178' title='bbox 867 1936 924 1998; x_wconf 94' lang='lat' dir='ltr'>quo</span> <span class='ocrx_word' id='word_1_179' title='bbox 948 1919 1066 1980; x_wconf 90' lang='lat' dir='ltr'>multum</span> 
     </span>
     <span class='ocr_line' id='line_1_22' title="bbox 56 2002 1064 2081; baseline 0.002 -19"><span class='ocrx_word' id='word_1_180' title='bbox 56 2004 143 2063; x_wconf 88' lang='lat' dir='ltr'>etiam</span> <span class='ocrx_word' id='word_1_181' title='bbox 159 2002 280 2064; x_wconf 80' lang='lat' dir='ltr'>affectus</span> <span class='ocrx_word' id='word_1_182' title='bbox 297 2005 393 2062; x_wconf 88' lang='lat' dir='ltr'>iuvant</span> <span class='ocrx_word' id='word_1_183' title='bbox 410 2012 438 2062; x_wconf 90' lang='lat' dir='ltr'>et</span> <span class='ocrx_word' id='word_1_184' title='bbox 453 2005 613 2081; x_wconf 90' lang='lat' dir='ltr'>interrupta</span> <span class='ocrx_word' id='word_1_185' title='bbox 629 2003 746 2063; x_wconf 89' lang='lat' dir='ltr'>silentio</span> <span class='ocrx_word' id='word_1_186' title='bbox 763 2003 851 2064; x_wconf 93' lang='lat' dir='ltr'>dictio</span> <span class='ocrx_word' id='word_1_187' title='bbox 865 2012 894 2063; x_wconf 90' lang='lat' dir='ltr'>et</span> <span class='ocrx_word' id='word_1_188' title='bbox 905 2005 1064 2065; x_wconf 89' lang='lat' dir='ltr'>cunctatio·</span> 
     </span>
     <span class='ocr_line' id='line_1_23' title="bbox 56 2087 1064 2167; baseline 0 -20"><span class='ocrx_word' id='word_1_189' title='bbox 56 2105 120 2147; x_wconf 90' lang='lat' dir='ltr'>nes.</span> <span class='ocrx_word' id='word_1_190' title='bbox 154 2087 204 2147; x_wconf 90' lang='lat' dir='ltr'>Sic</span> <span class='ocrx_word' id='word_1_191' title='bbox 220 2089 294 2146; x_wconf 90' lang='lat' dir='ltr'>enim</span> <span class='ocrx_word' id='word_1_192' title='bbox 310 2087 377 2162; x_wconf 88' lang='lat' dir='ltr'>liet,</span> <span class='ocrx_word' id='word_1_193' title='bbox 400 2095 430 2146; x_wconf 97' lang='lat' dir='ltr'>ut</span> <span class='ocrx_word' id='word_1_194' title='bbox 450 2087 538 2147; x_wconf 87' lang='lat' dir='ltr'>iudex</span> <span class='ocrx_word' id='word_1_195' title='bbox 560 2097 683 2164; x_wconf 87' lang='lat' dir='ltr'>quaerat</span> <span class='ocrx_word' id='word_1_196' title='bbox 697 2087 768 2147; x_wconf 93' lang='lat' dir='ltr'>illud</span> <span class='ocrx_word' id='word_1_197' title='bbox 784 2090 885 2148; x_wconf 88' lang='lat' dir='ltr'>nescio</span> <span class='ocrx_word' id='word_1_198' title='bbox 902 2089 970 2167; x_wconf 91' lang='lat' dir='ltr'>quid</span> <span class='ocrx_word' id='word_1_199' title='bbox 987 2090 1064 2167; x_wconf 93' lang='lat' dir='ltr'>ipse,</span> 
     </span>
     <span class='ocr_line' id='line_1_24' title="bbox 56 2169 1064 2250; baseline 0.001 -20"><span class='ocrx_word' id='word_1_200' title='bbox 56 2172 135 2250; x_wconf 93' lang='lat' dir='ltr'>quod</span> <span class='ocrx_word' id='word_1_201' title='bbox 151 2171 278 2231; x_wconf 86' lang='lat' dir='ltr'>fortasse</span> <span class='ocrx_word' id='word_1_202' title='bbox 293 2189 351 2231; x_wconf 93' lang='lat' dir='ltr'>nou</span> <span class='ocrx_word' id='word_1_203' title='bbox 371 2169 516 2246; x_wconf 89' lang='lat' dir='ltr'>crederet,</span> <span class='ocrx_word' id='word_1_204' title='bbox 541 2171 565 2229; x_wconf 92' lang='lat' dir='ltr'>si</span> <span class='ocrx_word' id='word_1_205' title='bbox 580 2170 707 2246; x_wconf 89' lang='lat' dir='ltr'>audiret,</span> <span class='ocrx_word' id='word_1_206' title='bbox 727 2180 756 2230; x_wconf 90' lang='lat' dir='ltr'>et</span> <span class='ocrx_word' id='word_1_207' title='bbox 774 2173 820 2247; x_wconf 89' lang='lat' dir='ltr'>ei,</span> <span class='ocrx_word' id='word_1_208' title='bbox 848 2172 926 2250; x_wconf 92' lang='lat' dir='ltr'>quod</span> <span class='ocrx_word' id='word_1_209' title='bbox 942 2190 959 2231; x_wconf 92' lang='lat' dir='ltr'>a</span> <span class='ocrx_word' id='word_1_210' title='bbox 975 2190 1007 2232; x_wconf 91' lang='lat' dir='ltr'>sc</span> <span class='ocrx_word' id='word_1_211' title='bbox 1024 2174 1064 2231; x_wconf 92' lang='lat' dir='ltr'>iu·</span> 
     </span>
     <span class='ocr_line' id='line_1_25' title="bbox 55 2253 1106 2335; baseline 0.004 -20"><span class='ocrx_word' id='word_1_212' title='bbox 55 2264 173 2316; x_wconf 89' lang='lat' dir='ltr'>ventum</span> <span class='ocrx_word' id='word_1_213' title='bbox 197 2256 359 2331; x_wconf 86' lang='lat' dir='ltr'>existimat,</span> <span class='ocrx_word' id='word_1_214' title='bbox 383 2256 492 2315; x_wconf 88' lang='lat' dir='ltr'>credat.</span> <span class='ocrx_word' id='word_1_215' title='bbox 538 2253 597 2313; x_wconf 89' lang='lat' dir='ltr'>Sed</span> <span class='ocrx_word' id='word_1_216' title='bbox 619 2272 656 2313; x_wconf 91' lang='lat' dir='ltr'>ne</span> <span class='ocrx_word' id='word_1_217' title='bbox 674 2257 698 2313; x_wconf 92' lang='lat' dir='ltr'>si</span> <span class='ocrx_word' id='word_1_218' title='bbox 716 2256 845 2333; x_wconf 83' lang='lat' dir='ltr'>optimae</span> <span class='ocrx_word' id='word_1_219' title='bbox 863 2254 978 2335; x_wconf 89' lang='lat' dir='ltr'>quidem</span> <span class='ocrx_word' id='word_1_220' title='bbox 996 2257 1106 2330; x_wconf 64' lang='lat' dir='ltr'>sintii</span> 
     </span>
     <span class='ocr_line' id='line_1_26' title="bbox 56 2336 1061 2418; baseline -0.004 -17"><span class='ocrx_word' id='word_1_221' title='bbox 56 2357 125 2401; x_wconf 90' lang='lat' dir='ltr'>esse</span> <span class='ocrx_word' id='word_1_222' title='bbox 143 2338 250 2400; x_wconf 90' lang='lat' dir='ltr'>debent</span> <span class='ocrx_word' id='word_1_223' title='bbox 267 2340 446 2418; x_wconf 82' lang='lat' dir='ltr'>frequentes.</span> <span class='ocrx_word' id='word_1_224' title='bbox 486 2336 559 2398; x_wconf 91' lang='lat' dir='ltr'>Nam</span> <span class='ocrx_word' id='word_1_225' title='bbox 583 2336 725 2397; x_wconf 87' lang='lat' dir='ltr'>densitate</span> <span class='ocrx_word' id='word_1_226' title='bbox 745 2340 810 2416; x_wconf 89' lang='lat' dir='ltr'>ipsa</span> <span class='ocrx_word' id='word_1_227' title='bbox 831 2339 943 2416; x_wconf 85' lang='lat' dir='ltr'>figurae</span> <span class='ocrx_word' id='word_1_228' title='bbox 967 2341 1061 2417; x_wconf 90' lang='lat' dir='ltr'>aperi·</span> 
     </span>
     <span class='ocr_line' id='line_1_27' title="bbox 55 2420 1063 2501; baseline -0.003 -17"><span class='ocrx_word' id='word_1_229' title='bbox 55 2432 152 2499; x_wconf 88' lang='lat' dir='ltr'>untur,</span> <span class='ocrx_word' id='word_1_230' title='bbox 168 2442 225 2484; x_wconf 89' lang='lat' dir='ltr'>nec</span> <span class='ocrx_word' id='word_1_231' title='bbox 242 2424 372 2484; x_wconf 78' lang='lat' dir='ltr'>offensae</span> <span class='ocrx_word' id='word_1_232' title='bbox 388 2422 480 2481; x_wconf 90' lang='lat' dir='ltr'>minus</span> <span class='ocrx_word' id='word_1_233' title='bbox 501 2420 609 2481; x_wconf 90' lang='lat' dir='ltr'>habent</span> <span class='ocrx_word' id='word_1_234' title='bbox 626 2422 679 2481; x_wconf 93' lang='lat' dir='ltr'>sed</span> <span class='ocrx_word' id='word_1_235' title='bbox 696 2424 884 2482; x_wconf 86' lang='lat' dir='ltr'>auctoritatis.</span> <span class='ocrx_word' id='word_1_236' title='bbox 922 2420 986 2481; x_wconf 90' lang='lat' dir='ltr'>Nec</span> <span class='ocrx_word' id='word_1_237' title='bbox 1012 2440 1063 2501; x_wconf 95' lang='lat' dir='ltr'>pu·</span> 
     </span>
     <span class='ocr_line' id='line_1_28' title="bbox 56 2505 1064 2586; baseline -0.004 -17"><span class='ocrx_word' id='word_1_238' title='bbox 56 2508 111 2569; x_wconf 93' lang='lat' dir='ltr'>dor</span> <span class='ocrx_word' id='word_1_239' title='bbox 132 2506 259 2584; x_wconf 88' lang='lat' dir='ltr'>videtur,</span> <span class='ocrx_word' id='word_1_240' title='bbox 286 2508 363 2586; x_wconf 92' lang='lat' dir='ltr'>qnod</span> <span class='ocrx_word' id='word_1_241' title='bbox 383 2523 441 2566; x_wconf 89' lang='lat' dir='ltr'>uon</span> <span class='ocrx_word' id='word_1_242' title='bbox 463 2505 557 2584; x_wconf 88' lang='lat' dir='ltr'>palam</span> <span class='ocrx_word' id='word_1_243' title='bbox 582 2505 720 2581; x_wconf 93' lang='lat' dir='ltr'>obiicias,</span> <span class='ocrx_word' id='word_1_244' title='bbox 744 2506 797 2567; x_wconf 91' lang='lat' dir='ltr'>sed</span> <span class='ocrx_word' id='word_1_245' title='bbox 820 2506 987 2569; x_wconf 83' lang='lat' dir='ltr'>diffidentia.</span> <span class='ocrx_word' id='word_1_246' title='bbox 1031 2505 1064 2566; x_wconf 93' lang='lat' dir='ltr'>ln</span> 
     </span>
     <span class='ocr_line' id='line_1_29' title="bbox 56 2590 1064 2670; baseline -0.001 -19"><span class='ocrx_word' id='word_1_247' title='bbox 56 2609 182 2668; x_wconf 89' lang='lat' dir='ltr'>summa,</span> <span class='ocrx_word' id='word_1_248' title='bbox 205 2593 248 2651; x_wconf 91' lang='lat' dir='ltr'>sic</span> <span class='ocrx_word' id='word_1_249' title='bbox 263 2594 385 2652; x_wconf 84' lang='lat' dir='ltr'>maxime</span> <span class='ocrx_word' id='word_1_250' title='bbox 406 2590 493 2651; x_wconf 84' lang='lat' dir='ltr'>iudex</span> <span class='ocrx_word' id='word_1_251' title='bbox 516 2590 609 2651; x_wconf 90' lang='lat' dir='ltr'>credit</span> <span class='ocrx_word' id='word_1_252' title='bbox 630 2590 746 2668; x_wconf 88' lang='lat' dir='ltr'>liguris,</span> <span class='ocrx_word' id='word_1_253' title='bbox 772 2591 797 2652; x_wconf 90' lang='lat' dir='ltr'>si</span> <span class='ocrx_word' id='word_1_254' title='bbox 818 2609 872 2651; x_wconf 90' lang='lat' dir='ltr'>uos</span> <span class='ocrx_word' id='word_1_255' title='bbox 887 2599 968 2670; x_wconf 94' lang='lat' dir='ltr'>putat</span> <span class='ocrx_word' id='word_1_256' title='bbox 983 2590 1064 2651; x_wconf 91' lang='lat' dir='ltr'>nolle</span> 
     </span>
     <span class='ocr_line' id='line_1_30' title="bbox 58 2674 1106 2756; baseline 0.003 -20"><span class='ocrx_word' id='word_1_257' title='bbox 58 2676 169 2736; x_wconf 90' lang='lat' dir='ltr'>dicere.</span> <span class='ocrx_word' id='word_1_258' title='bbox 202 2674 345 2756; x_wconf 84' lang='lat' dir='ltr'>Equidem</span> <span class='ocrx_word' id='word_1_259' title='bbox 367 2684 397 2735; x_wconf 90' lang='lat' dir='ltr'>et</span> <span class='ocrx_word' id='word_1_260' title='bbox 418 2678 446 2735; x_wconf 92' lang='lat' dir='ltr'>iu</span> <span class='ocrx_word' id='word_1_261' title='bbox 464 2692 607 2754; x_wconf 88' lang='lat' dir='ltr'>personas</span> <span class='ocrx_word' id='word_1_262' title='bbox 623 2675 710 2735; x_wconf 90' lang='lat' dir='ltr'>incidi</span> <span class='ocrx_word' id='word_1_263' title='bbox 725 2674 800 2736; x_wconf 90' lang='lat' dir='ltr'>tales</span> <span class='ocrx_word' id='word_1_264' title='bbox 823 2685 852 2736; x_wconf 90' lang='lat' dir='ltr'>et</span> <span class='ocrx_word' id='word_1_265' title='bbox 868 2678 973 2736; x_wconf 90' lang='lat' dir='ltr'>iurem</span> <span class='ocrx_word' id='word_1_266' title='bbox 992 2681 1106 2753; x_wconf 82' lang='lat' dir='ltr'>quo-73</span> 
     </span>
     <span class='ocr_line' id='line_1_31' title="bbox 58 2759 1063 2838; baseline 0.001 -20"><span class='ocrx_word' id='word_1_267' title='bbox 58 2777 126 2837; x_wconf 92' lang='lat' dir='ltr'>que,</span> <span class='ocrx_word' id='word_1_268' title='bbox 144 2759 222 2836; x_wconf 93' lang='lat' dir='ltr'>quod</span> <span class='ocrx_word' id='word_1_269' title='bbox 240 2769 285 2820; x_wconf 91' lang='lat' dir='ltr'>est</span> <span class='ocrx_word' id='word_1_270' title='bbox 302 2761 394 2837; x_wconf 80' lang='lat' dir='ltr'>magIs</span> <span class='ocrx_word' id='word_1_271' title='bbox 410 2778 521 2836; x_wconf 92' lang='lat' dir='ltr'>rarum,</span> <span class='ocrx_word' id='word_1_272' title='bbox 543 2777 619 2838; x_wconf 88' lang='lat' dir='ltr'>quac</span> <span class='ocrx_word' id='word_1_273' title='bbox 641 2759 765 2820; x_wconf 90' lang='lat' dir='ltr'>obtineri</span> <span class='ocrx_word' id='word_1_274' title='bbox 788 2761 842 2819; x_wconf 90' lang='lat' dir='ltr'>uisi</span> <span class='ocrx_word' id='word_1_275' title='bbox 859 2761 914 2821; x_wconf 90' lang='lat' dir='ltr'>hac</span> <span class='ocrx_word' id='word_1_276' title='bbox 930 2769 991 2820; x_wconf 92' lang='lat' dir='ltr'>arte</span> <span class='ocrx_word' id='word_1_277' title='bbox 1006 2777 1063 2819; x_wconf 93' lang='lat' dir='ltr'>uon</span> 
     </span>
     <span class='ocr_line' id='line_1_32' title="bbox 56 2842 1063 2922; baseline 0.004 -21"><span class='ocrx_word' id='word_1_278' title='bbox 56 2853 170 2922; x_wconf 88' lang='lat' dir='ltr'>posset.</span> <span class='ocrx_word' id='word_1_279' title='bbox 202 2842 294 2903; x_wconf 86' lang='lat' dir='ltr'>Ream</span> <span class='ocrx_word' id='word_1_280' title='bbox 309 2845 422 2920; x_wconf 92' lang='lat' dir='ltr'>tuebar,</span> <span class='ocrx_word' id='word_1_281' title='bbox 440 2862 513 2921; x_wconf 88' lang='lat' dir='ltr'>quac</span> <span class='ocrx_word' id='word_1_282' title='bbox 526 2843 688 2904; x_wconf 87' lang='lat' dir='ltr'>subiecisse</span> <span class='ocrx_word' id='word_1_283' title='bbox 705 2844 855 2904; x_wconf 91' lang='lat' dir='ltr'>dicebatur</span> <span class='ocrx_word' id='word_1_284' title='bbox 866 2846 960 2905; x_wconf 93' lang='lat' dir='ltr'>mariti</span> <span class='ocrx_word' id='word_1_285' title='bbox 975 2853 1063 2905; x_wconf 89' lang='lat' dir='ltr'>testa-</span> 
     </span>
     <span class='ocr_line' id='line_1_33' title="bbox 56 2927 1062 3008; baseline 0.002 -22"><span class='ocrx_word' id='word_1_286' title='bbox 56 2936 200 3004; x_wconf 92' lang='lat' dir='ltr'>mentum,</span> <span class='ocrx_word' id='word_1_287' title='bbox 226 2937 256 2987; x_wconf 90' lang='lat' dir='ltr'>et</span> <span class='ocrx_word' id='word_1_288' title='bbox 271 2927 441 2988; x_wconf 91' lang='lat' dir='ltr'>dicebantur</span> <span class='ocrx_word' id='word_1_289' title='bbox 457 2928 681 3006; x_wconf 87' lang='lat' dir='ltr'>chirographum</span> <span class='ocrx_word' id='word_1_290' title='bbox 698 2930 801 2989; x_wconf 88' lang='lat' dir='ltr'>marito</span> <span class='ocrx_word' id='word_1_291' title='bbox 818 2929 961 3008; x_wconf 84' lang='lat' dir='ltr'>expiranti</span> <span class='ocrx_word' id='word_1_292' title='bbox 977 2928 1062 2988; x_wconf 90' lang='lat' dir='ltr'>here·</span> 
     </span>
     <span class='ocr_line' id='line_1_34' title="bbox 57 3011 1106 3092; baseline 0 -20"><span class='ocrx_word' id='word_1_293' title='bbox 57 3012 111 3073; x_wconf 88' lang='lat' dir='ltr'>des</span> <span class='ocrx_word' id='word_1_294' title='bbox 134 3011 265 3080; x_wconf 87' lang='lat' dir='ltr'>dedisse;</span> <span class='ocrx_word' id='word_1_295' title='bbox 289 3021 319 3071; x_wconf 88' lang='lat' dir='ltr'>et</span> <span class='ocrx_word' id='word_1_296' title='bbox 338 3030 439 3071; x_wconf 88' lang='lat' dir='ltr'>verum</span> <span class='ocrx_word' id='word_1_297' title='bbox 462 3022 533 3072; x_wconf 91' lang='lat' dir='ltr'>erat.</span> <span class='ocrx_word' id='word_1_298' title='bbox 574 3012 663 3089; x_wconf 91' lang='lat' dir='ltr'>Nam,</span> <span class='ocrx_word' id='word_1_299' title='bbox 685 3014 751 3091; x_wconf 90' lang='lat' dir='ltr'>quia</span> <span class='ocrx_word' id='word_1_300' title='bbox 772 3031 826 3092; x_wconf 90' lang='lat' dir='ltr'>per</span> <span class='ocrx_word' id='word_1_301' title='bbox 848 3013 933 3090; x_wconf 88' lang='lat' dir='ltr'>leges</span> <span class='ocrx_word' id='word_1_302' title='bbox 955 3013 1106 3078; x_wconf 63' lang='lat' dir='ltr'>instituite</span> 
     </span>
     <span class='ocr_line' id='line_1_35' title="bbox 56 3096 1064 3175; baseline 0.002 -19"><span class='ocrx_word' id='word_1_303' title='bbox 56 3113 133 3156; x_wconf 85' lang='lat' dir='ltr'>uxor</span> <span class='ocrx_word' id='word_1_304' title='bbox 147 3113 206 3156; x_wconf 91' lang='lat' dir='ltr'>uon</span> <span class='ocrx_word' id='word_1_305' title='bbox 221 3105 336 3175; x_wconf 91' lang='lat' dir='ltr'>poterat</span> <span class='ocrx_word' id='word_1_306' title='bbox 352 3096 451 3172; x_wconf 88' lang='lat' dir='ltr'>heres,</span> <span class='ocrx_word' id='word_1_307' title='bbox 467 3097 495 3156; x_wconf 95' lang='lat' dir='ltr'>id</span> <span class='ocrx_word' id='word_1_308' title='bbox 512 3098 606 3156; x_wconf 89' lang='lat' dir='ltr'>iuerat</span> <span class='ocrx_word' id='word_1_309' title='bbox 621 3107 726 3173; x_wconf 90' lang='lat' dir='ltr'>actum,</span> <span class='ocrx_word' id='word_1_310' title='bbox 742 3107 774 3157; x_wconf 94' lang='lat' dir='ltr'>ut</span> <span class='ocrx_word' id='word_1_311' title='bbox 785 3096 821 3158; x_wconf 92' lang='lat' dir='ltr'>ad</span> <span class='ocrx_word' id='word_1_312' title='bbox 838 3116 901 3157; x_wconf 90' lang='lat' dir='ltr'>eam</span> <span class='ocrx_word' id='word_1_313' title='bbox 918 3096 994 3157; x_wconf 89' lang='lat' dir='ltr'>bona</span> <span class='ocrx_word' id='word_1_314' title='bbox 1010 3116 1064 3175; x_wconf 92' lang='lat' dir='ltr'>per</span> 
     </span>
     <span class='ocr_line' id='line_1_36' title="bbox 56 3180 1063 3260; baseline -0.001 -18"><span class='ocrx_word' id='word_1_315' title='bbox 56 3181 116 3242; x_wconf 93' lang='lat' dir='ltr'>boc</span> <span class='ocrx_word' id='word_1_316' title='bbox 137 3182 255 3240; x_wconf 90' lang='lat' dir='ltr'>tacitum</span> <span class='ocrx_word' id='word_1_317' title='bbox 277 3180 530 3241; x_wconf 79' lang='lat' dir='ltr'>fideicommissum</span> <span class='ocrx_word' id='word_1_318' title='bbox 551 3183 747 3260; x_wconf 87' lang='lat' dir='ltr'>pervenirent.</span> <span class='ocrx_word' id='word_1_319' title='bbox 782 3180 820 3241; x_wconf 87' lang='lat' dir='ltr'>Et</span> <span class='ocrx_word' id='word_1_320' title='bbox 842 3190 928 3260; x_wconf 93' lang='lat' dir='ltr'>caput</span> <span class='ocrx_word' id='word_1_321' title='bbox 948 3181 1063 3260; x_wconf 84' lang='lat' dir='ltr'>quidem</span> 
     </span>
     <span class='ocr_line' id='line_1_37' title="bbox 57 3264 1063 3345; baseline 0 -19"><span class='ocrx_word' id='word_1_322' title='bbox 57 3266 132 3326; x_wconf 87' lang='lat' dir='ltr'>tueri</span> <span class='ocrx_word' id='word_1_323' title='bbox 149 3264 237 3325; x_wconf 87' lang='lat' dir='ltr'>facilc</span> <span class='ocrx_word' id='word_1_324' title='bbox 255 3274 332 3341; x_wconf 92' lang='lat' dir='ltr'>erat,</span> <span class='ocrx_word' id='word_1_325' title='bbox 354 3267 379 3324; x_wconf 91' lang='lat' dir='ltr'>si</span> <span class='ocrx_word' id='word_1_326' title='bbox 394 3265 452 3325; x_wconf 93' lang='lat' dir='ltr'>hoc</span> <span class='ocrx_word' id='word_1_327' title='bbox 467 3266 630 3325; x_wconf 88' lang='lat' dir='ltr'>diceremus</span> <span class='ocrx_word' id='word_1_328' title='bbox 647 3267 757 3345; x_wconf 91' lang='lat' dir='ltr'>palam,</span> <span class='ocrx_word' id='word_1_329' title='bbox 781 3266 833 3325; x_wconf 90' lang='lat' dir='ltr'>sed</span> <span class='ocrx_word' id='word_1_330' title='bbox 850 3265 963 3345; x_wconf 90' lang='lat' dir='ltr'>peribat</span> <span class='ocrx_word' id='word_1_331' title='bbox 978 3266 1063 3326; x_wconf 89' lang='lat' dir='ltr'>here-</span> 
     </span>
     <span class='ocr_line' id='line_1_38' title="bbox 57 3348 1066 3427; baseline 0.001 -18"><span class='ocrx_word' id='word_1_332' title='bbox 57 3348 142 3409; x_wconf 89' lang='lat' dir='ltr'>ditas.</span> <span class='ocrx_word' id='word_1_333' title='bbox 179 3348 222 3410; x_wconf 91' lang='lat' dir='ltr'>Ita</span> <span class='ocrx_word' id='word_1_334' title='bbox 239 3367 311 3426; x_wconf 90' lang='lat' dir='ltr'>ergo</span> <span class='ocrx_word' id='word_1_335' title='bbox 328 3349 381 3409; x_wconf 87' lang='lat' dir='ltr'>init</span> <span class='ocrx_word' id='word_1_336' title='bbox 395 3348 480 3409; x_wconf 92' lang='lat' dir='ltr'>uobis</span> <span class='ocrx_word' id='word_1_337' title='bbox 496 3350 655 3427; x_wconf 85' lang='lat' dir='ltr'>agendum,</span> <span class='ocrx_word' id='word_1_338' title='bbox 679 3359 710 3410; x_wconf 92' lang='lat' dir='ltr'>ut</span> <span class='ocrx_word' id='word_1_339' title='bbox 731 3350 842 3410; x_wconf 93' lang='lat' dir='ltr'>iudices</span> <span class='ocrx_word' id='word_1_340' title='bbox 863 3350 935 3411; x_wconf 92' lang='lat' dir='ltr'>illud</span> <span class='ocrx_word' id='word_1_341' title='bbox 957 3349 1066 3412; x_wconf 89' lang='lat' dir='ltr'>iutelli-</span> 
     </span>
     <span class='ocr_line' id='line_1_39' title="bbox 56 3433 1062 3514; baseline 0.003 -21"><span class='ocrx_word' id='word_1_342' title='bbox 56 3441 163 3513; x_wconf 86' lang='lat' dir='ltr'>gerent</span> <span class='ocrx_word' id='word_1_343' title='bbox 174 3433 292 3509; x_wconf 90' lang='lat' dir='ltr'>iactum,</span> <span class='ocrx_word' id='word_1_344' title='bbox 302 3433 450 3493; x_wconf 87' lang='lat' dir='ltr'>delatores</span> <span class='ocrx_word' id='word_1_345' title='bbox 463 3450 521 3492; x_wconf 95' lang='lat' dir='ltr'>uon</span> <span class='ocrx_word' id='word_1_346' title='bbox 532 3443 654 3514; x_wconf 87' lang='lat' dir='ltr'>possent</span> <span class='ocrx_word' id='word_1_347' title='bbox 666 3434 890 3514; x_wconf 87' lang='lat' dir='ltr'>apprchendere</span> <span class='ocrx_word' id='word_1_348' title='bbox 902 3443 933 3494; x_wconf 88' lang='lat' dir='ltr'>ut</span> <span class='ocrx_word' id='word_1_349' title='bbox 944 3434 1062 3504; x_wconf 76' lang='lat' dir='ltr'>dictum:</span> 
     </span>
    </p>
   </div>
   <div class='ocr_carea' id='block_1_3' title="bbox 0 0 1291 4026">
    <p class='ocr_par' dir='ltr' id='par_1_3' title="bbox 0 0 1291 4026">
     <span class='ocr_line' id='line_1_40' title="bbox 0 0 1291 4026; baseline 0 0"><span class='ocrx_word' id='word_1_350' title='bbox 0 0 1291 4026; x_wconf 95' lang='lat' dir='ltr'> </span> 
     </span>
    </p>
   </div>
  </div>
 </body>
</html>
