2566 4026
154 131 195 192 52
467 145 503 192 ss.
524 143 603 191 aaa.
624 143 845 203 qmurrumxr

155 319 275 381 quamur
297 300 536 378 experimentum.
572 297 669 376 lugeri
691 316 854 360 mensuram
875 298 1016 360 ducentos
1039 310 1068 360 et
1091 317 1159 381 qua·

155 386 285 463 draginta
306 383 492 462 longitudinis
524 382 616 463 pedes
639 401 707 443 esse
734 383 909 462 dimidioque
933 385 962 443 in
983 384 1161 445 latitudinem

154 479 273 549 patere,
296 485 353 529 non
378 467 443 528 iere
461 471 612 549 quisquam
634 475 679 527 est
700 468 749 545 qui
765 468 897 544 ignoret,
923 477 952 528 et
978 469 1026 547 qui
1048 470 1085 527 sit
1106 469 1159 528 cir·

112 555 246 621 lacuitus
267 561 296 612 et
318 561 454 632 quantum
477 554 571 631 campi
593 551 708 612 claudat
734 551 877 628 colligere
902 552 1078 631 expeditum.
1122 552 1161 611 At

155 639 269 699 centeni
299 647 328 697 et
356 638 495 715 octogeni
516 639 545 696 in
573 654 716 715 quamque
740 644 852 713 partem
880 636 972 715 pedes
997 637 1072 696 idem
1094 654 1160 715 spa·

154 723 221 784 tium
245 722 434 782 extremitatis
457 722 510 783 sed
530 721 619 781 multo
644 720 766 798 amplius
785 721 904 780 clausae
922 730 1057 799 quattuor
1075 721 1159 781 lineis

154 825 241 868 areae
265 806 382 866 iaciunt.
427 804 459 865 ld
486 807 512 865 si
541 813 710 884 computare
739 823 825 882 quem
852 806 949 884 piget,
976 804 1160 865 brevioribus

153 891 278 953 numeris
296 891 372 951 idem
389 889 492 950 discat.
537 889 610 950 Nam
626 889 692 949 deni
710 889 738 947 in
757 889 895 968 quadram
914 889 1018 969 pedes,
1039 889 1159 968 quadra·

153 977 233 1054 ginta
255 992 309 1055 per
332 992 427 1050 oram,
453 975 525 1034 intra
549 982 663 1034 centum
689 981 781 1033 erunt.
827 973 866 1031 At
890 975 914 1032 si
937 973 1082 1052 quinideni
1107 990 1161 1052 per

154 1061 263 1135 latera,
293 1060 371 1138 quini
399 1060 428 1117 in
454 1058 550 1119 fronte
573 1060 643 1118 sint:
674 1076 711 1117 ex
731 1058 799 1133 illo,
832 1057 910 1136 quod
937 1058 1159 1137 amplectuutur,

112 1153 287 1223 44quartam
310 1143 455 1203 deducent
488 1143 592 1204 eodem
624 1141 829 1203 circumductu.
875 1142 906 1202 Si
933 1159 1004 1203 vero
1030 1141 1160 1221 porrecti

154 1229 288 1307 utrinque
311 1226 483 1287 undeviceni
507 1227 629 1306 singulis
650 1226 771 1302 distent,
795 1243 853 1286 non
874 1226 974 1305 plures
993 1229 1068 1286 intus
1091 1242 1160 1305 qua·

155 1313 254 1374 dratos
277 1310 439 1388 habebunt,
469 1330 553 1391 quam
576 1329 630 1390 per
651 1320 721 1390 quot
747 1311 897 1388 longitudo
922 1311 1056 1379 ducetur;
1086 1325 1160 1388 quae

156 1395 316 1456 circumibit
335 1404 430 1455 autem
454 1395 544 1470 linea,
570 1395 699 1455 eiusdem
714 1395 802 1471 spatii
821 1396 890 1470 erit,
915 1398 995 1455 cuius
1015 1413 1060 1470 ea,
1086 1410 1160 1472 quae

156 1487 269 1538 centum
294 1479 431 1536 continet.
473 1476 515 1535 lta
538 1477 676 1555 quidquid
697 1476 808 1535 formae
833 1477 964 1554 quadrati
986 1479 1159 1551 detraxeris,

114 1578 145 1630 45
155 1559 333 1638 amplitudini
356 1576 473 1638 quoque
494 1559 609 1637 peribit.
655 1557 733 1634 Ergo
759 1561 845 1618 etiam
868 1559 896 1618 id
915 1561 977 1619 lieri
1000 1571 1109 1640 potest,
1131 1568 1161 1617 ut

153 1644 264 1703 maiore
291 1644 411 1702 circuitu
441 1645 533 1702 minor
561 1642 621 1701 looi
650 1641 807 1720 amplitudo
839 1641 979 1703 cludatur.
1026 1645 1107 1704 Haeo
1133 1645 1160 1701 iu

154 1727 258 1806 planis.
304 1726 377 1786 Nam
403 1727 432 1784 in
461 1725 586 1786 collibus
607 1725 790 1805 vallibusque
815 1727 900 1786 etiam
922 1727 1056 1805 imperito
1079 1735 1161 1804 patet

111 1810 221 1890 sapius
241 1810 298 1870 soli
318 1828 384 1870 esse
409 1828 493 1889 quam
516 1809 604 1870 coeli.
651 1807 746 1883 Quid?
770 1811 848 1890 quod
865 1828 898 1871 se
917 1809 1017 1870 eadem
1039 1827 1160 1888 geome-

154 1895 209 1956 tria
231 1895 307 1955 tollit
330 1894 365 1954 ad
387 1896 528 1954 rationem
546 1912 639 1972 usque
663 1891 779 1954 muudi?
805 1896 923 1973 inqua,
947 1913 1012 1954 oum
1034 1895 1160 1954 siderum

156 1987 253 2040 certos
280 1980 512 2058 constitutosque
536 1996 637 2038 cursus
659 1980 785 2038 numeris
809 1979 908 2055 docet,
932 1979 1068 2039 discimus
1090 1977 1160 2037 nibil

155 2081 223 2123 esse
246 2063 435 2123 inordinatum
453 2072 539 2141 atque
565 2061 727 2130 fortuitum;
752 2062 830 2141 quod
847 2065 941 2142 ipsum
960 2079 1160 2142 nonnunquam

115 2162 146 2216 47
156 2148 303 2225 pertinere
319 2146 354 2206 ad
374 2155 520 2206 oratorem
537 2154 646 2224 potest.
680 2146 727 2205 An
743 2164 832 2223 vero,
851 2165 916 2207 cum
928 2146 1059 2208 Pericles
1070 2145 1159 2206 Athe·

154 2230 271 2289 nienses
293 2229 365 2289 solis
389 2229 595 2290 obscuratione
619 2232 736 2290 territos
764 2231 884 2291 redditis
911 2233 973 2290 eius
997 2234 1040 2291 rei
1065 2231 1160 2291 causis

154 2322 231 2373 metu
253 2313 402 2383 liberavit;
426 2323 473 2374 aut
496 2333 560 2374 cum
578 2313 725 2392 Sulpicius
748 2315 799 2376 ille
817 2313 916 2376 Gallus
933 2317 961 2374 in
983 2317 1114 2376 exercitu
1128 2312 1158 2372 L.

154 2397 246 2458 Paulli
269 2398 306 2457 de
328 2397 413 2457 lunae
437 2398 605 2458 delectione
626 2399 777 2476 disseruit,
801 2417 838 2460 ne
858 2399 939 2459 velut
960 2400 1096 2478 prodigio
1120 2397 1160 2456 di·

154 2481 259 2541 vinitus
281 2482 360 2542 iacto
388 2482 507 2542 militum
535 2483 619 2544 animi
648 2492 845 2559 terrerentur,
873 2501 930 2542 non
955 2483 1069 2542 videtur
1091 2498 1160 2540 usus

112 2583 224 2637 asesse
251 2567 375 2627 oratoris
404 2563 525 2627 oflicio‘l
570 2566 655 2640 Quod
684 2570 708 2626 si
735 2566 833 2627 Nicias
863 2569 892 2625 in
914 2566 1014 2624 Sicilia
1042 2565 1159 2639 scisset,

155 2668 212 2711 non
231 2651 335 2712 eodem
354 2650 491 2710 confusus
507 2659 585 2709 metu
602 2650 828 2728 pulcherrimum
839 2648 1057 2708 Atheniensium
1075 2665 1160 2707 exer-

156 2737 243 2794 citum
270 2734 461 2814 prodidisset;
491 2735 566 2792 sicut
593 2733 684 2809 Dion,
715 2751 779 2793 cum
805 2731 839 2792 ad
864 2731 1068 2792 destruendam
1090 2732 1160 2792 Dio·

156 2819 230 2894 ursii
251 2817 432 2894 tyrannidem
453 2817 548 2892 veuit,
572 2833 630 2876 non
653 2825 698 2876 est
719 2816 769 2877 tali
792 2834 861 2875 casu
886 2816 1052 2877 deterritus.
1098 2817 1161 2876 Sint

157 2910 239 2962 extra
262 2901 333 2962 licet
356 2920 425 2961 usus
450 2899 561 2976 bellici,
588 2909 844 2978 transeamusque,
869 2901 946 2980 quod
968 2899 1160 2961 Archimedes

114 3000 227 3051 aprunus
251 2985 431 3045 obsidionem
454 2985 663 3060 Syracusarum
686 2987 715 3044 in
737 2985 852 3063 longius
876 2988 977 3047 traxit:
1007 2985 1077 3047 illud
1108 2985 1147 3044 uti

157 3084 213 3144 que
229 3068 284 3127 iam
299 3071 448 3148 proprium
472 3067 507 3127 ad
521 3068 704 3129 efficiendum
723 3070 800 3148 quod
821 3070 1003 3146 intendimus,
1023 3070 1160 3150 plurimas

157 3153 361 3229 quaestiones,
391 3152 493 3231 quibus
517 3152 665 3215 difficilior
691 3153 748 3215 alia
777 3155 890 3214 ratione
921 3154 1077 3234 explicatio
1105 3161 1160 3228 est,

156 3242 187 3292 ut
209 3233 246 3294 de
265 3237 377 3296 ratione
400 3235 560 3312 dividendi,
584 3237 620 3296 de
644 3239 776 3299 sectione
802 3240 830 3297 in
852 3239 999 3314 infinitum,
1023 3238 1059 3298 de
1082 3237 1161 3298 cele·

155 3317 242 3379 ritate
266 3319 412 3397 augenda,
433 3319 590 3380 linearibus
615 3321 678 3382 illis.
703 3323 922 3402 probationibus
946 3322 1022 3384 solvi
1046 3323 1160 3389 solere;

157 3405 202 3481 ut,
219 3401 246 3461 si
268 3410 313 3461 est
335 3406 444 3464 oratori
474 3405 574 3484 (quod
596 3407 745 3486 proximus
769 3407 979 3469 demonstrabit
1001 3404 1099 3486 liber)
1125 3404 1162 3466 de
