2566 4026
157 165 198 229 86
472 180 834 240 cinanmomum

157 336 285 415 scripsit,
306 335 432 396 cilicium
447 336 572 395 oratoris
592 354 660 396 esse
676 337 782 400 dicere
802 340 942 418 opposite
963 338 1009 399 od
1027 354 1156 417 persco-

128 420 302 486 6decdcm.
332 419 364 479 ln
378 418 534 479 rhetoricis
549 421 650 497 etiam,
667 437 741 498 quos
757 423 820 481 sinc
835 421 923 482 dubio
940 424 1005 501 ipse
1019 439 1077 481 non
1091 440 1160 500 pro-

156 502 222 579 bat,
243 503 329 563 finem
348 502 419 564 facit
437 505 638 582 persuadere.
677 503 786 564 Verum
807 515 836 565 et
859 508 982 585 pecunia
1002 506 1162 584 persuadet

40 651 50 669 ‚
157 597 186 648 et
208 589 301 664 gratia
323 596 351 646 et
379 588 536 648 auctoritas
551 588 673 649 dicentis
691 596 720 648 et
740 589 874 666 dignitas,
899 599 1048 669 postremo
1075 609 1160 669 aspe-

157 681 220 732 ctus
245 673 329 731 etiam
353 673 418 751 ipse
441 674 504 730 sine
524 688 616 748 uoce,
647 689 705 751 quo
733 673 784 733 vel
805 674 971 734 recordatio
993 676 1161 733 meritorum

157 758 297 833 cuiusque
312 756 361 815 rel
376 756 468 816 iacies
485 755 581 835 aliqua
596 757 768 817 miserabilis
784 757 833 816 vel
849 758 959 817 formae
975 757 1160 835 pulchritudo

128 842 327 906 isententiam
345 840 443 900 dictat.
482 837 554 899 Nam
574 849 603 899 et
617 839 739 900 blanium
757 840 903 918 Aquilium
925 841 1085 901 defendens
1102 841 1161 899 An·

156 925 267 999 tonius,
289 942 352 983 cum
373 925 465 984 scissa
485 933 569 984 veste
586 926 757 1001 cicatrices,
780 943 852 1002 quas
875 927 899 984 is
920 942 975 1003 pro
1001 928 1094 1004 patria
1108 944 1160 1003 pe-

157 1016 239 1068 ctore
255 1007 379 1068 adverso
396 1010 594 1087 suscepisset,
616 1010 758 1084 ostendit,
780 1025 838 1067 non
859 1009 999 1069 orationis
1016 1008 1113 1069 habuit
1129 1010 1160 1068 li·

156 1092 268 1152 duciam
280 1091 333 1151 sed
348 1093 441 1152 oculis
456 1092 558 1171 populi
575 1091 696 1152 Romani
713 1094 771 1152 vim
792 1092 904 1168 attulit,
928 1110 1013 1171 quem
1027 1092 1079 1152 illc
1094 1094 1160 1169 ipso

156 1185 277 1255 aspectu
298 1178 420 1236 maxime
436 1185 542 1236 motum
566 1179 595 1235 ln
609 1177 682 1251 hoc,
704 1185 734 1236 ut
756 1175 926 1235 absolveret
946 1195 1043 1252 reum,
1067 1175 1160 1234 credi·

128 1269 213 1325 etum
230 1268 283 1320 est.
315 1260 447 1320 Servium
464 1261 579 1339 quidem
596 1259 714 1322 Galbam
727 1262 914 1320 miseratione
930 1261 1012 1336 sola,
1031 1277 1086 1338 qua
1101 1277 1160 1318 non

156 1362 226 1404 suos
245 1344 331 1404 modo
348 1344 457 1405 liberos
473 1345 610 1424 parvulos
625 1347 654 1404 in
667 1346 803 1405 contione
819 1344 999 1423 produxerat
1013 1343 1065 1403 sed
1085 1342 1160 1404 Galli

157 1431 243 1488 etiam
264 1427 386 1507 Sulpicii
410 1429 498 1489 lilium
522 1431 582 1488 suis
605 1430 670 1507 ipse
690 1428 821 1488 manibus
844 1428 1077 1503 circumtulerat,
1100 1427 1159 1486 ela·

155 1530 239 1591 psum
259 1529 343 1588 esse,
366 1529 430 1571 cum
450 1512 571 1572 aliorum
593 1515 783 1572 monumentis
805 1521 864 1572 tum
886 1510 1004 1572 Catonis
1028 1513 1161 1572 oratione

129 1604 293 1661 otestatum
309 1604 364 1654 est.
399 1595 437 1654 Et
450 1596 584 1671 Phrynen
598 1613 656 1656 non
672 1594 827 1674 llyperidis
843 1599 976 1672 actione,
999 1613 1162 1675 quanquam

156 1679 326 1754 admirabili,
342 1679 395 1738 sed
411 1689 570 1759 conspectu
586 1682 737 1759 corporis,
754 1681 832 1758 quod
846 1680 898 1740 illa
913 1681 1161 1759 speciosissimum

156 1764 264 1841 alioqui
280 1763 395 1823 diducta
411 1764 568 1824 nudaverat
585 1767 698 1840 tunica,
719 1773 820 1843 putant
841 1763 975 1843 periculo
995 1763 1156 1825 liberatam.

157 1847 238 1920 Quae
252 1849 277 1906 si
293 1849 387 1907 omnia
400 1849 587 1927 persuadent,
603 1866 661 1908 uon
677 1858 723 1908 est
737 1849 796 1924 hic,
813 1847 850 1909 de
867 1864 924 1926 quo
941 1846 1031 1907 locuti
1049 1864 1158 1921 sumus,

115 1931 276 1998 roidoneus
292 1932 365 1991 linis.
400 1932 529 2011 Ideoque
545 1933 746 2010 diligentiores
769 1941 835 1992 sunt
848 1934 905 1992 visi
917 1931 988 2008 sibi,
1011 1932 1076 2010 qui,
1096 1946 1159 1989 cum

155 2015 192 2075 de
207 2016 353 2075 rhetorice
368 2016 444 2076 idem
459 2019 610 2092 sentirent,
627 2019 863 2077 existimaverunt
878 2033 942 2077 eam
956 2015 1161 2076 claudicando

154 2100 377 2177 persttadcrtdt'.
425 2099 518 2173 Quem
546 2100 632 2160 linem
655 2099 817 2177 Gorgias
842 2103 871 2160 iu
898 2100 1020 2175 eodem,
1042 2099 1159 2175 dequo

155 2182 396 2260 supradiximus,
423 2183 516 2260 libro,
539 2185 621 2245 velut
642 2193 761 2245 coactus
783 2202 799 2244 a
823 2185 945 2244 Socrate
963 2183 1047 2252 iacit;
1070 2197 1159 2258 aquo

155 2283 213 2326 non
236 2267 368 2326 dissentit
389 2267 641 2344 Theodectes,
663 2270 727 2329 sive
750 2270 841 2347 ipsius
857 2269 886 2330 id
902 2285 976 2347 opus
997 2276 1058 2342 est,
1081 2266 1160 2344 quod

155 2350 192 2410 de
206 2350 352 2410 rhetorice
367 2353 482 2412 nomine
502 2353 564 2412 eius
579 2352 763 2430 inscribitur,
785 2354 864 2430 sive,
888 2363 918 2412 ut
942 2352 1082 2413 creditum
1102 2359 1158 2427 est,

155 2434 402 2512 Aristotelis,
418 2438 518 2516 inquo
533 2446 588 2514 est,
604 2437 690 2498 linem
705 2456 774 2498 esse
794 2437 958 2498 rhetorices
974 2440 1089 2499 ducere
1110 2435 1156 2495 bo·

113 2520 249 2582 liuticos
271 2521 403 2582 diceudo
422 2522 456 2582 irs
476 2522 528 2600 id,
551 2524 634 2600 quod
654 2530 744 2584 octor
763 2523 844 2586 velit.
887 2521 947 2582 Sed
966 2539 1002 2580 ue
1016 2521 1074 2580 hoc
1097 2520 1157 2596 qui·

155 2603 220 2663 dem
238 2604 307 2663 satis
328 2613 373 2664 est
393 2606 649 2685 comprehensum:
671 2606 848 2685 persuadent
868 2607 944 2665 enim
964 2603 1086 2663 dicendo
1109 2601 1158 2659 vel

155 2688 261 2747 ducunt
275 2690 304 2747 in
321 2689 350 2749 id
365 2688 443 2767 quod
457 2689 558 2750 volunt
582 2689 630 2750 alii
645 2707 780 2769 quoque,
803 2698 834 2748 ut
848 2689 1037 2760 meretrices,
1060 2681 1156 2743 adula-

154 2779 245 2847 tores,
266 2783 463 2851 cormptores.
499 2773 540 2833 Αι
555 2783 655 2836 contra
669 2791 727 2834 non
741 2772 898 2852 persuadet
912 2786 1029 2847 semper
1044 2775 1157 2834 crator;

154 2865 185 2915 ut
204 2858 317 2917 interim
337 2874 394 2916 non
418 2859 456 2917 sit
476 2861 613 2937 proprius
635 2858 682 2919 hic
703 2858 766 2918 linis
786 2857 866 2930 eius,
887 2854 1001 2914 interim
1021 2853 1058 2912 sit
1080 2868 1157 2912 com·

113 2949 146 3001 12
154 2941 246 2998 munis
268 2958 331 3000 cum
356 2941 417 3018 his,
441 2944 490 3021 qui
514 2942 549 3002 ab
572 2951 690 3004 oratore
711 2939 816 3020 procul
835 2939 948 3000 absunt.
986 2936 1076 3014 Atqui
1101 2952 1159 2994 non

153 3023 272 3083 multum
293 3024 328 3084 ab
349 3024 407 3085 hoe
422 3026 478 3086 fine
500 3026 584 3087 abest
598 3024 871 3105 Apollodorus,
895 3024 995 3084 dicens
1015 3018 1158 3079 iudicialis

155 3109 294 3167 orationis
307 3110 428 3186 primum
443 3119 473 3171 et
487 3129 578 3189 super
592 3112 685 3169 omnia
707 3126 775 3168 esse
793 3109 990 3186 persuadere
1009 3103 1108 3165 iudici
1130 3110 1159 3163 et

153 3194 334 3253 contendum
350 3195 418 3255 aas
432 3197 549 3257 ducere
562 3195 595 3255 tn
607 3194 659 3269 id,
683 3192 767 3270 quod
779 3193 869 3262 oelit,·
885 3209 949 3251 nam
965 3198 994 3249 et
1013 3191 1078 3266 ipse
1094 3203 1158 3245 ora-

154 3282 247 3333 torem
262 3276 394 3338 fortunae
412 3277 543 3353 subiicit,
566 3286 611 3352 ut,
630 3279 655 3336 si
669 3293 727 3336 non
740 3277 936 3355 persuaserit,
957 3290 1062 3332 nomeu
1078 3288 1159 3330 suum

112 3361 280 3421 leretinere
300 3377 358 3420 non
381 3364 484 3441 possit.
522 3361 643 3435 Quidam
661 3370 851 3421 recesserunt
873 3360 909 3420 ab
933 3365 1056 3433 euentu,
1084 3357 1159 3414 sicut

153 3441 394 3506 Aristoteles
410 3446 492 3507 dicit:
515 3446 669 3507 rhetorice
689 3452 736 3507 cst
756 3446 805 3507 cis
818 3444 994 3509 inveniendi
1010 3441 1112 3504 omnio
1126 3439 1160 3499 ic
