2566 4026
205 245 268 308 228
514 256 551 304 u.
574 255 653 303 run.
676 254 897 315 onmrmrnur

149 424 198 480 127
206 430 258 474 suo
271 411 473 490 antisophiste,
490 417 563 490 quot
573 411 657 470 acilia
668 428 817 488 passuum
834 409 1059 471 declamasset?
1080 411 1228 494 Praecipi

206 507 236 557 et
252 495 321 556 illud
338 497 416 570 scio,
441 512 479 553 ne
495 492 676 553 ambulantes
692 501 886 552 avertamura
907 492 1069 570 indicibus,
1091 497 1153 557 sed
1169 500 1227 558 sint

206 580 317 658 obliqui
332 578 427 657 pedes
442 577 478 637 ad
492 576 641 637 consilinm
656 575 741 636 nobis
756 575 990 655 respicientibus.
1017 576 1051 637 ld
1064 578 1134 638 fleri
1151 581 1225 642 iudi·

207 665 261 725 ciis
275 663 396 742 privatis
413 678 470 721 non
485 669 593 739 potest.
626 659 735 720 Verum
752 669 780 719 et
795 659 932 720 breviora
948 669 1012 720 sunt
1026 663 1147 739 spatia,
1165 682 1223 724 neo

206 747 304 808 aversi
319 746 366 806 diu
378 763 483 805 sumus.
510 744 626 804 Interim
639 753 735 804 tamen
748 744 892 804 recedere
907 745 1014 803 sensim
1028 744 1125 804 datur.
1152 747 1222 822 Qui·

148 841 201 896 128
208 831 272 892 dam
290 839 319 890 et
334 829 482 904 resiliunt,
501 827 578 907 quod
595 837 639 887 est
654 828 740 906 plane
756 827 916 888 ridiculum.
948 826 1034 888 Pedis
1059 831 1221 909 supplosio

206 925 237 974 ut
253 914 322 974 loco
338 922 384 973 est
400 921 580 991 opportuna,
605 921 634 970 ut
658 912 697 972 ait
713 907 836 987 Cicero,
861 913 890 971 in
914 913 1155 973 contentionibus
1173 924 1222 975 aut

206 998 379 1076 incipiendis
395 1005 442 1057 aut
458 995 605 1056 liniendis:
635 996 674 1055 ita
695 994 798 1055 crebra
823 1004 852 1054 et
873 996 963 1074 inepti
985 1003 1030 1054 est
1045 995 1176 1058 bominis
1192 1008 1222 1059 et

207 1081 312 1142 desinit
327 1081 451 1142 iudicem
462 1081 491 1138 iu
506 1097 538 1138 se
557 1088 741 1139 convertere.
765 1077 819 1137 Est
834 1087 864 1138 et
879 1079 929 1139 illa
943 1079 1085 1140 indecora
1102 1081 1134 1139 in
1147 1082 1220 1143 dex·

205 1175 280 1224 trum
295 1184 330 1225 ac
347 1164 463 1224 laevum
479 1163 554 1223 latus
569 1162 716 1223 vacillatio
736 1162 855 1222 alternis
871 1162 995 1241 pedibus
1010 1163 1218 1225 insistentium.

205 1247 386 1326 Longissima
412 1246 549 1325 fugienda
577 1246 674 1307 mollis
699 1247 790 1322 actio,
818 1246 932 1324 qualern
958 1247 987 1305 in
1010 1245 1087 1306 Titio
1105 1245 1219 1309 Cicero

206 1331 276 1392 dicit
291 1333 398 1408 fuisse,
423 1332 499 1391 unde
518 1332 603 1391 etiam
618 1330 777 1390 saltationis
795 1331 938 1407 quoddam
952 1348 1046 1407 genus
1064 1328 1168 1394 Titias
1182 1334 1220 1392 sit

149 1416 393 1495 ltitappellatum.
425 1414 681 1493 Reprehendenda
706 1423 734 1473 et
751 1412 801 1473 illa
818 1414 957 1493 frequens
975 1423 1005 1473 et
1021 1417 1173 1477 concitata
1190 1417 1219 1476 in

205 1509 355 1578 utramque
373 1507 484 1578 partem
501 1500 620 1575 natatio,
637 1516 720 1577 quam
734 1498 763 1556 in
780 1493 906 1557 Curione
922 1507 1003 1576 patre
1019 1499 1110 1557 irrisit
1127 1510 1159 1560 et
1172 1500 1218 1561 lu·

205 1584 277 1660 lius,
302 1602 462 1662 quaerens,
482 1584 551 1659 qais
572 1583 604 1643 im
619 1585 708 1644 lintre
723 1582 912 1658 loqueretar,
938 1591 967 1640 et
984 1581 1126 1652 Sicinius;
1152 1603 1218 1644 nam

206 1686 280 1743 cnm,
298 1668 444 1727 assidente
462 1666 589 1742 collega,
608 1667 656 1745 qui
672 1674 735 1726 erat
747 1674 870 1743 propter
882 1664 1078 1725 valetudinem
1095 1675 1127 1725 et
1144 1667 1218 1727 deli·

205 1759 289 1828 gatus
306 1759 335 1809 et
350 1750 479 1828 plurimis
492 1750 710 1808 medicamentis
724 1748 879 1825 delibutus,
895 1749 1011 1808 multum
1023 1766 1056 1808 se
1073 1746 1166 1810 Curio
1179 1769 1218 1810 ex

204 1850 286 1893 nrore
302 1834 452 1908 iactasset,
467 1831 643 1912 Numquam,
662 1833 762 1911 inquit,
781 1829 904 1910 Octavi,
922 1834 1058 1910 collepoc
1072 1841 1126 1894 too
1137 1853 1217 1913 qra-

204 1919 279 1977 tiam
295 1919 429 1996 referes,
452 1919 505 1994 qui
518 1918 580 1977 nisi
591 1917 715 1994 suisset,
737 1917 828 1978 bodie
843 1924 872 1978 te
884 1919 954 1978 istic
966 1935 1094 1978 muscae
1111 1937 1217 1981 come-

148 2001 331 2071 130dc‘ssent.
361 2000 507 2061 lactantur
530 2009 559 2060 et
579 1999 703 2067 bumari;
727 2000 804 2078 quod
819 2001 919 2061 vitium
933 2000 1153 2061 Demosthenes
1177 2005 1217 2063 ita

206 2084 310 2145 dicitur
326 2083 514 2160 emendasse,
531 2094 577 2160 ut,
595 2102 659 2144 cum
676 2084 704 2142 in
721 2093 843 2161 angusto
860 2084 984 2163 quodam
1000 2083 1114 2161 pulpito
1134 2095 1217 2147 stans

206 2168 336 2244 dIceret,
359 2168 441 2228 basta
462 2167 582 2228 humero
604 2168 776 2246 dependens
798 2169 974 2244 immineret,
997 2175 1044 2243 ut,
1069 2169 1093 2226 si
1110 2170 1216 2229 calore

206 2252 320 2312 dicendi
336 2253 429 2312 vitare
444 2252 473 2312 id
492 2252 666 2328 excidisset,
689 2251 882 2310 offensatione
898 2251 948 2311 illa
965 2263 1214 2314 commoneretur.

204 2334 408 2396 Ambulantem
423 2336 504 2416 loqui
518 2337 556 2395 ita
580 2336 693 2397 demum
709 2343 843 2412 oportet,
868 2335 894 2394 si
914 2335 943 2393 in
961 2336 1054 2394 causis
1072 2334 1214 2412 publicis,

205 2420 233 2478 in
259 2420 362 2497 quibus
385 2419 550 2479 multisunt
574 2419 702 2495 iudices,
728 2419 806 2496 quod
829 2417 966 2494 dicimus,
989 2420 1071 2496 qnasi
1088 2419 1215 2498 singulis

146 2503 352 2574 131inculcare
379 2502 568 2581 peculiariter
593 2502 724 2562 velimus.
764 2502 839 2562 Illud
864 2519 937 2562 vero
962 2519 1019 2561 non
1044 2501 1213 2580 ferendum,

206 2586 431 2665 quodquidam,
454 2587 565 2645 reiecta
584 2587 613 2645 in
629 2585 777 2646 humerum
801 2594 887 2664 toga,
910 2604 975 2646 curn
997 2585 1100 2647 dextra
1118 2588 1213 2647 sinum

205 2687 297 2747 nsque
316 2670 352 2728 ad
368 2668 481 2729 lumbos
497 2669 689 2745 reduxerunt,
713 2670 828 2729 sinistra
845 2679 960 2747 gestum
980 2670 1125 2730 iacientes
1144 2689 1211 2750 spa·

204 2754 310 2813 tiantur
325 2761 355 2812 et
370 2752 548 2828 fabulantur,
573 2771 637 2813 cum
659 2755 744 2812 etiam
764 2753 877 2812 laevam
898 2756 1078 2831 restringere
1095 2754 1212 2831 prolata

204 2837 318 2912 longius
330 2835 432 2895 dextra
447 2839 484 2896 sit
499 2837 640 2896 odiosum.
666 2834 773 2897 Moneo
790 2855 917 2916 qnoque,
935 2837 980 2915 (nt
994 2855 1030 2896 ne
1046 2837 1075 2897 id
1091 2836 1212 2916 quidem

202 2921 365 2999 transeam)
381 2920 560 2998 ineptissime
576 2921 650 2997 fieri,
668 2940 732 2981 curn
749 2923 823 2980 inter
837 2938 934 2982 moras
949 2921 1146 2983 laudationum
1163 2929 1212 2982 aut

203 3003 346 3063 inaurem
364 3004 483 3063 alicuius
505 3004 660 3082 loquuntur
679 3013 728 3065 aut
749 3022 813 3064 curn
838 3005 986 3066 sodalibus
1010 3005 1146 3065 iocantur
1161 3013 1212 3065 aut

203 3105 404 3165 nonnunquam
426 3087 463 3147 ad
485 3087 620 3147 librarios
648 3105 716 3148 snos
738 3089 778 3149 ita
800 3089 977 3166 respiciunt,
1001 3097 1032 3148 ut
1047 3089 1209 3168 sportulam

146 3182 196 3235 132
203 3170 314 3230 dictare
329 3171 490 3231 videantur.
526 3170 661 3232 Inclinari
677 3173 714 3232 ad
728 3172 868 3248 iudicem,
887 3190 952 3233 cum
970 3173 1090 3249 doceas,
1106 3174 1208 3253 utique

202 3255 228 3313 si
243 3254 283 3330 id,
301 3253 338 3314 de
354 3272 411 3333 quo
427 3254 566 3332 loquaris,
584 3256 620 3316 sit
637 3255 799 3332 obscurius,
816 3256 895 3316 licet.
925 3255 1097 3316 Incumbere
1115 3257 1194 3317 advo

203 3345 269 3396 cato
295 3338 426 3397 adversis
448 3338 597 3398 subselliis
619 3339 747 3414 sedenti,
776 3339 1022 3400 contumeliosum.
1054 3339 1203 3400 Reclinau

203 3420 341 3480 etiamad
361 3438 430 3481 suos
449 3431 478 3482 et
497 3422 628 3482 manibus
646 3422 799 3499 sustineri,
824 3424 878 3481 nisi
901 3423 988 3502 plane
1009 3425 1084 3483 iusta
1100 3424 1205 3502 latiga-

202 3504 297 3581 tione,
324 3512 368 3564 est
392 3505 562 3575 delicatum
590 3507 664 3566 sicut
683 3506 779 3586 palam
798 3507 926 3584 moneri,
953 3507 1132 3585 excidentis,
1157 3515 1205 3568 aut
