<?xml version="1.0" encoding="UTF-8"?>
<!DOCTYPE html PUBLIC "-//W3C//DTD XHTML 1.0 Transitional//EN"
    "http://www.w3.org/TR/xhtml1/DTD/xhtml1-transitional.dtd">
<html xmlns="http://www.w3.org/1999/xhtml" xml:lang="en" lang="en">
 <head>
  <title>
</title>
<meta http-equiv="Content-Type" content="text/html;charset=utf-8" />
  <meta name='ocr-system' content='tesseract 3.04.00' />
  <meta name='ocr-capabilities' content='ocr_page ocr_carea ocr_par ocr_line ocrx_word'/>
</head>
<body>
  <div class='ocr_page' id='page_1' title='image "./mfabiiquintilia00bonngoog/mfabiiquintilia00bonngoog_0361.png"; bbox 0 0 2566 4026; ppageno 0'>
   <div class='ocr_carea' id='block_1_1' title="bbox 220 181 911 252">
    <p class='ocr_par' dir='ltr' id='par_1_1' title="bbox 220 181 911 252">
     <span class='ocr_line' id='line_1_1' title="bbox 220 181 911 252; baseline 0 -12"><span class='ocrx_word' id='word_1_1' title='bbox 220 181 261 240; x_wconf 84' lang='lat'>30</span> <span class='ocrx_word' id='word_1_2' title='bbox 536 195 573 241; x_wconf 87' lang='lat' dir='ltr'>m.</span> <span class='ocrx_word' id='word_1_3' title='bbox 590 194 669 241; x_wconf 80' lang='lat' dir='ltr'>unu.</span> <span class='ocrx_word' id='word_1_4' title='bbox 689 193 911 252; x_wconf 77' lang='lat' dir='ltr'>oumrmrnur</span> 
     </span>
    </p>
   </div>
   <div class='ocr_carea' id='block_1_2' title="bbox 174 347 1229 3445">
    <p class='ocr_par' dir='ltr' id='par_1_2' title="bbox 174 347 1229 3445">
     <span class='ocr_line' id='line_1_2' title="bbox 219 347 1227 427; baseline 0 -19"><span class='ocrx_word' id='word_1_5' title='bbox 219 367 295 408; x_wconf 91' lang='lat' dir='ltr'>mum</span> <span class='ocrx_word' id='word_1_6' title='bbox 320 357 366 408; x_wconf 90' lang='lat' dir='ltr'>est</span> <span class='ocrx_word' id='word_1_7' title='bbox 390 348 507 426; x_wconf 79' lang='lat' dir='ltr'>ingenio</span> <span class='ocrx_word' id='word_1_8' title='bbox 533 347 608 422; x_wconf 87' lang='lat' dir='ltr'>loci,</span> <span class='ocrx_word' id='word_1_9' title='bbox 630 366 686 408; x_wconf 88' lang='lat' dir='ltr'>nec</span> <span class='ocrx_word' id='word_1_10' title='bbox 706 367 826 427; x_wconf 83' lang='lat' dir='ltr'>usquam</span> <span class='ocrx_word' id='word_1_11' title='bbox 846 358 953 408; x_wconf 91' lang='lat' dir='ltr'>tantum</span> <span class='ocrx_word' id='word_1_12' title='bbox 974 349 1096 408; x_wconf 85' lang='lat' dir='ltr'>allectus</span> <span class='ocrx_word' id='word_1_13' title='bbox 1117 349 1227 410; x_wconf 86' lang='lat' dir='ltr'>valent.</span> 
     </span>
     <span class='ocr_line' id='line_1_3' title="bbox 178 431 1229 512; baseline -0.004 -16"><span class='ocrx_word' id='word_1_14' title='bbox 178 442 213 496; x_wconf 66' lang='grc' dir='ltr'><em>Ἃ</em></span> <span class='ocrx_word' id='word_1_15' title='bbox 220 431 292 492; x_wconf 90' lang='lat' dir='ltr'>Nam</span> <span class='ocrx_word' id='word_1_16' title='bbox 308 433 475 492; x_wconf 88' lang='lat' dir='ltr'>coniectura</span> <span class='ocrx_word' id='word_1_17' title='bbox 492 433 674 492; x_wconf 88' lang='lat' dir='ltr'>extrinsecus</span> <span class='ocrx_word' id='word_1_18' title='bbox 691 450 807 511; x_wconf 93' lang='lat' dir='ltr'>quoque</span> <span class='ocrx_word' id='word_1_19' title='bbox 821 431 959 492; x_wconf 90' lang='lat' dir='ltr'>adductas</span> <span class='ocrx_word' id='word_1_20' title='bbox 974 433 1145 511; x_wconf 84' lang='lat' dir='ltr'>frequenter</span> <span class='ocrx_word' id='word_1_21' title='bbox 1160 450 1229 512; x_wconf 92' lang='lat' dir='ltr'>pro·</span> 
     </span>
     <span class='ocr_line' id='line_1_4' title="bbox 220 515 1229 596; baseline 0.001 -20"><span class='ocrx_word' id='word_1_22' title='bbox 220 516 352 576; x_wconf 91' lang='lat' dir='ltr'>bationes</span> <span class='ocrx_word' id='word_1_23' title='bbox 368 515 456 576; x_wconf 89' lang='lat' dir='ltr'>habet</span> <span class='ocrx_word' id='word_1_24' title='bbox 472 524 502 574; x_wconf 92' lang='lat' dir='ltr'>et</span> <span class='ocrx_word' id='word_1_25' title='bbox 519 524 686 592; x_wconf 82' lang='lat' dir='ltr'>argumenta</span> <span class='ocrx_word' id='word_1_26' title='bbox 702 534 739 576; x_wconf 86' lang='lat' dir='ltr'>ex</span> <span class='ocrx_word' id='word_1_27' title='bbox 751 517 869 576; x_wconf 83' lang='lat' dir='ltr'>materia</span> <span class='ocrx_word' id='word_1_28' title='bbox 882 518 979 584; x_wconf 90' lang='lat' dir='ltr'>sumit;</span> <span class='ocrx_word' id='word_1_29' title='bbox 998 516 1084 595; x_wconf 92' lang='lat' dir='ltr'>quale</span> <span class='ocrx_word' id='word_1_30' title='bbox 1101 518 1229 596; x_wconf 90' lang='lat' dir='ltr'>quidque</span> 
     </span>
     <span class='ocr_line' id='line_1_5' title="bbox 219 599 1229 679; baseline 0.002 -21"><span class='ocrx_word' id='word_1_31' title='bbox 219 599 365 676; x_wconf 90' lang='lat' dir='ltr'>videatur,</span> <span class='ocrx_word' id='word_1_32' title='bbox 382 600 570 678; x_wconf 77' lang='lat' dir='ltr'>eloquentiae</span> <span class='ocrx_word' id='word_1_33' title='bbox 585 608 631 659; x_wconf 89' lang='lat' dir='ltr'>est</span> <span class='ocrx_word' id='word_1_34' title='bbox 647 617 735 678; x_wconf 91' lang='lat' dir='ltr'>opus;</span> <span class='ocrx_word' id='word_1_35' title='bbox 759 599 806 660; x_wconf 92' lang='lat' dir='ltr'>bic</span> <span class='ocrx_word' id='word_1_36' title='bbox 821 608 940 676; x_wconf 87' lang='lat' dir='ltr'>regnat,</span> <span class='ocrx_word' id='word_1_37' title='bbox 959 599 1006 659; x_wconf 87' lang='lat' dir='ltr'>bic</span> <span class='ocrx_word' id='word_1_38' title='bbox 1024 602 1162 679; x_wconf 90' lang='lat' dir='ltr'>imperat,</span> <span class='ocrx_word' id='word_1_39' title='bbox 1181 602 1229 660; x_wconf 87' lang='lat' dir='ltr'>bic</span> 
     </span>
     <span class='ocr_line' id='line_1_6' title="bbox 220 682 397 743; baseline 0 -1"><span class='ocrx_word' id='word_1_40' title='bbox 220 682 285 743; x_wconf 89' lang='lat' dir='ltr'>sola</span> <span class='ocrx_word' id='word_1_41' title='bbox 299 684 397 743; x_wconf 87' lang='lat' dir='ltr'>vincit.</span> 
     </span>
     <span class='ocr_line' id='line_1_7' title="bbox 282 765 1227 846; baseline 0.001 -19"><span class='ocrx_word' id='word_1_42' title='bbox 282 767 356 828; x_wconf 89' lang='lat' dir='ltr'>lluic</span> <span class='ocrx_word' id='word_1_43' title='bbox 368 768 443 846; x_wconf 85' lang='lat' dir='ltr'>parti</span> <span class='ocrx_word' id='word_1_44' title='bbox 455 766 600 844; x_wconf 84' lang='lat' dir='ltr'>subiungit</span> <span class='ocrx_word' id='word_1_45' title='bbox 607 765 763 842; x_wconf 81' lang='lat' dir='ltr'>Verginius</span> <span class='ocrx_word' id='word_1_46' title='bbox 773 785 876 827; x_wconf 79' lang='lat' dir='ltr'><strong>causas</strong></span> <span class='ocrx_word' id='word_1_47' title='bbox 889 767 1094 844; x_wconf 78' lang='lat' dir='ltr'>abdicationis,</span> <span class='ocrx_word' id='word_1_48' title='bbox 1110 768 1227 828; x_wconf 92' lang='lat' dir='ltr'>demen-</span> 
     </span>
     <span class='ocr_line' id='line_1_8' title="bbox 219 849 1228 930; baseline 0 -19"><span class='ocrx_word' id='word_1_49' title='bbox 219 851 294 926; x_wconf 91' lang='lat' dir='ltr'>tiae,</span> <span class='ocrx_word' id='word_1_50' title='bbox 310 850 404 911; x_wconf 91' lang='lat' dir='ltr'>malae</span> <span class='ocrx_word' id='word_1_51' title='bbox 417 851 612 925; x_wconf 77' lang='lat' dir='ltr'>tractationis,</span> <span class='ocrx_word' id='word_1_52' title='bbox 630 849 764 909; x_wconf 92' lang='lat' dir='ltr'>orbarum</span> <span class='ocrx_word' id='word_1_53' title='bbox 775 853 889 930; x_wconf 87' lang='lat' dir='ltr'>nuptias</span> <span class='ocrx_word' id='word_1_54' title='bbox 900 850 1092 911; x_wconf 77' lang='lat' dir='ltr'>indicantium.</span> <span class='ocrx_word' id='word_1_55' title='bbox 1112 851 1185 911; x_wconf 88' lang='lat' dir='ltr'>Nam</span> <span class='ocrx_word' id='word_1_56' title='bbox 1198 861 1228 911; x_wconf 87' lang='lat' dir='ltr'>et</span> 
     </span>
     <span class='ocr_line' id='line_1_9' title="bbox 219 934 1227 1014; baseline 0.003 -20"><span class='ocrx_word' id='word_1_57' title='bbox 219 936 283 994; x_wconf 89' lang='lat' dir='ltr'>lere</span> <span class='ocrx_word' id='word_1_58' title='bbox 299 936 344 995; x_wconf 88' lang='lat' dir='ltr'>sic</span> <span class='ocrx_word' id='word_1_59' title='bbox 358 935 479 1010; x_wconf 88' lang='lat' dir='ltr'>accidit,</span> <span class='ocrx_word' id='word_1_60' title='bbox 496 935 661 1010; x_wconf 86' lang='lat' dir='ltr'>inventique</span> <span class='ocrx_word' id='word_1_61' title='bbox 679 943 760 1010; x_wconf 90' lang='lat' dir='ltr'>sunt,</span> <span class='ocrx_word' id='word_1_62' title='bbox 779 937 828 1012; x_wconf 95' lang='lat' dir='ltr'>qui</span> <span class='ocrx_word' id='word_1_63' title='bbox 843 934 895 995; x_wconf 92' lang='lat' dir='ltr'>bas</span> <span class='ocrx_word' id='word_1_64' title='bbox 910 937 1044 996; x_wconf 88' lang='lat' dir='ltr'>materias</span> <span class='ocrx_word' id='word_1_65' title='bbox 1056 936 1227 1014; x_wconf 73' lang='lat' dir='ltr'>officiorum</span> 
     </span>
     <span class='ocr_line' id='line_1_10' title="bbox 176 1017 1227 1098; baseline 0.007 -26"><span class='ocrx_word' id='word_1_66' title='bbox 176 1021 369 1079; x_wconf 68' lang='lat' dir='ltr'>advocarent.</span> <span class='ocrx_word' id='word_1_67' title='bbox 408 1017 467 1078; x_wconf 90' lang='lat' dir='ltr'>Sed</span> <span class='ocrx_word' id='word_1_68' title='bbox 482 1018 556 1077; x_wconf 88' lang='lat' dir='ltr'>alios</span> <span class='ocrx_word' id='word_1_69' title='bbox 573 1034 689 1096; x_wconf 94' lang='lat' dir='ltr'>quoque</span> <span class='ocrx_word' id='word_1_70' title='bbox 703 1034 904 1096; x_wconf 91' lang='lat' dir='ltr'>nonnunquam</span> <span class='ocrx_word' id='word_1_71' title='bbox 919 1018 1003 1096; x_wconf 83' lang='lat' dir='ltr'>leges</span> <span class='ocrx_word' id='word_1_72' title='bbox 1015 1019 1070 1080; x_wconf 90' lang='lat' dir='ltr'>hae</span> <span class='ocrx_word' id='word_1_73' title='bbox 1083 1021 1227 1098; x_wconf 90' lang='lat' dir='ltr'>recipiunt</span> 
     </span>
     <span class='ocr_line' id='line_1_11' title="bbox 219 1100 1226 1182; baseline 0 -20"><span class='ocrx_word' id='word_1_74' title='bbox 219 1112 321 1162; x_wconf 89' lang='lat' dir='ltr'>status.</span> <span class='ocrx_word' id='word_1_75' title='bbox 362 1100 435 1162; x_wconf 90' lang='lat' dir='ltr'>Nam</span> <span class='ocrx_word' id='word_1_76' title='bbox 451 1110 480 1160; x_wconf 90' lang='lat' dir='ltr'>et</span> <span class='ocrx_word' id='word_1_77' title='bbox 496 1103 664 1162; x_wconf 92' lang='lat' dir='ltr'>coniectura</span> <span class='ocrx_word' id='word_1_78' title='bbox 680 1111 726 1161; x_wconf 91' lang='lat' dir='ltr'>est</span> <span class='ocrx_word' id='word_1_79' title='bbox 741 1100 893 1180; x_wconf 89' lang='lat' dir='ltr'>aliquando</span> <span class='ocrx_word' id='word_1_80' title='bbox 908 1104 936 1161; x_wconf 94' lang='lat' dir='ltr'>in</span> <span class='ocrx_word' id='word_1_81' title='bbox 947 1102 1096 1182; x_wconf 91' lang='lat' dir='ltr'>plerisque</span> <span class='ocrx_word' id='word_1_82' title='bbox 1112 1102 1226 1178; x_wconf 92' lang='lat' dir='ltr'>borum,</span> 
     </span>
     <span class='ocr_line' id='line_1_12' title="bbox 220 1186 1225 1247; baseline 0.001 -2"><span class='ocrx_word' id='word_1_83' title='bbox 220 1205 283 1246; x_wconf 91' lang='lat' dir='ltr'>cum</span> <span class='ocrx_word' id='word_1_84' title='bbox 309 1205 342 1246; x_wconf 89' lang='lat' dir='ltr'>se</span> <span class='ocrx_word' id='word_1_85' title='bbox 364 1186 413 1246; x_wconf 87' lang='lat' dir='ltr'>vel</span> <span class='ocrx_word' id='word_1_86' title='bbox 433 1202 491 1247; x_wconf 93' lang='lat' dir='ltr'>non</span> <span class='ocrx_word' id='word_1_87' title='bbox 512 1186 620 1246; x_wconf 86' lang='lat' dir='ltr'>fecisse</span> <span class='ocrx_word' id='word_1_88' title='bbox 636 1186 686 1246; x_wconf 86' lang='lat' dir='ltr'>vel</span> <span class='ocrx_word' id='word_1_89' title='bbox 702 1186 778 1246; x_wconf 88' lang='lat' dir='ltr'>bona</span> <span class='ocrx_word' id='word_1_90' title='bbox 795 1195 891 1245; x_wconf 88' lang='lat' dir='ltr'>mente</span> <span class='ocrx_word' id='word_1_91' title='bbox 907 1187 1016 1246; x_wconf 82' lang='lat' dir='ltr'>fecisse</span> <span class='ocrx_word' id='word_1_92' title='bbox 1040 1187 1225 1247; x_wconf 89' lang='lat' dir='ltr'>contendunt.</span> 
     </span>
     <span class='ocr_line' id='line_1_13' title="bbox 220 1267 1227 1350; baseline 0.002 -22"><span class='ocrx_word' id='word_1_93' title='bbox 220 1267 307 1330; x_wconf 83' lang='lat' dir='ltr'>Cuius</span> <span class='ocrx_word' id='word_1_94' title='bbox 329 1272 447 1348; x_wconf 86' lang='lat' dir='ltr'>generis</span> <span class='ocrx_word' id='word_1_95' title='bbox 465 1270 599 1350; x_wconf 85' lang='lat' dir='ltr'>exempla</span> <span class='ocrx_word' id='word_1_96' title='bbox 615 1279 681 1329; x_wconf 91' lang='lat' dir='ltr'>sunt</span> <span class='ocrx_word' id='word_1_97' title='bbox 693 1269 790 1330; x_wconf 88' lang='lat' dir='ltr'>multa.</span> <span class='ocrx_word' id='word_1_98' title='bbox 835 1269 872 1329; x_wconf 88' lang='lat' dir='ltr'>Et</span> <span class='ocrx_word' id='word_1_99' title='bbox 888 1270 955 1349; x_wconf 95' lang='lat' dir='ltr'>quid</span> <span class='ocrx_word' id='word_1_100' title='bbox 975 1273 1012 1330; x_wconf 92' lang='lat' dir='ltr'>sit</span> <span class='ocrx_word' id='word_1_101' title='bbox 1028 1270 1171 1331; x_wconf 88' lang='lat' dir='ltr'>dementia</span> <span class='ocrx_word' id='word_1_102' title='bbox 1191 1289 1227 1330; x_wconf 93' lang='lat' dir='ltr'>ac</span> 
     </span>
     <span class='ocr_line' id='line_1_14' title="bbox 218 1353 1227 1434; baseline 0.003 -22"><span class='ocrx_word' id='word_1_103' title='bbox 218 1353 292 1414; x_wconf 89' lang='lat' dir='ltr'>mala</span> <span class='ocrx_word' id='word_1_104' title='bbox 306 1355 457 1430; x_wconf 91' lang='lat' dir='ltr'>tractatio,</span> <span class='ocrx_word' id='word_1_105' title='bbox 471 1355 574 1415; x_wconf 88' lang='lat' dir='ltr'>linitur.</span> <span class='ocrx_word' id='word_1_106' title='bbox 593 1353 665 1413; x_wconf 89' lang='lat' dir='ltr'>Nam</span> <span class='ocrx_word' id='word_1_107' title='bbox 677 1356 761 1431; x_wconf 86' lang='lat' dir='ltr'>leges</span> <span class='ocrx_word' id='word_1_108' title='bbox 773 1355 842 1413; x_wconf 88' lang='lat' dir='ltr'>iuris</span> <span class='ocrx_word' id='word_1_109' title='bbox 855 1354 1026 1434; x_wconf 93' lang='lat' dir='ltr'>plerumque</span> <span class='ocrx_word' id='word_1_110' title='bbox 1038 1357 1227 1434; x_wconf 86' lang='lat' dir='ltr'>quaestiones</span> 
     </span>
     <span class='ocr_line' id='line_1_15' title="bbox 176 1438 1228 1516; baseline 0.001 -18"><span class='ocrx_word' id='word_1_111' title='bbox 176 1446 412 1516; x_wconf 73' lang='lat' dir='ltr'>repraesumere</span> <span class='ocrx_word' id='word_1_112' title='bbox 424 1438 536 1514; x_wconf 86' lang='lat' dir='ltr'>solent,</span> <span class='ocrx_word' id='word_1_113' title='bbox 550 1447 579 1498; x_wconf 92' lang='lat' dir='ltr'>et</span> <span class='ocrx_word' id='word_1_114' title='bbox 591 1438 742 1516; x_wconf 88' lang='lat' dir='ltr'>exquibus</span> <span class='ocrx_word' id='word_1_115' title='bbox 756 1456 863 1498; x_wconf 90' lang='lat' dir='ltr'>causae</span> <span class='ocrx_word' id='word_1_116' title='bbox 875 1455 932 1498; x_wconf 92' lang='lat' dir='ltr'>non</span> <span class='ocrx_word' id='word_1_117' title='bbox 944 1439 993 1499; x_wconf 89' lang='lat' dir='ltr'>liat</span> <span class='ocrx_word' id='word_1_118' title='bbox 1003 1448 1104 1499; x_wconf 89' lang='lat' dir='ltr'>status.</span> <span class='ocrx_word' id='word_1_119' title='bbox 1141 1438 1228 1512; x_wconf 83' lang='lat' dir='ltr'>Quod</span> 
     </span>
     <span class='ocr_line' id='line_1_16' title="bbox 218 1522 1227 1600; baseline 0 -18"><span class='ocrx_word' id='word_1_120' title='bbox 218 1531 314 1582; x_wconf 91' lang='lat' dir='ltr'>tamen</span> <span class='ocrx_word' id='word_1_121' title='bbox 335 1523 416 1583; x_wconf 89' lang='lat' dir='ltr'>facto</span> <span class='ocrx_word' id='word_1_122' title='bbox 438 1522 556 1583; x_wconf 88' lang='lat' dir='ltr'>defendi</span> <span class='ocrx_word' id='word_1_123' title='bbox 576 1538 634 1581; x_wconf 93' lang='lat' dir='ltr'>nou</span> <span class='ocrx_word' id='word_1_124' title='bbox 659 1523 782 1600; x_wconf 89' lang='lat' dir='ltr'>poterit,</span> <span class='ocrx_word' id='word_1_125' title='bbox 810 1524 873 1581; x_wconf 88' lang='lat' dir='ltr'>iure</span> <span class='ocrx_word' id='word_1_126' title='bbox 894 1525 1016 1583; x_wconf 86' lang='lat' dir='ltr'>nitetur:</span> <span class='ocrx_word' id='word_1_127' title='bbox 1048 1532 1076 1582; x_wconf 92' lang='lat' dir='ltr'>et</span> <span class='ocrx_word' id='word_1_128' title='bbox 1101 1531 1173 1600; x_wconf 94' lang='lat' dir='ltr'>quot</span> <span class='ocrx_word' id='word_1_129' title='bbox 1198 1532 1227 1582; x_wconf 91' lang='lat' dir='ltr'>et</span> 
     </span>
     <span class='ocr_line' id='line_1_17' title="bbox 220 1605 1227 1685; baseline 0.002 -21"><span class='ocrx_word' id='word_1_130' title='bbox 220 1605 323 1683; x_wconf 92' lang='lat' dir='ltr'>quibus</span> <span class='ocrx_word' id='word_1_131' title='bbox 346 1608 441 1666; x_wconf 88' lang='lat' dir='ltr'>causis</span> <span class='ocrx_word' id='word_1_132' title='bbox 457 1606 592 1666; x_wconf 88' lang='lat' dir='ltr'>abdicare</span> <span class='ocrx_word' id='word_1_133' title='bbox 607 1623 665 1664; x_wconf 94' lang='lat' dir='ltr'>non</span> <span class='ocrx_word' id='word_1_134' title='bbox 685 1607 790 1681; x_wconf 90' lang='lat' dir='ltr'>liceat,</span> <span class='ocrx_word' id='word_1_135' title='bbox 815 1615 843 1665; x_wconf 90' lang='grc' dir='ltr'><strong>ει</strong></span> <span class='ocrx_word' id='word_1_136' title='bbox 863 1608 891 1664; x_wconf 92' lang='lat' dir='ltr'>in</span> <span class='ocrx_word' id='word_1_137' title='bbox 909 1625 984 1685; x_wconf 88' lang='lat' dir='ltr'>quae</span> <span class='ocrx_word' id='word_1_138' title='bbox 1000 1607 1116 1666; x_wconf 90' lang='lat' dir='ltr'>crimina</span> <span class='ocrx_word' id='word_1_139' title='bbox 1131 1607 1227 1666; x_wconf 89' lang='lat' dir='ltr'>malae</span> 
     </span>
     <span class='ocr_line' id='line_1_18' title="bbox 202 1689 1227 1764; baseline 0.002 -17"><span class='ocrx_word' id='word_1_140' title='bbox 202 1690 398 1749; x_wconf 81' lang='lat' dir='ltr'>tractationis</span> <span class='ocrx_word' id='word_1_141' title='bbox 422 1692 498 1750; x_wconf 90' lang='lat' dir='ltr'>actio</span> <span class='ocrx_word' id='word_1_142' title='bbox 521 1707 578 1748; x_wconf 91' lang='lat' dir='ltr'>non</span> <span class='ocrx_word' id='word_1_143' title='bbox 599 1689 699 1764; x_wconf 88' lang='lat' dir='ltr'>detur,</span> <span class='ocrx_word' id='word_1_144' title='bbox 723 1699 752 1749; x_wconf 94' lang='lat' dir='ltr'>et</span> <span class='ocrx_word' id='word_1_145' title='bbox 768 1691 814 1750; x_wconf 89' lang='lat' dir='ltr'>cui</span> <span class='ocrx_word' id='word_1_146' title='bbox 835 1707 975 1750; x_wconf 86' lang='lat' dir='ltr'>accusare</span> <span class='ocrx_word' id='word_1_147' title='bbox 991 1689 1152 1749; x_wconf 90' lang='lat' dir='ltr'>dementiae</span> <span class='ocrx_word' id='word_1_148' title='bbox 1168 1708 1227 1750; x_wconf 91' lang='lat' dir='ltr'>uon</span> 
     </span>
     <span class='ocr_line' id='line_1_19' title="bbox 176 1773 1226 1850; baseline 0 -17"><span class='ocrx_word' id='word_1_149' title='bbox 176 1774 408 1850; x_wconf 75' lang='lat' dir='ltr'>bipermittatur.</span> <span class='ocrx_word' id='word_1_150' title='bbox 443 1773 666 1834; x_wconf 85' lang='lat' dir='ltr'>Abdicatiouum</span> <span class='ocrx_word' id='word_1_151' title='bbox 681 1773 792 1834; x_wconf 84' lang='lat' dir='ltr'>formae</span> <span class='ocrx_word' id='word_1_152' title='bbox 808 1783 874 1834; x_wconf 91' lang='lat' dir='ltr'>sunt</span> <span class='ocrx_word' id='word_1_153' title='bbox 888 1773 976 1834; x_wconf 91' lang='lat' dir='ltr'>duae:</span> <span class='ocrx_word' id='word_1_154' title='bbox 995 1773 1087 1834; x_wconf 91' lang='lat' dir='ltr'>altera</span> <span class='ocrx_word' id='word_1_155' title='bbox 1101 1776 1226 1834; x_wconf 86' lang='lat' dir='ltr'>criminis</span> 
     </span>
     <span class='ocr_line' id='line_1_20' title="bbox 218 1856 1224 1936; baseline 0 -20"><span class='ocrx_word' id='word_1_156' title='bbox 218 1857 360 1934; x_wconf 85' lang='lat' dir='ltr'>perlecti,</span> <span class='ocrx_word' id='word_1_157' title='bbox 380 1865 411 1917; x_wconf 92' lang='lat' dir='ltr'>ut</span> <span class='ocrx_word' id='word_1_158' title='bbox 433 1858 459 1916; x_wconf 88' lang='lat' dir='ltr'>si</span> <span class='ocrx_word' id='word_1_159' title='bbox 483 1856 633 1917; x_wconf 91' lang='lat' dir='ltr'>abdicetur</span> <span class='ocrx_word' id='word_1_160' title='bbox 654 1867 771 1935; x_wconf 88' lang='lat' dir='ltr'>raptor,</span> <span class='ocrx_word' id='word_1_161' title='bbox 794 1857 921 1926; x_wconf 92' lang='lat' dir='ltr'>adulter;</span> <span class='ocrx_word' id='word_1_162' title='bbox 952 1858 1043 1918; x_wconf 90' lang='lat' dir='ltr'>altera</span> <span class='ocrx_word' id='word_1_163' title='bbox 1058 1858 1140 1918; x_wconf 88' lang='lat' dir='ltr'>velut</span> <span class='ocrx_word' id='word_1_164' title='bbox 1155 1876 1224 1936; x_wconf 91' lang='lat' dir='ltr'>pen·</span> 
     </span>
     <span class='ocr_line' id='line_1_21' title="bbox 218 1939 1225 2020; baseline 0.001 -21"><span class='ocrx_word' id='word_1_165' title='bbox 218 1939 312 2000; x_wconf 91' lang='lat' dir='ltr'>dentis</span> <span class='ocrx_word' id='word_1_166' title='bbox 335 1951 364 2001; x_wconf 94' lang='lat' dir='ltr'>et</span> <span class='ocrx_word' id='word_1_167' title='bbox 381 1940 475 2000; x_wconf 92' lang='lat' dir='ltr'>adbuc</span> <span class='ocrx_word' id='word_1_168' title='bbox 489 1942 518 2000; x_wconf 91' lang='lat' dir='ltr'>in</span> <span class='ocrx_word' id='word_1_169' title='bbox 534 1941 705 2001; x_wconf 89' lang='lat' dir='ltr'>condicione</span> <span class='ocrx_word' id='word_1_170' title='bbox 720 1942 824 2020; x_wconf 89' lang='lat' dir='ltr'>positi,</span> <span class='ocrx_word' id='word_1_171' title='bbox 845 1943 947 2020; x_wconf 90' lang='lat' dir='ltr'>quales</span> <span class='ocrx_word' id='word_1_172' title='bbox 968 1951 1051 2016; x_wconf 86' lang='lat' dir='ltr'>sunt,</span> <span class='ocrx_word' id='word_1_173' title='bbox 1073 1943 1101 2000; x_wconf 92' lang='lat' dir='ltr'>in</span> <span class='ocrx_word' id='word_1_174' title='bbox 1123 1941 1225 2020; x_wconf 92' lang='lat' dir='ltr'>quibus</span> 
     </span>
     <span class='ocr_line' id='line_1_22' title="bbox 218 2023 1227 2104; baseline 0.003 -21"><span class='ocrx_word' id='word_1_175' title='bbox 218 2023 366 2084; x_wconf 90' lang='lat' dir='ltr'>abdicatur</span> <span class='ocrx_word' id='word_1_176' title='bbox 381 2024 475 2100; x_wconf 89' lang='lat' dir='ltr'>lilius,</span> <span class='ocrx_word' id='word_1_177' title='bbox 494 2026 560 2103; x_wconf 92' lang='lat' dir='ltr'>quia</span> <span class='ocrx_word' id='word_1_178' title='bbox 575 2041 632 2084; x_wconf 93' lang='lat' dir='ltr'>non</span> <span class='ocrx_word' id='word_1_179' title='bbox 647 2035 749 2103; x_wconf 92' lang='lat' dir='ltr'>pareat</span> <span class='ocrx_word' id='word_1_180' title='bbox 764 2026 848 2104; x_wconf 90' lang='lat' dir='ltr'>patri.</span> <span class='ocrx_word' id='word_1_181' title='bbox 893 2026 946 2086; x_wconf 88' lang='lat' dir='ltr'>llla</span> <span class='ocrx_word' id='word_1_182' title='bbox 960 2044 1077 2104; x_wconf 86' lang='lat' dir='ltr'>semper</span> <span class='ocrx_word' id='word_1_183' title='bbox 1092 2043 1227 2104; x_wconf 89' lang='lat' dir='ltr'>asperam</span> 
     </span>
     <span class='ocr_line' id='line_1_23' title="bbox 218 2107 1226 2188; baseline 0.001 -21"><span class='ocrx_word' id='word_1_184' title='bbox 218 2107 376 2168; x_wconf 86' lang='lat' dir='ltr'>abdicantis</span> <span class='ocrx_word' id='word_1_185' title='bbox 392 2110 536 2168; x_wconf 85' lang='lat' dir='ltr'>actionem</span> <span class='ocrx_word' id='word_1_186' title='bbox 550 2108 652 2178; x_wconf 87' lang='lat' dir='ltr'>babet;</span> <span class='ocrx_word' id='word_1_187' title='bbox 668 2109 843 2171; x_wconf 89' lang='lat' dir='ltr'>immutabile</span> <span class='ocrx_word' id='word_1_188' title='bbox 859 2118 903 2170; x_wconf 90' lang='lat' dir='ltr'>est</span> <span class='ocrx_word' id='word_1_189' title='bbox 919 2112 1010 2186; x_wconf 91' lang='lat' dir='ltr'>euim,</span> <span class='ocrx_word' id='word_1_190' title='bbox 1027 2109 1104 2188; x_wconf 95' lang='lat' dir='ltr'>quod</span> <span class='ocrx_word' id='word_1_191' title='bbox 1119 2111 1226 2171; x_wconf 84' lang='lat' dir='ltr'>iactum</span> 
     </span>
     <span class='ocr_line' id='line_1_24' title="bbox 219 2191 1227 2272; baseline 0.001 -22"><span class='ocrx_word' id='word_1_192' title='bbox 219 2201 281 2260; x_wconf 89' lang='lat' dir='ltr'>est;</span> <span class='ocrx_word' id='word_1_193' title='bbox 311 2191 386 2253; x_wconf 91' lang='lat' dir='ltr'>haec</span> <span class='ocrx_word' id='word_1_194' title='bbox 413 2211 450 2252; x_wconf 85' lang='lat' dir='ltr'>eu</span> <span class='ocrx_word' id='word_1_195' title='bbox 476 2202 560 2272; x_wconf 89' lang='lat' dir='ltr'>parte</span> <span class='ocrx_word' id='word_1_196' title='bbox 586 2193 718 2253; x_wconf 88' lang='lat' dir='ltr'>blandam</span> <span class='ocrx_word' id='word_1_197' title='bbox 742 2203 771 2253; x_wconf 90' lang='lat' dir='ltr'>et</span> <span class='ocrx_word' id='word_1_198' title='bbox 798 2194 928 2254; x_wconf 90' lang='lat' dir='ltr'>suadenti</span> <span class='ocrx_word' id='word_1_199' title='bbox 954 2193 1091 2262; x_wconf 83' lang='lat' dir='ltr'>similem3</span> <span class='ocrx_word' id='word_1_200' title='bbox 1118 2192 1227 2253; x_wconf 89' lang='lat' dir='ltr'>mavult</span> 
     </span>
     <span class='ocr_line' id='line_1_25' title="bbox 219 2277 1226 2356; baseline 0 -21"><span class='ocrx_word' id='word_1_201' title='bbox 219 2277 293 2335; x_wconf 91' lang='lat' dir='ltr'>enim</span> <span class='ocrx_word' id='word_1_202' title='bbox 309 2285 394 2354; x_wconf 92' lang='lat' dir='ltr'>pater</span> <span class='ocrx_word' id='word_1_203' title='bbox 408 2279 560 2354; x_wconf 81' lang='lat' dir='ltr'>corrigere</span> <span class='ocrx_word' id='word_1_204' title='bbox 577 2295 661 2356; x_wconf 93' lang='lat' dir='ltr'>quam</span> <span class='ocrx_word' id='word_1_205' title='bbox 680 2277 828 2346; x_wconf 88' lang='lat' dir='ltr'>abdicare;</span> <span class='ocrx_word' id='word_1_206' title='bbox 853 2287 882 2337; x_wconf 92' lang='lat' dir='ltr'>at</span> <span class='ocrx_word' id='word_1_207' title='bbox 900 2295 954 2356; x_wconf 95' lang='lat' dir='ltr'>pro</span> <span class='ocrx_word' id='word_1_208' title='bbox 971 2278 1037 2337; x_wconf 85' lang='lat' dir='ltr'>filiis</span> <span class='ocrx_word' id='word_1_209' title='bbox 1053 2279 1082 2336; x_wconf 90' lang='lat' dir='ltr'>iu</span> <span class='ocrx_word' id='word_1_210' title='bbox 1100 2287 1226 2355; x_wconf 90' lang='lat' dir='ltr'>utroque</span> 
     </span>
     <span class='ocr_line' id='line_1_26' title="bbox 174 2361 1225 2441; baseline -0.003 -19"><span class='ocrx_word' id='word_1_211' title='bbox 174 2367 329 2438; x_wconf 62' lang='lat' dir='ltr'>fflgeuere</span> <span class='ocrx_word' id='word_1_212' title='bbox 345 2363 524 2422; x_wconf 90' lang='lat' dir='ltr'>summissam</span> <span class='ocrx_word' id='word_1_213' title='bbox 539 2370 569 2421; x_wconf 91' lang='lat' dir='ltr'>et</span> <span class='ocrx_word' id='word_1_214' title='bbox 584 2362 619 2421; x_wconf 92' lang='lat' dir='ltr'>ad</span> <span class='ocrx_word' id='word_1_215' title='bbox 635 2361 868 2422; x_wconf 83' lang='lat' dir='ltr'>satisfaciendum</span> <span class='ocrx_word' id='word_1_216' title='bbox 882 2363 1079 2441; x_wconf 89' lang='lat' dir='ltr'>compositam.</span> <span class='ocrx_word' id='word_1_217' title='bbox 1125 2361 1152 2420; x_wconf 90' lang='grc' dir='ltr'>Α</span> <span class='ocrx_word' id='word_1_218' title='bbox 1168 2378 1225 2440; x_wconf 93' lang='lat' dir='ltr'>quo</span> 
     </span>
     <span class='ocr_line' id='line_1_27' title="bbox 218 2443 1226 2524; baseline -0.001 -20"><span class='ocrx_word' id='word_1_219' title='bbox 218 2445 402 2505; x_wconf 84' lang='lat' dir='ltr'>dissensuros</span> <span class='ocrx_word' id='word_1_220' title='bbox 425 2447 506 2522; x_wconf 88' lang='lat' dir='ltr'>scio,</span> <span class='ocrx_word' id='word_1_221' title='bbox 536 2448 584 2523; x_wconf 90' lang='lat' dir='ltr'>qui</span> <span class='ocrx_word' id='word_1_222' title='bbox 606 2445 731 2506; x_wconf 92' lang='lat' dir='ltr'>libenter</span> <span class='ocrx_word' id='word_1_223' title='bbox 755 2455 854 2524; x_wconf 90' lang='lat' dir='ltr'>patres</span> <span class='ocrx_word' id='word_1_224' title='bbox 881 2447 973 2523; x_wconf 83' lang='lat' dir='ltr'>figura</span> <span class='ocrx_word' id='word_1_225' title='bbox 993 2445 1124 2512; x_wconf 85' lang='lat' dir='ltr'>laedunt;</span> <span class='ocrx_word' id='word_1_226' title='bbox 1148 2443 1226 2522; x_wconf 92' lang='lat' dir='ltr'>quod</span> 
     </span>
     <span class='ocr_line' id='line_1_28' title="bbox 218 2529 1226 2608; baseline 0 -21"><span class='ocrx_word' id='word_1_227' title='bbox 218 2545 276 2588; x_wconf 93' lang='lat' dir='ltr'>non</span> <span class='ocrx_word' id='word_1_228' title='bbox 291 2531 383 2589; x_wconf 91' lang='lat' dir='ltr'>ausim</span> <span class='ocrx_word' id='word_1_229' title='bbox 396 2529 498 2589; x_wconf 91' lang='lat' dir='ltr'>dicere</span> <span class='ocrx_word' id='word_1_230' title='bbox 516 2547 660 2608; x_wconf 93' lang='lat' dir='ltr'>uunquam</span> <span class='ocrx_word' id='word_1_231' title='bbox 677 2548 744 2590; x_wconf 87' lang='lat' dir='ltr'>esse</span> <span class='ocrx_word' id='word_1_232' title='bbox 764 2529 942 2605; x_wconf 86' lang='lat' dir='ltr'>iaciendum,</span> <span class='ocrx_word' id='word_1_233' title='bbox 964 2539 1063 2608; x_wconf 90' lang='lat' dir='ltr'>potest</span> <span class='ocrx_word' id='word_1_234' title='bbox 1079 2530 1153 2588; x_wconf 92' lang='lat' dir='ltr'>euim</span> <span class='ocrx_word' id='word_1_235' title='bbox 1166 2546 1226 2587; x_wconf 89' lang='lat' dir='ltr'>ma·</span> 
     </span>
     <span class='ocr_line' id='line_1_29' title="bbox 218 2612 1225 2691; baseline 0 -21"><span class='ocrx_word' id='word_1_236' title='bbox 218 2613 291 2672; x_wconf 89' lang='lat' dir='ltr'>teria</span> <span class='ocrx_word' id='word_1_237' title='bbox 306 2612 452 2688; x_wconf 90' lang='lat' dir='ltr'>incidere,</span> <span class='ocrx_word' id='word_1_238' title='bbox 471 2631 546 2691; x_wconf 92' lang='lat' dir='ltr'>quae</span> <span class='ocrx_word' id='word_1_239' title='bbox 557 2612 615 2672; x_wconf 88' lang='lat' dir='ltr'>hoc</span> <span class='ocrx_word' id='word_1_240' title='bbox 628 2616 741 2690; x_wconf 63' lang='lat' dir='ltr'>exigam</span> <span class='ocrx_word' id='word_1_241' title='bbox 759 2622 841 2673; x_wconf 93' lang='lat' dir='ltr'>certe</span> <span class='ocrx_word' id='word_1_242' title='bbox 855 2613 1000 2672; x_wconf 89' lang='lat' dir='ltr'>vitandum</span> <span class='ocrx_word' id='word_1_243' title='bbox 1011 2622 1073 2688; x_wconf 90' lang='lat' dir='ltr'>est,</span> <span class='ocrx_word' id='word_1_244' title='bbox 1091 2614 1225 2691; x_wconf 90' lang='lat' dir='ltr'>quotiens</span> 
     </span>
     <span class='ocr_line' id='line_1_30' title="bbox 175 2695 1227 2774; baseline -0.002 -17"><span class='ocrx_word' id='word_1_245' title='bbox 175 2702 209 2757; x_wconf 73' lang='lat'>29</span> <span class='ocrx_word' id='word_1_246' title='bbox 219 2695 303 2755; x_wconf 92' lang='lat' dir='ltr'>aliter</span> <span class='ocrx_word' id='word_1_247' title='bbox 317 2698 364 2773; x_wconf 83' lang='lat' dir='ltr'>agi</span> <span class='ocrx_word' id='word_1_248' title='bbox 380 2705 488 2774; x_wconf 92' lang='lat' dir='ltr'>potest.</span> <span class='ocrx_word' id='word_1_249' title='bbox 521 2696 581 2757; x_wconf 87' lang='lat' dir='ltr'>Sed</span> <span class='ocrx_word' id='word_1_250' title='bbox 596 2695 633 2756; x_wconf 98' lang='lat' dir='ltr'>de</span> <span class='ocrx_word' id='word_1_251' title='bbox 649 2698 748 2774; x_wconf 88' lang='lat' dir='ltr'>liguris</span> <span class='ocrx_word' id='word_1_252' title='bbox 765 2697 822 2757; x_wconf 91' lang='lat' dir='ltr'>alio</span> <span class='ocrx_word' id='word_1_253' title='bbox 837 2697 912 2756; x_wconf 94' lang='lat' dir='ltr'>libro</span> <span class='ocrx_word' id='word_1_254' title='bbox 927 2697 1122 2757; x_wconf 88' lang='lat' dir='ltr'>tractabimus.</span> <span class='ocrx_word' id='word_1_255' title='bbox 1160 2695 1227 2755; x_wconf 88' lang='lat' dir='ltr'>Non</span> 
     </span>
     <span class='ocr_line' id='line_1_31' title="bbox 219 2780 1226 2841; baseline 0.002 -3"><span class='ocrx_word' id='word_1_256' title='bbox 219 2780 372 2838; x_wconf 89' lang='lat' dir='ltr'>dissimiles</span> <span class='ocrx_word' id='word_1_257' title='bbox 394 2788 489 2839; x_wconf 88' lang='lat' dir='ltr'>autem</span> <span class='ocrx_word' id='word_1_258' title='bbox 512 2781 722 2840; x_wconf 90' lang='lat' dir='ltr'>abdicationum</span> <span class='ocrx_word' id='word_1_259' title='bbox 740 2780 902 2841; x_wconf 90' lang='lat' dir='ltr'>actionibus</span> <span class='ocrx_word' id='word_1_260' title='bbox 922 2789 988 2841; x_wconf 90' lang='lat' dir='ltr'>suut</span> <span class='ocrx_word' id='word_1_261' title='bbox 1008 2780 1102 2840; x_wconf 88' lang='lat' dir='ltr'>malae</span> <span class='ocrx_word' id='word_1_262' title='bbox 1120 2789 1226 2840; x_wconf 89' lang='lat' dir='ltr'>tracta·</span> 
     </span>
     <span class='ocr_line' id='line_1_32' title="bbox 218 2863 1226 2943; baseline 0.001 -22"><span class='ocrx_word' id='word_1_263' title='bbox 218 2863 304 2922; x_wconf 90' lang='lat' dir='ltr'>tionis</span> <span class='ocrx_word' id='word_1_264' title='bbox 320 2865 467 2932; x_wconf 89' lang='lat' dir='ltr'>actiones;</span> <span class='ocrx_word' id='word_1_265' title='bbox 492 2873 601 2924; x_wconf 91' lang='lat' dir='ltr'>namet</span> <span class='ocrx_word' id='word_1_266' title='bbox 622 2866 704 2943; x_wconf 90' lang='lat' dir='ltr'>ipsae</span> <span class='ocrx_word' id='word_1_267' title='bbox 719 2865 825 2925; x_wconf 90' lang='lat' dir='ltr'>babent</span> <span class='ocrx_word' id='word_1_268' title='bbox 847 2864 966 2924; x_wconf 86' lang='lat' dir='ltr'>eandem</span> <span class='ocrx_word' id='word_1_269' title='bbox 985 2866 1014 2923; x_wconf 93' lang='lat' dir='ltr'>iu</span> <span class='ocrx_word' id='word_1_270' title='bbox 1034 2864 1226 2923; x_wconf 88' lang='lat' dir='ltr'>accusationi·</span> 
     </span>
     <span class='ocr_line' id='line_1_33' title="bbox 217 2945 1227 3027; baseline 0.001 -22"><span class='ocrx_word' id='word_1_271' title='bbox 217 2945 271 3005; x_wconf 89' lang='lat' dir='ltr'>bus</span> <span class='ocrx_word' id='word_1_272' title='bbox 295 2947 533 3008; x_wconf 89' lang='lat' dir='ltr'>moderationem.</span> <span class='ocrx_word' id='word_1_273' title='bbox 582 2947 753 3009; x_wconf 90' lang='lat' dir='ltr'>Dementiae</span> <span class='ocrx_word' id='word_1_274' title='bbox 777 2966 894 3027; x_wconf 94' lang='lat' dir='ltr'>quoque</span> <span class='ocrx_word' id='word_1_275' title='bbox 916 2948 1021 3008; x_wconf 92' lang='lat' dir='ltr'>iudicia</span> <span class='ocrx_word' id='word_1_276' title='bbox 1041 2956 1089 3008; x_wconf 92' lang='lat' dir='ltr'>aut</span> <span class='ocrx_word' id='word_1_277' title='bbox 1104 2956 1227 3026; x_wconf 92' lang='lat' dir='ltr'>propter</span> 
     </span>
     <span class='ocr_line' id='line_1_34' title="bbox 217 3029 1227 3112; baseline 0.001 -23"><span class='ocrx_word' id='word_1_278' title='bbox 217 3029 261 3106; x_wconf 91' lang='lat' dir='ltr'>id,</span> <span class='ocrx_word' id='word_1_279' title='bbox 284 3031 361 3108; x_wconf 93' lang='lat' dir='ltr'>quod</span> <span class='ocrx_word' id='word_1_280' title='bbox 381 3031 567 3107; x_wconf 83' lang='lat' dir='ltr'>factumest,</span> <span class='ocrx_word' id='word_1_281' title='bbox 595 3040 644 3092; x_wconf 92' lang='lat' dir='ltr'>aut</span> <span class='ocrx_word' id='word_1_282' title='bbox 663 3042 785 3112; x_wconf 91' lang='lat' dir='ltr'>propter</span> <span class='ocrx_word' id='word_1_283' title='bbox 806 3032 850 3110; x_wconf 89' lang='lat' dir='ltr'>id,</span> <span class='ocrx_word' id='word_1_284' title='bbox 876 3031 954 3111; x_wconf 91' lang='lat' dir='ltr'>quod</span> <span class='ocrx_word' id='word_1_285' title='bbox 975 3032 1069 3092; x_wconf 93' lang='lat' dir='ltr'>adbuc</span> <span class='ocrx_word' id='word_1_286' title='bbox 1093 3032 1158 3091; x_wconf 90' lang='lat' dir='ltr'>lieri</span> <span class='ocrx_word' id='word_1_287' title='bbox 1177 3030 1227 3090; x_wconf 91' lang='lat' dir='ltr'>vel</span> 
     </span>
     <span class='ocr_line' id='line_1_35' title="bbox 176 3115 1227 3193; baseline 0.005 -24"><span class='ocrx_word' id='word_1_288' title='bbox 176 3115 274 3173; x_wconf 72' lang='lat' dir='ltr'>bonon</span> <span class='ocrx_word' id='word_1_289' title='bbox 290 3115 353 3174; x_wconf 90' lang='lat' dir='ltr'>lieri</span> <span class='ocrx_word' id='word_1_290' title='bbox 374 3123 489 3193; x_wconf 90' lang='lat' dir='ltr'>potest,</span> <span class='ocrx_word' id='word_1_291' title='bbox 513 3117 706 3176; x_wconf 88' lang='lat' dir='ltr'>instituuntur.</span> <span class='ocrx_word' id='word_1_292' title='bbox 751 3117 788 3177; x_wconf 88' lang='lat' dir='ltr'>Et</span> <span class='ocrx_word' id='word_1_293' title='bbox 804 3126 886 3176; x_wconf 87' lang='lat' dir='ltr'>actor</span> <span class='ocrx_word' id='word_1_294' title='bbox 901 3119 929 3175; x_wconf 94' lang='lat' dir='ltr'>in</span> <span class='ocrx_word' id='word_1_295' title='bbox 945 3134 998 3192; x_wconf 92' lang='lat' dir='ltr'>eo,</span> <span class='ocrx_word' id='word_1_296' title='bbox 1023 3115 1102 3193; x_wconf 96' lang='lat' dir='ltr'>quod</span> <span class='ocrx_word' id='word_1_297' title='bbox 1119 3115 1227 3175; x_wconf 90' lang='lat' dir='ltr'>factum</span> 
     </span>
     <span class='ocr_line' id='line_1_36' title="bbox 218 3196 1226 3278; baseline 0.002 -22"><span class='ocrx_word' id='word_1_298' title='bbox 218 3205 281 3273; x_wconf 91' lang='lat' dir='ltr'>est,</span> <span class='ocrx_word' id='word_1_299' title='bbox 301 3196 423 3258; x_wconf 93' lang='lat' dir='ltr'>liberum</span> <span class='ocrx_word' id='word_1_300' title='bbox 444 3198 533 3258; x_wconf 89' lang='lat' dir='ltr'>habet</span> <span class='ocrx_word' id='word_1_301' title='bbox 551 3201 705 3278; x_wconf 88' lang='lat' dir='ltr'>impetum,</span> <span class='ocrx_word' id='word_1_302' title='bbox 731 3202 775 3261; x_wconf 89' lang='lat' dir='ltr'>sic</span> <span class='ocrx_word' id='word_1_303' title='bbox 789 3209 901 3276; x_wconf 90' lang='lat' dir='ltr'>tamen,</span> <span class='ocrx_word' id='word_1_304' title='bbox 921 3208 952 3259; x_wconf 91' lang='lat' dir='ltr'>ut</span> <span class='ocrx_word' id='word_1_305' title='bbox 972 3200 1079 3259; x_wconf 90' lang='lat' dir='ltr'>lactum</span> <span class='ocrx_word' id='word_1_306' title='bbox 1095 3207 1226 3274; x_wconf 89' lang='lat' dir='ltr'>accuset,</span> 
     </span>
     <span class='ocr_line' id='line_1_37' title="bbox 217 3281 1225 3363; baseline 0.005 -26"><span class='ocrx_word' id='word_1_307' title='bbox 217 3281 307 3357; x_wconf 91' lang='lat' dir='ltr'>ipsius</span> <span class='ocrx_word' id='word_1_308' title='bbox 325 3284 415 3360; x_wconf 90' lang='lat' dir='ltr'>patris</span> <span class='ocrx_word' id='word_1_309' title='bbox 429 3291 563 3362; x_wconf 90' lang='lat' dir='ltr'>tanquam</span> <span class='ocrx_word' id='word_1_310' title='bbox 577 3283 742 3344; x_wconf 90' lang='lat' dir='ltr'>valetudine</span> <span class='ocrx_word' id='word_1_311' title='bbox 757 3284 832 3363; x_wconf 89' lang='lat' dir='ltr'>lapsi</span> <span class='ocrx_word' id='word_1_312' title='bbox 844 3286 1028 3352; x_wconf 69' lang='lat' dir='ltr'>miserantum</span> <span class='ocrx_word' id='word_1_313' title='bbox 1047 3284 1076 3342; x_wconf 91' lang='lat' dir='ltr'>in</span> <span class='ocrx_word' id='word_1_314' title='bbox 1091 3300 1129 3342; x_wconf 91' lang='lat' dir='ltr'>eo</span> <span class='ocrx_word' id='word_1_315' title='bbox 1141 3300 1225 3358; x_wconf 85' lang='lat' dir='ltr'>vero,</span> 
     </span>
     <span class='ocr_line' id='line_1_38' title="bbox 218 3364 1227 3445; baseline 0.003 -23"><span class='ocrx_word' id='word_1_316' title='bbox 218 3364 298 3423; x_wconf 86' lang='lat' dir='ltr'>cuius</span> <span class='ocrx_word' id='word_1_317' title='bbox 321 3364 413 3425; x_wconf 91' lang='lat' dir='ltr'>libera</span> <span class='ocrx_word' id='word_1_318' title='bbox 435 3368 555 3427; x_wconf 90' lang='lat' dir='ltr'>mutatio</span> <span class='ocrx_word' id='word_1_319' title='bbox 579 3375 638 3442; x_wconf 89' lang='lat' dir='ltr'>est,</span> <span class='ocrx_word' id='word_1_320' title='bbox 667 3367 714 3427; x_wconf 88' lang='lat' dir='ltr'>diu</span> <span class='ocrx_word' id='word_1_321' title='bbox 729 3377 816 3445; x_wconf 83' lang='lat' dir='ltr'>roget</span> <span class='ocrx_word' id='word_1_322' title='bbox 834 3377 863 3427; x_wconf 92' lang='lat' dir='ltr'>et</span> <span class='ocrx_word' id='word_1_323' title='bbox 884 3367 1005 3427; x_wconf 86' lang='lat' dir='ltr'>suadeat</span> <span class='ocrx_word' id='word_1_324' title='bbox 1022 3376 1052 3427; x_wconf 93' lang='lat' dir='ltr'>et</span> <span class='ocrx_word' id='word_1_325' title='bbox 1069 3367 1227 3427; x_wconf 86' lang='lat' dir='ltr'>novissime</span> 
     </span>
    </p>
   </div>
   <div class='ocr_carea' id='block_1_3' title="bbox 217 3446 1226 3530">
    <p class='ocr_par' dir='ltr' id='par_1_3' title="bbox 217 3446 1226 3530">
     <span class='ocr_line' id='line_1_39' title="bbox 217 3446 1226 3530; baseline 0.005 -25"><span class='ocrx_word' id='word_1_326' title='bbox 217 3446 389 3508; x_wconf 89' lang='lat' dir='ltr'>dementiam</span> <span class='ocrx_word' id='word_1_327' title='bbox 400 3451 505 3510; x_wconf 89' lang='lat' dir='ltr'>rationi</span> <span class='ocrx_word' id='word_1_328' title='bbox 520 3459 657 3529; x_wconf 92' lang='lat' dir='ltr'>queratur</span> <span class='ocrx_word' id='word_1_329' title='bbox 673 3451 808 3527; x_wconf 91' lang='lat' dir='ltr'>obstare,</span> <span class='ocrx_word' id='word_1_330' title='bbox 826 3468 1006 3520; x_wconf 87' lang='lat' dir='ltr'>noumores;</span> <span class='ocrx_word' id='word_1_331' title='bbox 1029 3468 1102 3530; x_wconf 93' lang='lat' dir='ltr'>quos</span> <span class='ocrx_word' id='word_1_332' title='bbox 1119 3459 1226 3529; x_wconf 91' lang='lat' dir='ltr'>quanto</span> 
     </span>
    </p>
   </div>
   <div class='ocr_carea' id='block_1_4' title="bbox 0 0 1288 4026">
    <p class='ocr_par' dir='ltr' id='par_1_4' title="bbox 0 0 1288 4026">
     <span class='ocr_line' id='line_1_40' title="bbox 0 0 1288 4026; baseline 0 1"><span class='ocrx_word' id='word_1_333' title='bbox 0 0 1288 4026; x_wconf 95' lang='lat' dir='ltr'> </span> 
     </span>
    </p>
   </div>
  </div>
 </body>
</html>
