2566 4026
370 149 812 217 msr.onan0n.c1s.11,at.
1034 137 1093 199 103

83 331 152 375 cnm
169 308 363 389 palaestrica,
387 305 517 365 ciborum
537 324 610 365 uero
629 305 751 384 qualitas
768 307 853 365 etiam
869 324 933 366 cum
957 323 1095 367 cocorum

85 401 113 459 ci
131 397 169 454 sit
186 402 249 452 arte
267 391 433 450 communis.
473 390 558 464 Quod
580 407 652 449 vero
676 389 712 448 de
728 388 822 465 bono,
841 391 921 467 utili,
943 393 1020 450 iusto
1037 389 1138 457 dia-12

85 497 191 542 serere
208 474 412 555 philosophiae
435 474 562 534 cilicium
580 492 647 533 esse
668 473 781 549 dicunt,
803 490 860 532 non
879 473 984 534 obstat.
1022 473 1095 534 Nam

86 582 153 626 cum
177 558 382 640 philosophum
404 558 517 635 dicunt,
546 558 603 617 hoc
625 559 719 635 accipi
741 557 843 618 volunt
864 560 955 617 virum
976 558 1093 619 bonum.

85 649 187 722 Quare
208 646 296 722 igitur
318 651 480 718 oratorem,
510 661 595 720 quem
620 641 735 702 abono
757 643 820 701 viro
842 658 900 702 non
921 660 1045 720 separo,
1067 644 1096 702 in

86 732 192 792 eadem
215 728 336 787 materia
359 729 471 786 uersari
496 729 597 794 mirem
620 744 684 786 cnm
707 728 880 805 praesertim
904 727 996 804 primo
1020 725 1138 792 librom

84 819 143 876 iam
169 812 362 886 ostenderim,
390 811 585 889 philosophos
612 812 747 872 omissam
771 811 845 872 hano
868 809 904 870 ab
931 809 1095 870 oratoribus

86 908 202 979 partem
225 912 404 972 occupasse,
428 912 502 972 quae
525 894 689 956 rhetorices
710 897 830 973 propria
847 911 964 971 semper
980 894 1095 968 luisset,

85 992 117 1043 ut
135 982 179 1042 illi
196 982 293 1058 potins
310 981 338 1037 iu
357 988 455 1039 nostra
472 981 592 1039 materia
613 975 789 1039 versentur?
827 979 962 1056 Denique
981 995 1045 1038 cum
1060 979 1097 1037 sit

85 1066 259 1127 dialectices
282 1065 403 1123 materia
425 1062 570 1123 derebus
592 1062 731 1123 subiectis
754 1063 920 1142 disputare,
945 1064 982 1121 sit
1002 1070 1098 1121 autem

85 1150 243 1211 dialectice
261 1148 353 1206 oratio
373 1149 506 1207 concisa·
528 1165 578 1206 cur
599 1163 657 1206 non
678 1147 780 1208 eadem
801 1155 962 1227 perpetuae
980 1162 1096 1224 qnoque

84 1234 209 1294 materia
224 1227 379 1290 videatur?

174 1315 258 1376 Solet
275 1333 291 1374 a
308 1313 477 1393 quibusdam
495 1324 524 1374 et
540 1314 612 1376 illud
628 1318 752 1395 opponi:
777 1312 917 1376 Omnium
935 1316 1139 1393 &ituras-14

86 1405 161 1465 tium
177 1402 300 1479 peritus
319 1400 377 1460 erit
395 1405 515 1476 orator,
538 1402 566 1461 ai
588 1401 627 1461 de
647 1401 787 1463 omnious
807 1401 836 1460 ei
856 1400 1021 1461 dicertdum
1043 1404 1097 1460 est.

86 1487 210 1547 Possem
225 1485 272 1545 hic
291 1480 443 1542 Ciceronis
458 1484 641 1562 respondere
656 1484 770 1560 verbis,
789 1483 866 1562 apud
882 1501 968 1563 quem
983 1483 1040 1544 lroc
1055 1483 1096 1541 in·

86 1572 193 1630 venio:
211 1565 282 1628 Men
298 1569 421 1644 quidem
435 1570 586 1630 sententio
600 1588 688 1631 nemo
703 1587 770 1632 ease
782 1570 896 1647 poterit
909 1571 990 1630 omni
1003 1566 1098 1629 laude

88 1654 264 1716 cumulatus
294 1661 418 1727 orator,
449 1654 511 1714 aiei
539 1654 598 1714 crit
623 1655 754 1715 ommam
781 1671 885 1714 rerum
914 1669 1098 1731 mapparum

88 1748 182 1816 atquc
196 1739 309 1799 ortium
325 1738 485 1797 scientiam
501 1746 702 1809 consecutus;
724 1737 777 1797 sed
798 1736 866 1797 milri
882 1738 953 1798 satis
973 1744 1018 1796 est
1034 1736 1097 1795 eius

88 1839 157 1880 esse
176 1829 323 1881 oratorem
338 1822 398 1895 rei,
421 1820 459 1880 de
476 1838 531 1899 qua
547 1821 639 1897 dicet,
659 1838 718 1880 nou
735 1823 866 1881 inscium.
904 1818 1008 1898 Neque
1025 1821 1140 1878 enimin

90 1916 191 1965 omnes
209 1921 311 1963 causas
330 1906 425 1980 novit,
447 1914 476 1964 et
492 1903 580 1965 debet
595 1922 685 1983 posse
703 1905 741 1966 de
757 1904 888 1964 omnibus
905 1904 1014 1964 dicere.
1052 1899 1098 1961 De

90 1989 195 2068 quibus
212 2004 287 2064 ergo
306 1985 405 2049 dicet?
439 1986 485 2048 De
501 1988 604 2067 quihus
628 1989 736 2050 didicit.
776 1988 914 2050 Similiter
934 1987 971 2048 de
989 1985 1097 2048 artibus

89 2090 224 2153 quoque,
242 2071 278 2131 de
296 2071 399 2150 quihus
416 2072 568 2133 dicendum
584 2075 654 2148 erit,
677 2075 792 2133 iuterim
807 2072 915 2139 discet;
938 2071 1020 2132 etde
1037 2070 1098 2149 qui·

88 2154 143 2218 ltus
165 2155 316 2232 didicerit,
337 2156 423 2217 dicet.
463 2156 538 2230 Quid
555 2154 648 2234 ergo?
667 2174 724 2218 uon
744 2158 829 2219 luber
851 2157 888 2217 de
910 2155 1022 2217 fabrica
1039 2160 1140 2214 mus-16

89 2241 145 2303 lius
163 2248 211 2300 aut
229 2240 265 2300 de
280 2243 390 2299 musice
408 2237 554 2300 musicus?
589 2243 620 2302 Si
635 2243 747 2302 nesciat
764 2249 879 2317 orator,
900 2242 967 2320 qnid
985 2242 1038 2314 sit,
1061 2237 1098 2298 de

90 2342 148 2404 quo
165 2332 337 2403 quaeratur,
359 2324 445 2402 plane
460 2323 573 2384 melius.
611 2323 683 2385 Nam
699 2336 728 2385 et
744 2326 873 2402 litigator
889 2327 1015 2385 rusticus
1030 2321 1097 2382 illit-

90 2418 262 2486 teratusque
284 2407 320 2467 de
337 2425 423 2467 causa
445 2426 495 2466 sua
511 2409 631 2483 melius,
656 2427 740 2487 quam
764 2418 878 2483 orator,
902 2410 950 2486 qui
973 2407 1097 2482 nesciet,

91 2493 160 2572 quid
177 2494 208 2552 in
223 2491 273 2551 lite
290 2492 341 2560 sit;
361 2492 414 2551 sed
430 2500 552 2568 accepta
567 2509 584 2552 a
598 2494 721 2566 musico,
738 2509 754 2550 a
770 2492 865 2565 fabro,
881 2493 955 2550 sicut
972 2509 988 2550 a
1004 2490 1097 2564 litiga·

90 2586 157 2637 tore
173 2575 276 2635 melius
293 2585 392 2636 orator
408 2593 492 2654 qnam
508 2578 583 2654 ipse,
602 2577 651 2652 qui
666 2575 808 2635 docuerit.
835 2575 945 2634 Verum
960 2582 989 2632 et
1004 2571 1098 2645 luber,
1106 2569 1139 2626 17

91 2679 158 2721 cum
174 2660 210 2720 de
226 2659 353 2735 fabrica,
378 2668 406 2720 et
422 2662 563 2736 musicus,
589 2677 653 2719 cum
668 2659 704 2719 de
722 2660 848 2735 musica,
870 2660 894 2716 si
910 2657 978 2735 quid
993 2654 1097 2715 conlir·

91 2746 248 2804 mationem
264 2743 489 2820 desideraverit,
511 2744 597 2804 dicet.
628 2743 694 2803 Non
709 2744 824 2822 quidem
840 2744 895 2803 erit
910 2749 1025 2814 orator,
1044 2736 1098 2797 sed

91 2829 180 2889 laciet
196 2826 269 2887 illud
286 2831 368 2905 quasi
384 2837 500 2905 orator,
529 2830 603 2888 sicut
619 2845 683 2887 cum
697 2827 800 2887 vulnus
820 2827 970 2906 imperitus
986 2822 1096 2901 deliga·

92 2912 149 2987 bit,
174 2927 232 2971 non
248 2912 303 2970 erit
318 2912 447 2972 medicus
463 2912 516 2972 sed
536 2912 624 2972 laciet
639 2920 670 2971 ut
690 2911 831 2972 medicus.
868 2910 915 2970 An
935 2906 1098 2969 huiusmodi
1107 2908 1140 2964 18

91 3013 141 3055 res
157 3012 253 3074 neque
269 2997 298 3053 in
317 2995 433 3056 laudem
447 3014 542 3074 neque
563 2999 592 3056 in
612 2995 851 3056 deliberationem
872 3011 967 3072 neque
983 2995 1011 3052 in
1026 2991 1097 3051 iudi·

92 3081 168 3139 cium
189 3075 328 3153 ueniunt?
348 3078 428 3156 Ergo
452 3099 517 3141 cum
533 3078 570 3139 de
588 3079 722 3140 iaciendo
739 3088 825 3158 portu
842 3077 969 3138 Ostiensi
987 3074 1096 3137 delibe-

92 3172 185 3223 ratum
202 3172 264 3239 est,
285 3180 343 3222 non
360 3162 459 3223 debuit
476 3165 574 3225 dicere
592 3166 765 3223 sententiam
783 3159 901 3223 oratori
928 3162 1007 3241 atqui
1023 3177 1096 3240 opus

93 3256 156 3308 erat
171 3248 285 3308 ratione
307 3246 540 3308 architectorum.
578 3246 700 3308 Livores
723 3256 752 3307 et
773 3256 901 3308 tumores
922 3249 951 3307 in
972 3251 1140 3326 corporali

94 3331 244 3393 cruditatis
263 3348 298 3391 an
313 3333 418 3391 veneni
437 3333 518 3411 signa
534 3333 606 3408 sint,
631 3340 807 3392 contrectat
823 3327 943 3391 orator?
964 3339 994 3392 at
1009 3327 1099 3390 estid

93 3432 131 3475 ex
147 3417 260 3476 ratione
282 3415 452 3476 medicinae.
491 3414 575 3477 Circa
590 3433 739 3476 mensuras
764 3425 793 3475 et
808 3431 944 3477 numeros
959 3431 1018 3475 nou
1032 3430 1098 3473 ver·
