2566 4026
246 208 307 272 204
565 222 603 268 u.
618 221 697 268 run.
715 220 937 280 Qumumhm

241 378 364 438 tharcho
380 395 416 437 an
432 377 550 454 Scopae
567 377 704 454 scriptum
720 377 756 435 sit
776 375 804 435 id
825 393 954 443 carmem
980 384 1009 434 et
1026 374 1170 435 Pharsali
1184 371 1250 434 lueri

241 461 316 522 haec
334 461 447 536 domus,
463 468 494 519 ut
509 461 574 538 ipse
590 459 715 537 quodam
730 459 798 519 loco
815 459 979 536 significare
996 459 1176 519 Simonides
1189 458 1249 518 ride

241 554 288 605 tur
303 554 391 624 atque
407 543 608 622 Apollodorus
624 553 653 603 et
667 542 880 603 Eratosthenes
896 552 925 602 et
936 542 1112 620 Euphorion
1133 552 1167 603 et
1177 541 1251 602 Lanu

243 648 330 689 saeua
341 628 508 706 Eurypylus
519 627 708 703 tradiderunt,
725 646 761 688 an
779 625 925 701 cranone,
941 635 972 685 ut
986 626 1118 705 Apollas
1132 625 1252 688 cutim

202 724 234 775 15
244 713 327 787 chus,
346 731 432 791 quem
448 721 567 772 secutus
583 708 690 771 Cicero
706 711 781 772 hanc
796 712 901 772 lamam
916 710 1001 770 latius
1016 711 1101 771 indit.
1141 711 1253 789 Scopa!

242 797 372 857 nobilem
389 796 562 856 Thessalum
577 796 703 875 periisse
718 797 747 854 in
765 814 802 855 eo
819 796 954 855 convivio
972 804 1104 863 coustat;
1136 795 1254 855 adiicitur

243 883 354 940 sororis
372 882 435 940 eins
453 880 544 947 lilius;
568 889 668 959 putant
691 888 721 939 et
742 889 823 939 ortos
839 879 999 958 plerosque
1018 878 1056 938 ab
1076 879 1139 940 alio
1158 880 1254 956 scopa,

200 961 291 1042 loqui
307 966 399 1023 maior
416 971 512 1024 aetate
528 964 625 1024 fuerit.
657 962 827 1041 Quanquam
843 963 912 1023 mihi
927 970 1018 1023 totum
1033 963 1073 1022 de
1091 960 1256 1039 Tyndaridis

241 1048 406 1108 fabulosum
422 1047 552 1123 videtur,
575 1066 672 1126 neque
696 1049 812 1108 omuino
829 1047 913 1107 huius
933 1047 978 1106 rei
993 1048 1126 1106 meminit
1148 1059 1256 1125 usqua!

243 1141 332 1211 poeta
350 1133 415 1210 ipse
431 1131 567 1210 proiecto
583 1150 641 1191 non
657 1133 796 1193 taciturus
812 1131 850 1191 de
865 1139 943 1192 tanta
959 1148 1010 1190 sua
1026 1130 1138 1207 gloria.

200 1222 235 1278 17
326 1215 373 1275 Ex
395 1215 453 1275 hoc
469 1216 625 1277 Simonidis
649 1217 728 1277 lacto
749 1224 878 1276 notatum
892 1214 1021 1289 ridetur,
1043 1215 1144 1274 iuvari
1161 1228 1256 1273 memo
1282 1226 1283 1291 ᾖ

242 1301 314 1360 riam
344 1301 464 1377 signatis
491 1301 585 1360 animo
614 1301 751 1376 sedibus,
781 1300 871 1378 idque
898 1297 1023 1359 credere
1054 1316 1110 1357 sno
1144 1299 1258 1376 quisque

244 1385 457 1463 experimento.
494 1382 568 1444 Nam
588 1403 652 1443 cum
673 1386 703 1442 in
724 1384 791 1444 loca
811 1384 909 1461 aliqua
933 1390 1000 1460 post
1015 1390 1137 1461 tempus
1154 1377 1259 1441 reversi

243 1487 354 1529 sumus:
380 1485 438 1528 non
463 1469 527 1545 ipsa
547 1469 732 1545 agnoscimus
754 1477 862 1528 tantum
883 1466 1053 1542 sedetiam,
1081 1484 1164 1545 quae
1181 1467 1211 1525 in
1224 1463 1259 1523 hb

242 1553 416 1628 fecerimus,
438 1552 649 1612 reminiscimur
665 1569 872 1631 personaeque
897 1550 1035 1624 subeunt,
1057 1564 1260 1629 nonnunquam

243 1638 349 1696 tacitae
366 1653 483 1713 quoque
502 1636 697 1712 cogitationes
713 1637 742 1696 in
756 1644 883 1695 mentem
898 1642 1094 1693 revertuntur.
1127 1632 1208 1694 Nata
1224 1638 1261 1691 est

202 1719 345 1796 utigitur,
374 1728 405 1778 ut
425 1721 453 1777 in
474 1718 641 1798 plerisque,
666 1738 714 1780 ars
735 1720 772 1780 ab
795 1720 1007 1797 experimento.
1043 1716 1127 1777 Loca
1153 1718 1261 1777 discunt

244 1820 330 1881 qnam
344 1804 468 1862 maxime
485 1804 629 1880 spatiosa,
648 1802 736 1863 multa
752 1804 894 1863 varietate
913 1804 1036 1879 signata,
1053 1801 1177 1861 domum
1192 1801 1260 1860 forte

242 1903 374 1962 magnam
391 1895 421 1946 et
437 1887 466 1943 in
482 1886 588 1945 multos
610 1886 754 1948 diductam
771 1905 920 1946 recessus.
953 1885 985 1945 ln
1003 1903 1038 1945 ea
1055 1884 1202 1964 quidquid
1216 1899 1258 1942 no·

244 1968 333 2028 tabile
351 1978 412 2046 est,
436 1971 530 2029 animo
553 1969 708 2047 diligenter
731 1971 875 2047 alligitur,
898 1979 929 2030 ut
945 1971 1008 2030 sine
1025 1971 1217 2029 cunctatione
1231 1982 1258 2026 ac

243 2069 323 2112 mora
341 2063 440 2131 partes
463 2055 525 2114 eius
548 2071 649 2114 omnes
666 2056 805 2132 cogitatio
820 2056 916 2134 possit
931 2071 1120 2132 percurrere.
1154 2051 1195 2112 Et
1209 2049 1258 2131 pri·

244 2154 306 2194 mus
321 2136 370 2197 hic
387 2137 471 2198 labor
487 2146 546 2215 est,
570 2156 629 2198 non
645 2140 771 2200 haerere
792 2140 821 2198 in
836 2155 972 2198 occursu.
1002 2136 1072 2196 Plus
1087 2137 1167 2196 enim
1183 2151 1258 2215 quan

243 2220 324 2280 lirma
347 2220 436 2281 debet
458 2239 526 2281 esse
546 2225 703 2299 memoria,
732 2241 807 2302 quae
833 2222 918 2283 aliam
939 2221 1109 2280 memoriam
1136 2220 1257 2280 adiuret

203 2304 332 2381 lulum,
360 2323 435 2383 quae
464 2307 644 2385 scripserunt
669 2307 719 2366 vel
746 2307 925 2384 cogitatione
951 2304 1207 2382 complectuntur,
1235 2307 1258 2359 et

245 2390 341 2466 signo,
358 2407 415 2467 quc
432 2399 613 2466 moneantur,
635 2399 747 2459 notant;
767 2390 846 2469 quod
862 2407 930 2449 esse
947 2389 996 2448 vel
1016 2405 1053 2446 ex
1068 2405 1103 2447 re
1119 2395 1185 2448 tota
1202 2392 1257 2466 pot·

246 2483 308 2549 est,
331 2481 361 2532 ut
381 2474 419 2534 de
436 2475 638 2551 navigatione,
664 2475 779 2549 militia,
804 2473 854 2533 vel
870 2491 908 2532 ex
929 2472 1023 2532 verbo
1041 2471 1154 2549 aliquo.
1193 2469 1256 2530 Nan

245 2558 331 2616 etiam
350 2557 520 2618 excidentes
536 2560 619 2618 unius
635 2558 831 2618 admonitione
846 2556 930 2616 verbi
946 2557 975 2615 in
989 2557 1162 2615 memoriam
1178 2568 1256 2632 repo·

244 2650 356 2700 nuutur.
392 2642 435 2701 Sit
451 2650 545 2701 autem
562 2644 674 2720 signum
688 2642 880 2719 navigationis
897 2650 928 2700 ut
946 2657 1071 2714 ancora,
1097 2638 1218 2698 militiae
1232 2640 1256 2694 ut

202 2723 352 2801 toaliquid
374 2743 412 2784 ex
428 2727 524 2785 armis.
562 2725 644 2786 llaec
660 2727 698 2786 ita
715 2725 857 2803 digerunt.
896 2723 1020 2784 l’rimum
1038 2739 1159 2782 sensum
1174 2719 1256 2781 vesti·

246 2806 315 2867 bulo
332 2809 414 2886 quasi
429 2811 595 2886 assignant,
612 2809 770 2870 secundum
793 2810 886 2885 atrio,
911 2817 970 2868 tum
986 2805 1127 2885 impluvia
1142 2805 1256 2865 circum

246 2900 329 2967 eunt,
348 2910 404 2952 nec
420 2893 562 2953 cubiculis
577 2894 664 2954 modo
681 2901 728 2954 aut
744 2892 863 2953 exedris
880 2892 934 2952 sed
949 2891 1051 2951 statuis
1075 2890 1165 2950 etiam
1188 2886 1256 2948 simi·

245 2975 380 3054 libusque
396 2994 451 3055 per
468 2977 599 3038 ordinem
615 2978 802 3038 committunt.
832 2975 897 3036 Hoc
914 2976 1009 3051 iacto,
1029 2991 1094 3034 cum
1114 2982 1162 3033 est
1177 2989 1257 3050 repe·

245 3060 331 3120 tenda
351 3063 507 3138 memoria,
531 3063 670 3140 incipiunt
691 3061 728 3122 ab
751 3061 831 3120 initio
855 3061 922 3121 loca
938 3059 1014 3119 haec
1030 3075 1211 3131 recensere,
1233 3060 1258 3113 et

246 3142 325 3221 quod
341 3145 445 3223 cuique
463 3145 649 3206 crediderunt
665 3153 842 3224 reposcunt,
858 3153 889 3204 ut
905 3161 1005 3204 eorum
1020 3142 1147 3218 imagine
1165 3141 1257 3201 admo·

245 3237 358 3287 nentur.
389 3227 448 3306 lta,
471 3230 630 3308 quamlibet
644 3230 732 3289 multa
748 3231 820 3304 sint,
843 3245 965 3306 quorum
987 3226 1157 3285 meminisse
1176 3239 1257 3304 opor·

245 3320 322 3388 teat,
339 3311 409 3372 liunt
426 3313 541 3390 singula
555 3332 632 3374 nexa
650 3314 736 3373 etiam
751 3312 876 3392 quodam
893 3312 986 3386 corio,
1004 3327 1060 3370 uec
1077 3317 1178 3369 errant
1195 3323 1256 3369 con·

206 3395 398 3472 zliungentes
421 3398 567 3474 prioribus
589 3397 740 3477 sequentia
762 3396 827 3457 solo
852 3394 1002 3457 ediscendi
1026 3393 1142 3454 labore.
1178 3387 1258 3466 Quod

247 3478 385 3540 dedomo
402 3480 478 3558 dixi,
500 3491 530 3542 et
552 3483 579 3541 in
601 3481 740 3560 operibus
762 3481 888 3561 publicis
913 3480 986 3540 etin
1002 3479 1106 3538 itinere
1122 3476 1217 3554 longo
1234 3479 1259 3533 et
