2566 4026
158 182 221 245 276
362 155 365 159 ⁵
473 190 836 251 m.nne‚ourun1n1nrr1

158 351 270 417 babile:
289 348 366 427 quod
380 347 444 407 lieri
458 346 578 406 totidem
592 346 684 410 modis
705 355 775 424 quot
794 348 822 406 in
840 347 913 407 alios
930 356 1038 427 potest.
1078 349 1163 411 ldeo·

117 445 215 515 suque
231 433 298 508 hoo,
317 433 446 512 quamvis
461 431 600 508 frequens
617 433 670 506 sit,
693 440 821 490 transeo.
851 430 925 492 lllud
940 449 1030 510 vero,
1051 435 1163 496 etiamsi

158 517 309 580 ridiculum
325 526 388 591 est,
410 515 556 594 indignum
577 523 672 574 tamen
693 514 808 575 homine
823 515 989 592 tolerabili,
1014 518 1092 596 quod
1116 528 1165 580 aut

158 604 281 682 turpiter
297 611 344 661 aut
360 609 496 680 potenter
511 599 629 667 dieitur;
644 599 722 678 quod
739 600 847 659 lesisse
862 600 1004 678 quendam
1019 603 1093 678 seio,
1115 604 1165 683 qui

157 687 301 747 humiliori
324 685 417 746 libere
438 685 579 744 adversus
613 701 646 742 se
670 684 816 763 loquenti,
849 680 1033 765 Colupbum,
1060 688 1163 766 inquit,

158 773 212 833 tibi
227 773 341 832 ducam
357 778 386 831 et
405 769 570 848 formulam
595 770 749 845 scribom,
771 770 854 846 quod
868 778 962 848 eaput
978 771 1090 832 durum
1105 771 1164 833 lto-

157 857 242 918 beae.
277 853 331 913 llic
348 855 422 912 enim
438 852 553 912 dubium
576 862 637 929 est,
660 861 753 911 utrum
774 853 871 912 ridere
892 853 1041 914 audientes
1065 873 1103 916 an
1121 857 1164 915 in-

158 939 269 1017 dignari
288 937 448 997 debuerint.

121 1035 157 1090 34
243 1023 385 1101 Superest
405 1039 498 1098 genus
521 1020 740 1100 decipiendi
768 1021 984 1099 opinionem
1013 1032 1061 1082 aut
1087 1023 1164 1084 dieta

158 1107 245 1168 aliter
260 1105 458 1183 intelligendi,
486 1123 561 1184 quae
584 1115 649 1165 sunt
665 1108 694 1164 in
712 1107 787 1163 omni
805 1103 860 1164 bae
876 1107 994 1166 materia
1008 1106 1058 1166 vel
1073 1125 1164 1167 venu-

158 1193 294 1251 stissima.
323 1190 503 1267 Inopinatum
521 1199 550 1248 et
569 1208 586 1250 a
602 1189 768 1250 lacessente
790 1190 859 1267 poni
880 1189 974 1264 solet,
998 1190 1085 1268 quale
1108 1201 1164 1270 est,

158 1275 236 1356 quod
254 1276 346 1334 refert
363 1273 480 1349 Cicero,
501 1271 584 1346 Quid
597 1274 668 1335 buis
685 1274 782 1350 obest,
799 1275 925 1336 sitires
942 1282 971 1335 et
981 1277 1102 1337 virtus?
1117 1284 1166 1336 aut

156 1359 228 1421 illud
244 1359 324 1433 Afri,
346 1357 440 1420 Homo
463 1361 496 1419 ιη
518 1360 648 1437 apendis
668 1358 773 1419 causis
787 1360 898 1436 opidum
913 1361 1058 1428 uestitum·
1082 1368 1113 1419 et
1136 1361 1165 1419 in

157 1443 356 1512 occurrendo,
379 1452 409 1502 ut
428 1441 550 1518 Cicero,
574 1443 668 1503 audita
692 1442 766 1502 falsa
780 1441 886 1502 Vatinii
900 1451 1012 1519 morte,
1032 1461 1097 1503 eum
1113 1444 1165 1504 ob·

155 1529 232 1586 vium
252 1526 387 1585 libertum
414 1527 476 1585 eius
496 1530 722 1604 interrogasset,
745 1525 878 1587 Rectene
899 1529 1024 1588 omnio?
1045 1527 1164 1605 dioenti,

114 1610 271 1678 Sedecim·
294 1609 434 1671 Mortuus
450 1613 518 1672 est?
540 1612 641 1688 inquit.
680 1610 820 1670 Plurimus
839 1619 933 1671 autem
957 1613 1035 1672 eirca
1055 1613 1164 1673 simu·

156 1695 337 1754 lationem
361 1704 390 1752 et
413 1693 757 1762 dissimulationem
780 1697 855 1753 risus
870 1703 925 1769 est,
950 1713 1024 1774 quae
1041 1697 1163 1756 suntvi·

157 1779 221 1838 eina
243 1787 272 1837 et
292 1795 386 1857 prope
412 1778 528 1845 eadem;
560 1777 613 1838 sed
639 1779 782 1838 simulatio
805 1787 850 1838 est
869 1789 977 1838 certam
999 1781 1163 1857 opinionem

157 1863 241 1922 animi
259 1864 303 1921 sui
323 1863 474 1936 imitantis,
497 1862 685 1922 dissimulatio
708 1862 802 1922 aliena
824 1881 857 1922 se
877 1882 977 1941 parum
997 1863 1165 1942 intelligere

157 1947 302 2023 lingentis.
340 1945 490 2005 Simulavit
513 1945 602 2022 dier,
619 1965 683 2006 oum
700 1947 728 2005 in
747 1965 834 2006 eausa
852 1947 973 2006 subinde
990 1947 1163 2022 dicentibus,

158 2028 304 2100 Celsinam
320 2029 356 2090 de
376 2031 619 2106 recognovisse,
642 2049 716 2109 quae
742 2039 804 2089 erat
821 2040 925 2108 potens
945 2031 1065 2092 femina:
1091 2029 1165 2105 Quis

114 2123 210 2191 86est‚
226 2116 327 2192 inquit,
345 2116 428 2175 iste?
446 2112 591 2174 Celsinam
607 2116 681 2174 enim
693 2115 786 2174 videri
804 2115 859 2174 sibi
874 2118 965 2175 virum
978 2114 1067 2174 finxit.
1100 2113 1165 2175 Dis·

157 2198 300 2258 simulavit
321 2196 439 2273 Cicero,
460 2217 523 2258 eum
539 2200 609 2257 Sex.
626 2198 746 2258 Annalis
763 2200 846 2258 testis
864 2218 945 2259 reum
961 2199 1116 2277 laesisset,
1137 2207 1168 2261 et

157 2285 278 2343 instaret
300 2281 456 2342 identidem
478 2291 634 2343 aecusator
658 2283 701 2357 ei,
725 2280 804 2359 Die,
832 2281 874 2342 Μ.
898 2283 994 2359 Tulli,
1015 2282 1166 2363 numquid

153 2376 243 2446 potes
265 2369 305 2428 de
322 2366 396 2429 Sem.
414 2364 549 2428 Annali?
570 2385 674 2426 versus
697 2367 771 2425 enim
792 2365 892 2426 dioere
912 2369 1011 2445 eoepit
1031 2367 1068 2429 de
1090 2366 1166 2429 libro

156 2450 240 2511 Ennii
256 2450 352 2512 annali
370 2459 472 2511 sexto:

313 2532 389 2607 Quis
402 2537 483 2614 potis
501 2535 633 2614 imperetis
648 2554 765 2596 causas
779 2536 918 2596 evolvere
933 2534 1012 2597 belli.

114 2618 211 2687 stliui
227 2621 291 2679 sine
313 2618 400 2678 dubio
421 2619 684 2697 frequentissimam
703 2619 750 2678 dat
772 2620 959 2679 oooasionem
977 2617 1166 2696 ambiguitas:

156 2712 186 2762 ut
203 2701 363 2778 Cascellio,
382 2705 430 2781 qui
447 2703 636 2763 consultatori
652 2701 775 2778 dicenti,
793 2701 911 2764 Navem
927 2705 1066 2764 dividere
1081 2703 1168 2773 molor

157 2786 290 2865 Perdee,
312 2788 412 2865 inquit.
450 2786 510 2847 Sed
531 2788 623 2846 averti
640 2787 808 2847 intellectus
833 2796 863 2846 et
880 2786 965 2846 aliter
982 2785 1076 2861 solet,
1103 2804 1167 2847 enm

158 2871 193 2931 ab
217 2870 418 2950 asperioribus
442 2871 478 2932 ad
500 2870 613 2932 leniora
637 2871 816 2932 deileetitur:
840 2880 871 2930 ut
894 2873 941 2950 qui
957 2872 1166 2948 interrogatus,

158 2957 225 3033 quid
241 2956 362 3016 sentiret
379 2955 415 3014 de
432 2973 479 3031 eo,
497 2957 545 3034 qui
564 2957 592 3014 in
611 2955 753 3016 adulterio
767 2954 967 3034 deprehensus
980 2963 1071 3030 esset,
1091 2953 1167 3016 Tor·

113 3042 230 3105 88dum
247 3041 346 3120 fuisse
366 3040 527 3117 respondit.
565 3039 601 3100 Εἰ
622 3040 735 3099 confine
752 3048 813 3115 est,
832 3039 909 3118 quod
926 3039 1030 3099 dieitur
1045 3056 1101 3117 per
1118 3056 1166 3099 su·

159 3126 336 3202 opinionem:
353 3123 440 3202 quale
458 3124 529 3185 illud
547 3123 623 3202 apud
640 3122 813 3184 Ciceronem
831 3123 980 3203 querenti,
998 3123 1076 3201 quod
1092 3138 1168 3183 uxor

158 3227 210 3267 sue
225 3227 262 3268 ex
278 3209 334 3268 lieo
351 3227 419 3268 sese
435 3209 653 3287 suspendisset,
676 3208 776 3288 llopo,
794 3210 849 3269 dee
865 3208 939 3269 mttt
953 3208 1112 3268 surculum
1127 3224 1168 3268 es

157 3293 211 3352 illa
228 3293 352 3369 arbore,
368 3299 401 3354 ut
414 3295 560 3355 inseram.
594 3291 770 3370 lntelligitur
785 3293 869 3367 enim,
889 3291 966 3371 quod
979 3307 1036 3350 non
1052 3290 1165 3352 dieitur.

114 3373 194 3439 eoEt
214 3374 337 3436 hercule
358 3379 450 3436 omnis
478 3375 556 3437 salse
583 3376 698 3437 dicendi
725 3376 798 3436 ratio
822 3377 908 3435 ineo
932 3383 992 3449 εει,
1016 3382 1047 3434 ut
1069 3375 1167 3450 aliter,

160 3476 244 3537 quam
266 3468 312 3519 est
335 3469 445 3520 rectum
465 3477 641 3539 verumque,
664 3460 789 3529 dicatum
811 3459 889 3538 quod
903 3460 934 3520 lit
949 3467 1041 3519 totum
1056 3458 1164 3539 lingon·
