2566 4026
205 160 265 248 132
525 167 889 229 u.rca.ou1uu1u1rn1

203 346 287 408 quam
310 327 333 385 si
350 326 443 385 omnia
462 322 553 382 verba
570 339 622 381 suo
640 322 696 382 fine
713 321 877 391 cludantur;
905 331 934 382 et
949 339 1153 401 nonnunquam
1167 324 1209 386 bi·

201 412 268 472 ulca
284 411 368 469 etiam
383 410 488 469 decent
504 407 670 485 iaciuntque
686 406 827 484 ampliora
849 405 1003 484 quaedam:
1025 415 1057 465 ut
1072 405 1210 470 Pulcbru

201 496 336 558 oratiam
351 501 432 557 octo.
465 491 536 551 Tum
551 490 659 568 longae
676 507 731 568 per
746 509 780 549 se
798 498 828 549 et
843 490 924 549 uelut
945 491 1060 568 opimae
1075 491 1210 566 syllabae

202 577 310 657 aliquid
323 577 408 636 etiam
417 575 503 635 medii
515 575 654 654 temporis
665 574 740 633 inter
750 573 888 650 uocales,
907 575 990 652 quasi
1003 574 1210 651 intersistatur,

160 670 194 726 di
201 669 356 724 assumunt.
409 659 473 734 Qua
493 658 529 719 de
555 677 588 718 re
617 667 681 718 utar
710 655 861 718 Ciceronis
890 658 1072 736 potissimum
1097 659 1208 719 verbis.

201 746 318 822 Habet,
337 744 445 822 inquit,
466 745 517 805 tlte
539 751 685 821 tauquam
701 741 803 803 dictus
823 750 853 803 ct
872 759 1042 804 concursus
1057 745 1211 806 vocalium

201 832 289 892 molle
306 830 470 906 quiddam,
487 836 516 889 et
530 829 611 906 quod
623 827 739 888 indicet
752 844 813 888 non
825 827 982 905 iuprctum
994 829 1211 906 ueplipcuta'cm

202 915 241 976 de
256 933 292 976 rc
309 913 437 974 bominis
450 914 549 990 nupto
563 929 655 992 quum
671 912 710 972 dc
723 911 828 972 cerdis
841 910 1021 972 loborantis.

287 995 423 1057 Ceterum
435 1004 629 1056 consonantes
642 1012 775 1073 quoque,
795 1011 950 1074 earumque
961 996 1121 1073 praecipue
1134 1013 1210 1073 quae

202 1091 268 1142 sunt
289 1081 473 1159 asperiores,
495 1081 525 1138 in
548 1081 735 1140 commissura
755 1077 911 1137 verborum
927 1079 1072 1154 rixantur,
1093 1087 1125 1138 ut
1147 1080 1173 1138 si
1190 1081 1209 1140 S

202 1166 300 1225 ultima
322 1182 386 1224 cum
407 1162 435 1223 X
454 1165 585 1242 proxima
607 1161 758 1239 confligam
783 1179 904 1240 quarum
927 1163 1037 1222 tristior
1057 1164 1160 1238 etiam,
1185 1164 1209 1222 si

160 1249 287 1310 38binae
303 1247 491 1324 collidantur,
508 1246 614 1308 stridor
629 1255 689 1322 est,
711 1254 742 1304 ut
756 1242 818 1305 Ars
832 1246 1013 1307 studiorum.
1058 1245 1141 1320 Quae
1157 1247 1211 1306 fuit

203 1350 290 1394 causa
311 1341 340 1392 et
361 1332 481 1408 Servio,
505 1340 535 1391 ut
553 1332 628 1408 dixi,
650 1328 863 1390 subtrahendae
880 1329 900 1389 S
916 1328 1047 1405 litterae,
1073 1331 1210 1408 quotiens

201 1417 300 1478 ultima
324 1425 404 1475 esset
428 1415 543 1494 aliaque
568 1423 746 1476 consonante
767 1413 982 1491 susciperetur;
1007 1413 1086 1492 quod
1107 1433 1209 1493 repre·

201 1500 301 1561 bendit
315 1498 467 1575 Luranius,
484 1499 612 1560 Messala
627 1498 764 1559 defendit.
798 1496 870 1556 Nam
887 1515 982 1575 neque
997 1496 1135 1558 Lucilium
1157 1516 1209 1576 pu·

201 1593 263 1644 tant
284 1580 325 1642 uti
346 1583 447 1645 eadem
462 1584 577 1660 ultima,
602 1601 666 1642 cum
683 1581 751 1642 dicit
770 1578 958 1643 Aeserninus
977 1583 1036 1659 ficit
1051 1589 1080 1642 et
1098 1580 1211 1660 dipnrar

202 1669 346 1746 locoquc‚·
371 1675 400 1725 et
416 1664 522 1727 Cicero
545 1668 573 1726 in
589 1665 713 1726 Oratore
733 1664 833 1744 plures
855 1665 1037 1743 antiquorum
1058 1666 1145 1725 tradit
1167 1668 1211 1726 sic

161 1749 329 1813 coloratos.
371 1747 441 1809 Inde
456 1751 656 1830 bollipcrcrc,
670 1749 882 1827 pomeridiem,
900 1758 929 1808 et
940 1749 989 1809 illa
1006 1747 1140 1809 Censorii
1156 1747 1210 1809 Ca·

203 1834 278 1893 tonis
292 1831 369 1894 Dice
384 1835 481 1910 bunc,
497 1852 590 1912 aeque
605 1831 635 1892 Μ
651 1833 747 1893 littera
762 1834 790 1891 in
810 1831 835 1892 Ε
850 1833 970 1892 mollita.
1014 1831 1096 1906 Quae
1115 1835 1144 1892 in
1159 1851 1210 1892 ve·

203 1915 312 1976 teribus
329 1915 410 1975 libris
425 1926 542 1995 reperta
558 1926 668 1976 mutare
685 1918 809 1995 imperiti
822 1916 933 1992 solent,
951 1925 980 1975 et
995 1916 1060 1976 dum
1075 1916 1210 1976 librario·

159 2009 262 2063 ‘lorum
284 2001 422 2059 insectari
443 2001 543 2060 volunt
563 2002 755 2076 inscientiam,
787 2018 867 2060 suam
890 2000 1071 2061 confitentur.
1120 1998 1211 2079 Atqui

203 2083 305 2143 eadem
326 2083 376 2143 illa
397 2083 508 2161 littera,
535 2085 668 2163 quotiens
684 2085 783 2145 ultima
798 2093 844 2143 est
865 2093 894 2144 et
908 2084 1041 2144 vocalem
1056 2084 1141 2144 verbi
1163 2102 1210 2144 se·

203 2168 316 2246 quentis
333 2169 372 2227 ita
388 2169 544 2245 contingit,
568 2171 647 2248 utin
666 2187 728 2228 eam
742 2168 865 2228 transire
881 2169 991 2247 possit,
1009 2169 1122 2228 etiarnsi
1137 2170 1210 2228 scri·

201 2249 294 2326 bitur,
312 2258 408 2310 tamen
423 2269 523 2330 parum
537 2253 720 2331 exprimitur,
743 2259 773 2310 ut
790 2249 917 2314 Multum
929 2252 981 2313 ille
1002 2260 1032 2311 et
1055 2249 1211 2324 Quantum

202 2342 287 2404 erct,·
309 2335 384 2395 adeo
406 2345 437 2395 ut
452 2354 545 2414 paene
564 2336 711 2396 cuiusdam
732 2351 826 2394 novae
844 2334 960 2395 litterae
976 2353 1078 2394 sonum
1095 2335 1208 2396 reddat.

202 2416 306 2497 Neque
329 2420 404 2478 enim
426 2421 560 2479 eximitur
580 2419 633 2481 sed
649 2419 822 2479 obscuratur
843 2427 874 2478 et
889 2428 997 2479 tantum
1014 2418 1111 2496 aliqua
1135 2420 1210 2479 inter

159 2501 271 2562 llduas
294 2503 415 2562 vocales
435 2503 515 2563 velut
540 2512 608 2563 nota
632 2511 693 2578 est,
718 2521 755 2562 ne
778 2504 861 2579 ipsae
888 2511 1002 2562 coeant.
1047 2502 1211 2562 Videndum

203 2586 303 2661 etiam,
322 2602 359 2643 ne
378 2585 510 2661 syllabae
523 2586 608 2657 *verbi
623 2586 728 2664 prioris
746 2585 864 2645 ultimae
880 2587 936 2646 sint
957 2587 1067 2665 primae
1083 2604 1210 2664 sequen·

201 2669 248 2726 tis.
291 2666 323 2728 ld
338 2686 375 2728 ne
393 2670 456 2747 quis
472 2671 603 2748 praecipi
620 2671 754 2745 miretur,
773 2667 908 2729 Ciceroni
930 2672 958 2729 in
979 2669 1112 2748 epistolis
1129 2671 1209 2730 exci-

201 2751 257 2812 dit:
274 2751 337 2812 Res
349 2753 422 2814 milti
434 2754 552 2815 incisos
565 2755 651 2815 usuc
663 2760 748 2830 suut,
763 2751 868 2815 Boane.
913 2752 951 2813 Et
966 2754 994 2811 in
1011 2755 1153 2813 carmine:

356 2833 582 2914 Osortuuutum
592 2846 697 2899 nutum
711 2854 758 2897 me
774 2834 902 2899 Consule
917 2836 1054 2901 Romam.

159 2917 294 2982 fflEtiam
306 2919 526 2997 monosyllaba,
542 2922 567 2980 si
582 2921 664 2999 plura
680 2928 761 2995 sunt,
777 2920 852 2980 male
869 2920 1124 2996 continuabuntur,
1142 2920 1209 3000 quia

202 3020 327 3062 necesse
356 3012 401 3063 est
424 3005 596 3082 compositio
617 3004 713 3064 multis
742 3003 879 3063 clausulis
907 3005 1025 3065 concisa
1052 3003 1206 3064 subsultet.

201 3083 331 3164 Ideoque
354 3089 439 3147 etiam
456 3087 586 3147 brevium
602 3087 758 3147 verborum
780 3105 815 3146 ac
841 3089 985 3148 nominum
1002 3087 1119 3148 vitanda
1139 3105 1207 3147 con·

201 3168 320 3228 tinuatio
334 3178 363 3229 et
378 3188 415 3229 ex
431 3171 548 3230 diverso
565 3188 681 3248 quoque
693 3171 864 3248 longorum,
881 3172 964 3231 affert
976 3173 1051 3231 enirn
1066 3171 1209 3250 quandam

203 3250 317 3312 dicendi
339 3254 510 3314 tarditatem.
554 3252 609 3315 llla
631 3272 747 3334 quoque
763 3255 833 3314 vitia
850 3264 915 3314 sunt
938 3255 1066 3316 eiusdem
1084 3256 1160 3331 loci,
1184 3256 1208 3315 si

205 3334 336 3396 cadentia
348 3337 479 3397 similiter
490 3347 519 3397 et
534 3339 665 3398 similiter
680 3339 840 3398 desinentia
856 3347 884 3398 et
900 3339 1003 3399 eodem
1017 3339 1103 3401 modo
1117 3338 1208 3402 decli·

160 3423 266 3479 binata
289 3419 376 3479 multa
400 3422 561 3499 iunguntur.
605 3420 649 3481 Ne
671 3422 760 3482 verba
781 3422 896 3502 quidem
911 3423 1008 3483 verbis
1029 3433 1077 3483 aut
1092 3425 1207 3484 nomina
