2566 4026
315 212 405 258 insu.
428 211 577 258 osunen.
599 213 669 259 urs.
689 213 749 278 vn,
772 212 797 263 5.
815 211 840 264 6.
1039 203 1079 265 33

338 411 381 460 DE
400 411 590 462 IURlDlClALl
607 409 805 469 QUALITATE.

155 521 191 579 V.
215 519 271 593 Qui
285 539 381 599 neque
393 520 503 579 fecisse
515 538 548 579 se
564 520 683 597 negabit
697 537 794 597 neque
810 518 983 596 aliudesse,
1001 523 1079 599 quod

69 607 192 680 iecerit,
211 603 289 663 dicet
302 622 398 682 neque
413 604 519 663 facturn
535 603 687 680 defendet,
703 621 829 662 necesse
844 612 889 662 est
905 605 932 662 in
948 621 1001 664 suo
1016 607 1078 666 iure

71 690 226 755 consistat;
255 691 284 746 in
307 706 364 765 quo
384 688 555 765 plerumque
581 689 746 747 actionis
775 697 820 746 est
848 690 991 765 quaestio.
1036 689 1108 762 Eas

70 790 130 834 non
146 790 280 850 semper,
296 781 327 830 ιιι
343 771 458 850 quidam
474 780 664 849 putaverunt,
680 771 815 831 iudicium
830 771 992 848 antecedit,
1010 791 1078 850 qna-

72 859 111 919 lia
127 865 192 915 sunt
207 865 373 933 praetorum
391 857 506 913 curiosa
524 855 661 929 consilia,
680 873 744 914 cum
767 854 803 913 de
819 857 882 924 iure
899 859 1079 916 accusatoris

71 939 240 1016 ambigitur;
264 939 316 998 sed
332 940 360 996 in
374 940 445 1016 ipsis
461 938 696 1016 frequentissime
714 938 827 997 iudiciis
848 949 990 998 versatur.
1026 939 1080 1000 Est

72 1026 148 1085 enirn
165 1022 273 1101 duplex
296 1024 357 1082 eius
381 1023 600 1100 disceptationis
619 1023 770 1098 condicio,
793 1023 870 1100 quod
890 1032 938 1082 aut
958 1025 1078 1083 intentio

72 1116 121 1169 ant
135 1108 329 1186 praescriptio
345 1105 433 1167 habet
450 1108 689 1166 controversiam.
722 1105 768 1165 Ac
781 1107 913 1182 luerunt,
934 1108 982 1185 qni
994 1125 1078 1186 prae-

72 1191 240 1269 scriptionis
256 1199 359 1250 statum
375 1190 524 1265 lacerent,
543 1199 677 1268 tanquam
693 1208 728 1250 ea
746 1207 803 1249 non
818 1191 921 1250 iisdem
936 1191 1078 1267 omnibns,

73 1275 176 1356 quibus
198 1284 316 1334 ceterae
337 1273 438 1351 leges,
461 1273 678 1352 quaestionibus
695 1276 901 1334 contineretur.
947 1272 1018 1334 Cum
1042 1292 1109 1346 exa

71 1360 304 1438 praescriptione
320 1357 356 1417 lis
370 1357 496 1436 pendet,
511 1357 548 1418 de
565 1360 629 1436 ipsa
640 1376 674 1417 re
689 1360 790 1437 quaeri
805 1375 863 1417 non
880 1367 926 1416 est
942 1377 1078 1420 necesse.
1101 1382 1105 1392 ⁴

72 1443 269 1520 Ignominioso
286 1441 361 1501 lilius
383 1441 573 1520 praescribit:
602 1442 639 1502 de
660 1459 696 1502 en
719 1442 784 1502 solo
805 1440 941 1502 iudicatio
959 1453 1020 1519 est,
1044 1461 1080 1503 an

72 1523 181 1588 liceat?
223 1526 364 1600 Quotiens
384 1536 480 1587 tamen
500 1527 677 1603 poterimus,
701 1525 884 1588 efficiendum
904 1535 966 1600 est,
994 1536 1024 1586 ut
1043 1529 1079 1588 dc

73 1631 105 1670 re
122 1627 238 1690 quoque
255 1611 343 1670 iudex
358 1609 433 1669 bene
452 1612 572 1678 sentiat;
598 1612 642 1670 sic
663 1612 738 1669 enirn
753 1611 807 1670 iuri
824 1618 924 1670 nostro
942 1609 1079 1670 libentius

75 1694 251 1772 indulgebit:
281 1703 312 1753 ut
336 1696 364 1752 in
388 1693 610 1772 sponsionibus,
641 1712 716 1772 quae
745 1713 782 1754 ex
810 1693 971 1754 interdictis
998 1695 1078 1771 liunt,

74 1780 185 1838 etiamsi
200 1795 257 1838 uon
272 1779 458 1856 proprietatis
475 1787 520 1837 est
534 1780 666 1857 quaestio
678 1778 730 1838 sed
746 1786 853 1838 tantum
864 1780 1078 1856 possessionis;

73 1873 247 1922 tamennon
268 1861 361 1921 solum
380 1863 550 1940 possedisse
572 1880 626 1921 nos
650 1861 703 1921 sed
726 1866 811 1923 etiam
826 1871 955 1922 nostrum
976 1879 1079 1940 posse-

73 1947 170 2021 disse,
188 1947 297 2006 docere
313 1946 470 2024 oportebit.
512 1946 569 2007 Sed
585 1946 764 2026 frequentius
781 1948 867 2006 etiam
881 1949 1029 2024 quaeritur
1043 1946 1109 2014 det

73 2032 242 2090 intentione.
290 2027 345 2090 Vir
353 2030 443 2108 sortis
453 2038 548 2110 optet,
564 2031 647 2108 quod
657 2031 745 2091 colet.
789 2029 875 2108 Nego
888 2030 932 2090 illi
947 2029 1079 2104 dandum,

74 2113 210 2193 quidquid
230 2116 391 2192 optaverit:
415 2131 472 2174 non
495 2113 590 2173 habeo
612 2115 890 2191 praescriptionem,
913 2113 966 2173 sed
985 2123 1080 2174 tamen

75 2198 222 2258 voluntate
238 2207 338 2260 contra
352 2198 443 2258 verba
453 2198 692 2276 praescriptionis
705 2197 790 2257 ruodo
803 2206 878 2258 ntor.
911 2197 944 2256 ln
955 2206 1080 2275 utroque

74 2292 169 2344 autem
184 2300 295 2359 genere
311 2290 402 2342 status
420 2281 505 2341 iidem
521 2289 596 2339 sunt.

157 2365 249 2425 Porro
274 2364 324 2425 lex
349 2366 441 2425 omnis
465 2372 513 2424 aut
544 2364 641 2423 tribuit
670 2372 717 2423 aut
735 2363 831 2423 adimit
854 2373 902 2424 aut
927 2365 1007 2442 punit
1031 2372 1106 2426 autb

73 2448 154 2510 iubet
175 2460 223 2509 aut
242 2458 323 2510 vetat
348 2459 396 2509 aut
417 2449 564 2527 permittit.
601 2446 693 2507 Litem
713 2446 801 2507 babet
826 2456 874 2507 aut
900 2456 1022 2525 propter
1046 2466 1078 2506 se

74 2535 167 2611 ipsam
189 2542 238 2593 aut
258 2542 381 2612 propter
402 2534 539 2607 alteram,
562 2528 763 2609 quaestionem
784 2540 833 2591 aut
849 2533 878 2592 in
899 2533 1009 2608 scripto
1032 2541 1080 2590 ant

74 2618 103 2676 in
124 2617 283 2677 voluntate.
335 2618 480 2696 Scriptum
503 2625 550 2674 ant
570 2623 701 2693 apertum
722 2624 767 2675 est
788 2624 835 2676 ant
857 2615 1011 2675 obscurum
1033 2624 1080 2674 ant

75 2700 247 2777 ambiguum.
294 2700 379 2774 Quod
400 2703 437 2760 de
454 2699 568 2777 legibus
585 2700 669 2775 dico,
692 2699 767 2759 idem
788 2702 883 2779 accipi
899 2699 969 2759 volo
985 2698 1021 2759 de
1039 2707 1107 2762 ιιι-6

74 2786 240 2860 stamentis,
257 2786 367 2862 pactis,
383 2783 617 2863 stipulationibus
629 2785 706 2842 omni
722 2783 846 2862 denique
861 2785 989 2862 scripto;
1005 2782 1081 2842 idern

75 2868 112 2927 de
127 2886 212 2928 voce.
257 2867 294 2927 Et
316 2870 450 2946 quoniam
466 2876 601 2946 quattuor
616 2868 677 2926 eius
695 2870 813 2944 generis
829 2868 1015 2945 quaestiones
1032 2871 1082 2926 uel

75 2961 167 3011 status
182 2951 319 3018 iacimusr
337 2951 467 3029 singulos
484 2969 696 3030 percurramus.

367 3104 527 3156 SCRIPTUM
544 3105 586 3154 ET
602 3102 789 3156 VOLUNTAS.

161 3203 211 3263 Vl.
233 3204 374 3282 Scripti
390 3212 424 3263 et
439 3204 648 3264 voluntatis
664 3201 898 3281 frequentissima
921 3204 997 3261 inter
1012 3219 1080 3261 con-

76 3287 170 3348 sultos
198 3289 329 3366 quaestio
354 3297 415 3362 est,
449 3296 478 3348 et
503 3306 570 3365 pars
594 3306 697 3365 magna
720 3287 900 3347 controversi
925 3285 994 3344 iuris
1014 3285 1083 3346 hinc

77 3372 200 3451 pendet;
213 3374 372 3449 quominus
388 3371 417 3431 id
432 3373 461 3430 in
472 3371 581 3431 scholis
594 3371 730 3433 accidere
741 3373 842 3430 mirum
858 3379 919 3446 est,
933 3370 983 3430 ubi
997 3371 1083 3430 etiam

78 3456 267 3516 exindustria
290 3457 415 3532 lingitur.
457 3454 528 3515 llius
553 3473 646 3533 genus
669 3474 755 3515 unum
777 3465 837 3533 est,
863 3457 892 3514 in
913 3471 972 3533 quo
996 3455 1082 3514 etde

121 3562 152 3599 u.
163 3561 188 3599 r.
202 3561 314 3608 Quinum.
327 3545 361 3599 ll.
911 3538 929 3596 3
