2566 4026
204 159 265 221 252
519 174 555 220 n.
574 173 653 220 rua.
671 174 892 234 onruurnmnr

202 329 328 405 laboris,
346 346 432 407 quem
448 328 528 388 ferre
544 327 727 389 tendentibus
745 329 781 388 ad
798 330 999 408 eloquentiam
1018 352 1160 396 necesse
1181 344 1225 413 est,

203 413 386 491 confugerint
410 413 541 474 adhaec
566 412 747 474 deverticula
772 414 912 474 desidiae.
951 413 1100 490 Quorum
1124 421 1174 480 alii
1198 437 1226 480 sc

202 499 238 557 ad
260 498 355 557 album
378 516 413 558 ac
441 497 574 557 rubricas
604 497 811 557 transtulerunt
836 509 865 558 et
892 498 1068 562 formularii
1098 503 1168 582 vel,
1200 512 1225 564 ut

202 579 308 642 Cicero
327 583 376 656 ait,
393 582 515 661 lepuleii
530 581 645 660 quidem
662 600 729 640 esse
746 582 922 658 maluerunt,
942 591 1095 663 tanquam
1114 588 1223 648 utiliora

161 677 192 730 lb
201 666 345 744 eligentes
363 684 413 741 ea,
431 683 553 745 quorum
570 665 661 725 solam
680 666 849 726 facilitatem
866 667 1096 746 sequebantur;
1120 673 1170 734 alii
1188 674 1220 752 pi·

200 753 303 828 gritiae
327 750 551 829 arrogantioris,
576 751 624 828 qui
645 750 740 810 subito
758 751 854 811 lroute
878 751 1008 814 conficta
1028 755 1219 836 immissaque

200 835 305 912 barba,
330 834 421 895 veluti
441 835 648 914 despexissent
672 835 799 895 oratoria
820 845 1001 914 praecepta,
1028 841 1158 918 paulum
1179 841 1218 900 alr'·

200 919 269 998 quid
292 920 432 980 sederunt
454 921 482 979 in
504 918 614 979 scholis
631 918 910 998 philosophantium,
937 929 968 979 ut
989 922 1111 986 deinde
1128 927 1157 985 in
1179 943 1218 1003 pu·

199 1003 278 1063 blico
295 1004 404 1080 tristes,
422 1005 499 1064 domi
515 1002 647 1064 dissoluti
661 1013 811 1082 captarent
827 1006 1034 1067 auctoritatem
1051 1017 1218 1087 contemptu

201 1097 375 1148 ceterorum.
402 1088 591 1167 Philosophia
604 1088 680 1146 eninr
693 1087 821 1149 simulari
837 1097 952 1168 potest,
973 1089 1159 1170 eloquentia
1173 1110 1218 1152 noa

220 1181 306 1232 otest.

198 1191 216 1251 p
537 1255 617 1307 ITEM
635 1254 865 1309 HISTORIARUM.

281 1341 331 1403 lV.
360 1341 393 1401 ln
412 1340 512 1419 primis
527 1358 600 1401 vero
623 1339 771 1401 abundare
788 1339 877 1401 debet
896 1351 998 1401 orator
1020 1345 1217 1424 exemplo-

198 1446 270 1487 rum
287 1427 399 1505 copia
425 1443 489 1486 cum
504 1435 636 1486 veterum
651 1435 709 1484 tum
726 1427 811 1486 etiam
827 1443 985 1502 novorum,
1010 1429 1096 1489 adeo
1124 1440 1218 1489 utnon
1251 1438 1255 1475 ῑ

199 1530 233 1572 ea
250 1511 348 1587 modo,
366 1528 440 1589 quae
458 1510 626 1588 conscripta
642 1518 706 1568 sunt
720 1508 849 1569 historiis
865 1519 913 1570 aut
928 1513 1127 1576 sermonibus
1144 1514 1218 1574 velut
1250 1512 1254 1531 ¹

198 1614 253 1674 per
269 1613 370 1656 manus
390 1594 511 1670 tradita,
536 1612 670 1672 quaeque
688 1594 794 1654 cotidie
811 1604 950 1672 aguntur,
974 1596 1095 1659 debeat
1122 1616 1216 1673 nosse,

197 1699 297 1739 verum
315 1697 352 1738 ne
374 1696 407 1738 ea
431 1679 562 1756 quidem,
593 1696 667 1756 quae
689 1687 753 1738 sunt
775 1696 791 1739 a
815 1678 988 1739 clarioribus
1012 1683 1119 1758 poetis
1146 1683 1216 1756 dcta,

170 1764 362 1840 anagligere.
389 1760 462 1821 Nam
477 1762 527 1821 illa
544 1763 658 1840 quidem
676 1764 774 1840 priora
791 1773 838 1823 aut
853 1764 1093 1826 testimoniorum
1110 1777 1164 1830 aut
1182 1769 1215 1826 iu·

197 1846 356 1907 dicatorum
378 1845 510 1905 obtinent
534 1845 646 1912 locum:
675 1846 728 1905 sed
748 1847 822 1907 haec
844 1864 961 1926 quoque
983 1857 1033 1907 aut
1057 1851 1217 1912 vetustatis

197 1930 254 1989 fide
277 1939 337 1989 tuta
361 1937 425 1988 sunt
447 1937 495 1989 aut
516 1928 552 1989 ab
570 1928 733 1989 bominibus
756 1933 867 2009 magnis
887 1941 1126 2012 praeceptorum
1153 1936 1216 1995 loco

196 2014 263 2074 licta
279 2013 443 2074 creduntur.
477 2013 555 2073 Sciat
577 2031 649 2090 ergo
667 2032 752 2093 quam
766 2014 901 2093 plurima:
926 2016 1004 2076 unde
1023 2019 1120 2080 etiam
1145 2019 1216 2080 seni·

195 2098 248 2156 bus
270 2099 428 2158 auctoritas
450 2099 542 2158 maior
557 2107 619 2174 est,
643 2098 720 2177 quod
747 2100 830 2177 plura
853 2117 941 2160 nosse
962 2109 992 2159 et
1013 2102 1135 2164 vidisse
1157 2121 1216 2163 cre·

196 2182 316 2259 duntur,
340 2183 423 2261 quod
436 2183 579 2243 Homerus
594 2183 828 2262 frequentissime
845 2192 977 2244 testatur.
1010 2185 1076 2247 Sed
1094 2204 1157 2248 uon
1175 2193 1218 2246 est

196 2269 380 2347 expectanda
396 2267 493 2328 ultima
509 2277 608 2343 aetas,
626 2286 690 2327 cunr
709 2268 801 2328 studia
817 2276 985 2346 praestent,
1003 2278 1052 2344 ut,
1076 2278 1216 2350 quantum

197 2354 232 2413 ad
258 2354 454 2430 cognitionem
476 2353 604 2429 pertinet
631 2370 744 2427 rerum,
778 2353 864 2412 etiam
887 2353 1056 2428 praeteritis
1084 2354 1215 2416 saeculis

194 2438 306 2496 vixisse
323 2437 482 2496 uideamur.

311 2589 400 2648 QUAE
420 2588 494 2639 SINT
512 2589 610 2640 ARTIS
631 2588 823 2640 denudatas
841 2588 1092 2642 INSTRUMENTA.

278 2685 315 2745 V.
345 2686 426 2746 llaec
450 2695 532 2763 sunt,
564 2704 639 2765 quae
665 2704 711 2746 mc
732 2685 911 2746 redditurum
932 2687 1149 2764 promiseram,
1174 2689 1213 2746 in·
1259 2756 1262 2763 Ι

194 2780 351 2830 strumenta
374 2772 536 2846 nonanis,
557 2780 589 2830 ut
604 2771 718 2849 quidam
735 2779 925 2848 putaverunt,
955 2769 1008 2830 sed
1030 2770 1127 2848 ipsius
1148 2788 1212 2830 ora-

195 2856 276 2914 toris.
316 2854 396 2914 Haec
418 2873 497 2915 arma
513 2854 624 2915 habere
643 2855 679 2915 ad
695 2873 825 2930 manum,
849 2853 951 2914 horum
970 2855 1098 2915 scientia
1121 2854 1211 2915 debet
1258 2870 1261 2877 ·

194 2958 262 2999 esse
279 2940 455 3015 succinctus,
473 2939 635 2999 accedente
650 2939 807 2999 verborum
824 2939 1040 3016 figurarumque
1060 2937 1145 2999 lacili
1161 2955 1209 2998 co·

193 3025 242 3102 pia
266 3033 294 3083 et
317 3024 491 3083 inventionis
515 3026 625 3084 rationu
653 3033 681 3082 et
706 3023 880 3102 disponendi
904 3041 957 3082 usu
984 3031 1013 3081 et
1043 3024 1206 3082 memoriae

194 3109 327 3168 lumitate
345 3117 374 3167 et
390 3109 512 3168 actionis
524 3109 627 3184 gratia.
651 3108 709 3167 Sed
725 3108 876 3186 plurimum
894 3125 932 3166 ex
943 3105 988 3165 his
1000 3105 1083 3165 valet
1101 3106 1207 3167 animi

193 3193 444 3269 praestantia,
466 3210 550 3270 quam
567 3211 622 3252 nec
638 3201 731 3252 metus
749 3193 863 3268 frangat
878 3209 934 3250 nec
956 3189 1133 3250 acclamatio
1150 3199 1205 3251 ter·

193 3283 258 3333 reat
283 3294 339 3335 nec
367 3277 542 3337 audientium
568 3277 728 3337 auctoritas
754 3276 829 3336 ultra
855 3275 982 3335 debitam
1008 3276 1205 3334 reverentiam

164 3357 297 3419 2tardet.
336 3358 409 3420 Nam
431 3370 461 3421 ut
480 3360 674 3422 'abominanda
699 3369 763 3420 sunt
790 3360 934 3420 contraria
957 3357 1002 3418 bis
1024 3359 1096 3419 vitia
1119 3358 1204 3420 conii·

193 3440 320 3519 dentiae,
340 3447 531 3525 temeritatis,
547 3444 751 3526 improbitatis,
769 3444 969 3522 arrogantiae:
988 3443 1027 3503 ita
1046 3443 1121 3505 citra
1139 3460 1204 3504 con·
