2566 4026
366 192 455 240 rusr.
469 191 618 240 aaaron.
634 192 702 240 mn.
713 192 767 239 x11
773 224 783 260 ,
799 191 824 244 6.
840 189 867 244 7.
1056 180 1117 242 255

114 350 221 410 alendo
240 347 344 408 callum
365 348 519 415 inducere;
542 347 597 407 sed
610 348 669 406 ium
692 348 849 422 scientem,
873 347 941 426 quid
955 349 995 407 sit
1010 367 1116 426 pugna,

116 442 145 493 et
161 435 189 491 iu
204 448 288 511 quarn
302 448 366 491 rem
379 431 551 490 studendum
566 432 618 505 sit,
638 432 723 491 refici
744 439 830 508 atque
845 434 992 491 renouari.
1024 434 1073 492 Sic
1085 443 1144 500 etl

115 518 239 576 tirocinii
255 524 377 591 metum,
396 516 461 574 darm
478 515 592 575 facilius
610 525 654 574 est
670 516 797 590 audere,
812 513 977 590 transierit,
996 533 1055 576 aec
1069 534 1117 575 au·

115 602 202 660 dandi
228 601 398 660 facilitatem
424 617 517 678 usque
541 600 580 659 ad
603 609 801 678 contemptum
828 601 930 677 operis
956 600 1117 660 adduxerit.

114 685 191 744 Usus
207 694 251 743 est
267 683 322 744 hac
337 685 449 744 ratione
465 683 503 742 Μ.
523 683 651 759 Tullius,
677 694 705 744 et
723 701 787 743 cam
802 685 858 743 iam
870 685 982 744 clarum
997 686 1118 743 meruis—

114 779 161 827 set
176 770 252 827 iuter
267 777 423 846 patronos,
437 769 491 845 qui
507 777 564 827 turn
581 778 679 844 eraut,
704 786 824 828 nornen:
843 769 872 827 in
888 768 986 828 Asiam
999 770 1119 845 naviga·

115 855 157 911 vit
172 870 265 930 seque
280 861 313 911 -ct
325 852 392 911 aliis
406 853 473 910 sine
490 850 577 911 dubio
593 851 781 930 eloquentiae
801 870 836 911 ac
851 853 1013 930 sapientiae
1029 853 1119 928 magi·

115 938 184 995 stris
205 934 259 995 sed
280 937 440 1014 praecipue
457 945 557 995 tamen
579 935 738 1015 Apollonio
754 935 881 1012 Moloni,
906 954 990 1015 quem
1007 936 1119 996 Romae

114 1009 233 1100 quoque
257 1020 404 1096 audierat,
433 1019 528 1078 Rhodi
547 1037 647 1079 rursus
671 1021 851 1080 formandum
872 1038 909 1080 ac
934 1021 1014 1080 velut
1033 1037 1119 1081 reco-

114 1104 260 1183 quendum
286 1104 375 1163 dedit.
416 1103 486 1162 Tum
509 1103 624 1181 dignum
645 1121 756 1182 operae
775 1105 902 1182 pretium
924 1105 1022 1181 uenit,
1055 1123 1118 1165 cum

114 1190 190 1247 inter
207 1204 239 1247 se
257 1196 419 1264 congruunt
434 1197 593 1265 praecepta
612 1198 640 1248 et
658 1189 868 1266 experimenta.

115 1341 202 1399 Quas
216 1341 249 1391 IN
259 1339 481 1391 SUSCIPIENDlS
499 1338 617 1391 GAUSlS
634 1312 779 1391 olearum
796 1339 1017 1394 osssuflvnrloa
1035 1339 1119 1390 SINT.

108 1495 111 1499 ,
201 1441 264 1502 Vll.
288 1440 361 1502 Cum
377 1445 446 1503 satis
462 1444 490 1501 in
507 1444 583 1502 omni
599 1443 756 1502 certamine
771 1443 873 1501 virium
889 1443 1010 1518 iecerit,
1029 1442 1121 1520 prima

115 1529 145 1586 ei
162 1542 231 1586 cura
246 1528 280 1585 in
296 1527 552 1605 suscipiendis
567 1528 693 1587 causis
709 1527 777 1594 erit3
794 1527 943 1605 inquibus
959 1526 1120 1588 defendere

116 1612 233 1690 quidem
252 1627 321 1669 reos
338 1611 473 1688 proiecto
489 1628 574 1690 quum
591 1611 691 1670 iacere
708 1611 861 1670 virbonus
878 1612 982 1687 malet,
1005 1628 1063 1671 non
1078 1621 1120 1670 ta-

115 1713 182 1753 men
201 1696 240 1753 ita
263 1711 367 1753 nomen
388 1697 480 1773 ipsum
500 1697 680 1755 accusatoris
704 1695 852 1772 horrebit,
871 1705 905 1755 ut
920 1695 999 1755 nullo
1024 1711 1120 1774 neque

116 1779 234 1858 publico
249 1796 346 1858 neque
362 1780 474 1857 privato
491 1779 557 1839 duci
570 1781 663 1858 possit
679 1780 796 1857 cilicio,
813 1790 844 1840 ut
861 1781 987 1860 aliquem
1004 1780 1039 1840 ad
1054 1780 1120 1839 red·

116 1863 240 1923 dandam
257 1865 398 1923 rationem
423 1865 500 1923 vitae
517 1874 615 1925 vocet.
648 1862 720 1924 Nam
742 1873 772 1924 et
787 1865 872 1943 leges
888 1866 971 1943 ipsae
986 1864 1056 1924 nilril
1072 1882 1120 1923 va·

116 1948 205 2022 leant,
223 1949 279 2006 nisi
291 1949 399 2007 actoris
411 1949 516 2008 idonea
528 1967 603 2008 voce
614 1951 754 2018 munitae;
774 1950 839 2009 etsi
851 1967 963 2028 poenas
974 1949 1122 2009 scelerum

117 2039 262 2106 expetere
285 2031 330 2088 lae
352 2048 409 2088 non
425 2040 485 2090 est:
511 2049 604 2110 prope
622 2041 682 2109 est,
707 2041 739 2091 ut
752 2032 869 2092 scelera
893 2035 956 2110 ipsa
977 2034 1121 2112 permissa

117 2114 189 2178 sint;
210 2120 239 2170 et
254 2111 400 2171 licentiam
414 2113 589 2189 melleduni,
607 2124 688 2175 certe
704 2126 806 2175 contra
820 2115 916 2174 bonos
932 2126 987 2176 est,
1022 2116 1148 2189 Quaret

117 2212 215 2273 neque
232 2197 377 2255 sociorum
393 2197 531 2275 querelas
546 2214 602 2256 uec
616 2199 699 2256 amici
712 2199 763 2257 vel
778 2200 933 2277 propinqui
948 2217 1052 2258 necem
1067 2216 1122 2256 nec

118 2289 272 2357 erupturas
284 2281 312 2337 in
324 2296 385 2338 rem
398 2279 542 2358 publicam
556 2282 787 2359 conspirationes
804 2281 907 2341 inultas
918 2283 1043 2360 patietur
1058 2298 1121 2340 ora·

117 2373 180 2439 tor,
213 2379 271 2421 non
296 2380 411 2441 poenae
435 2366 600 2423 nocentium
627 2366 749 2442 cupidus
771 2364 824 2424 sed
855 2365 1025 2425 emendandi
1054 2365 1123 2423 vitia

119 2447 343 2526 corrigendique
365 2465 473 2508 mores.
506 2446 578 2508 Nam
600 2450 781 2527 quitatione
805 2449 916 2511 traduci
938 2449 976 2509 ad
997 2449 1119 2509 meliora

117 2549 176 2591 non
191 2542 328 2609 possunt,
348 2533 412 2592 solo
429 2543 506 2592 metu
523 2535 714 2593 continentur.
745 2532 845 2611 ltaque
864 2543 894 2593 rt
911 2534 1151 2594 accusatoriamtt

116 2618 205 2676 vitam
220 2617 323 2676 vivere
339 2627 369 2676 et
384 2619 420 2678 ad
436 2617 614 2678 delerendos
631 2635 700 2677 reos
712 2618 845 2696 praemio
862 2619 945 2695 duci,
958 2619 1123 2697 proximum

117 2701 270 2760 latrocinio
290 2710 350 2761 est:
374 2703 412 2762 ita
435 2711 549 2780 pestem
572 2703 733 2762 intestinum
751 2703 944 2780 propulsare,
969 2721 1033 2763 cum
1054 2719 1123 2780 pro-

118 2785 328 2862 pugnatoribus
344 2787 457 2864 patriae
475 2787 709 2865 comparandum.
736 2785 865 2864 ideoque
881 2788 1029 2866 principes
1046 2787 1075 2844 in
1090 2805 1123 2844 re

117 2868 237 2946 publica
254 2869 308 2927 viri
325 2885 383 2928 noa
400 2869 637 2929 detrectaverunt
654 2870 729 2929 hanc
747 2871 983 2949 olisiponem,
1006 2870 1122 2931 crediti·

117 2971 174 3030 que
197 2962 261 3011 suat
279 2954 364 3012 etiem
381 2953 451 3013 clari
467 2955 588 3014 iuvenes
603 2953 737 3013 obsidem
758 2956 803 3013 rei
823 2954 959 3032 publicae
975 2955 1047 3014 darc
1065 2971 1122 3013 ma-

117 3037 210 3095 lorum
238 3037 341 3095 civium
362 3039 596 3113 accusationem,
619 3038 685 3116 quia
706 3056 763 3098 aec
779 3038 878 3098 odisse
900 3039 1050 3118 improbos
1065 3055 1123 3096 aec

118 3119 277 3178 simultates
293 3137 458 3198 provocare
473 3123 529 3179 uisi
545 3138 582 3180 ex
594 3121 697 3180 fiducia
713 3121 808 3182 bonae
820 3124 924 3181 mentis
941 3122 1120 3182 uidebantur.

117 3201 209 3279 idque
226 3220 288 3261 cum
304 3203 340 3262 ab
352 3204 523 3280 Hortensio,
547 3204 689 3282 Lucullis,
706 3206 855 3285 Sulpicio,
869 3204 1029 3283 -Gicerone,
1047 3203 1149 3266 cae-4

117 3302 196 3359 sare,
215 3286 345 3364 plurimis
361 3289 436 3364 aliis,
453 3298 511 3347 tura
527 3289 563 3349 ab
579 3298 703 3368 auoque
719 3289 828 3350 Catone
846 3291 952 3351 iactum
971 3299 1028 3358 est;
1051 3307 1121 3367 quo·

117 3387 179 3428 rum
202 3370 275 3429 alter
295 3373 461 3449 appellatus
476 3375 610 3452 sapiens,
636 3375 711 3433 alter
725 3376 779 3434 nisi
796 3375 923 3435 creditur
939 3375 1048 3450 fuisse,
1072 3375 1122 3433 vix

116 3455 195 3529 scio,
219 3456 265 3514 cui
289 3455 440 3537 reliquerit
462 3457 545 3517 huius
567 3459 689 3518 nominis
712 3459 818 3520 locum.
858 3458 962 3541 Neque
984 3458 1122 3519 defendet
