2566 4026
151 141 192 202 ui
472 147 833 208 cenomannorum

153 316 233 383 sunt,
258 307 412 370 consistet:
437 304 584 364 doctiores
606 303 694 363 multa
711 303 860 379 adiiciant,
879 303 929 364 vel
946 304 1004 365 hoc
1022 306 1154 383 primurn,

126 390 231 472 equod
248 390 455 453 barbarismum
474 387 605 467 pluribus
622 386 715 447 modis
734 388 901 465 accipimus.
943 387 1036 449 Unum
1053 399 1155 465 gente,

153 476 239 556 quale
259 475 307 551 lit,
331 475 355 533 si
375 474 439 552 quis
459 471 562 531 Afrum
582 470 631 531 vel
650 471 807 549 Hispanum
823 469 940 532 Latinae
961 474 1084 533 orationi
1103 491 1155 533 no·

151 578 218 620 men
240 560 364 633 inserat,
392 566 422 616 ut
446 556 570 632 lenium,
596 572 653 634 quo
678 563 762 615 rotae
788 556 965 632 vinciuntur,
995 556 1051 616 dici
1078 557 1156 617 solet

154 651 281 714 cantum
300 658 461 720 quanquam
480 657 516 700 eo
534 648 667 717 tanquam
684 647 807 718 recepto
826 640 913 699 utitur
927 641 1057 708 Persius;
1081 642 1157 701 siout

154 723 283 787 Catullus
302 727 469 805 picaenum
489 725 566 784 circa
585 723 690 784 Padum
711 725 834 799 invenit,
857 725 931 783 etin
952 727 1084 784 oratione
1104 724 1155 785 ba·

152 810 230 870 bieni
250 810 328 888 (sire
347 809 398 869 illa
419 804 547 868 Cornelii
566 805 641 868 Galli
662 808 722 887 εει)
744 810 773 866 in
793 807 956 868 Pollionem
974 828 1092 871 caanar
1110 827 1155 868 as·

153 902 298 969 sectator,
325 891 455 968 eilallia
479 891 594 951 ductum
620 899 679 959 est;
700 909 764 952 nam
783 899 989 968 mastrucam,
1012 893 1090 971 quod
1111 901 1157 952 est

128 978 290 1054 SSardum,
311 977 433 1037 irridens
454 973 559 1035 Cicero
581 992 619 1034 ex
636 975 774 1036 industria
795 975 875 1035 dixit.
913 975 1045 1036 Alterum
1062 993 1156 1054 genus

153 1061 324 1122 barbarismi
348 1061 522 1138 accipimus,
544 1060 622 1137 quod
643 1059 674 1119 lit
694 1060 778 1119 animi
802 1068 918 1135 natura,
942 1069 972 1121 ut
991 1061 1031 1135 is,
1057 1078 1073 1120 a
1097 1077 1156 1139 quo

152 1147 315 1207 insolenter
333 1145 400 1224 quid
420 1153 468 1204 aut
485 1145 635 1204 minaciter
650 1153 698 1204 aut
717 1143 875 1204 crudeliter
893 1144 999 1204 dictum
1018 1145 1071 1220 sit,
1091 1144 1154 1204 bar·

114 1230 224 1290 labare
249 1230 364 1290 locutus
387 1228 575 1288 existimatur.
616 1226 743 1288 Tertium
766 1237 810 1287 est
838 1227 909 1288 illud
930 1230 1028 1288 vitium
1052 1228 1156 1288 barba-

152 1314 247 1388 rismi,
267 1315 347 1373 ouius
366 1311 500 1390 exempla
515 1311 604 1388 vulgo
622 1321 687 1370 sunt
702 1311 838 1389 plurima,
857 1311 912 1371 sibi
929 1313 1014 1372 etiam
1033 1314 1156 1390 quisque

153 1398 265 1473 lingere
282 1404 396 1474 potest,
416 1404 446 1454 ut
463 1394 572 1469 verbo,
593 1397 639 1454 cui
656 1395 772 1470 libebit,
793 1394 908 1456 adiiciat
927 1396 1051 1456 litteram
1067 1396 1156 1471 sylla·

154 1479 256 1539 bamve
271 1479 319 1538 vel
335 1478 476 1552 detrahat,
493 1487 541 1538 aut
556 1478 641 1537 aliam
655 1496 709 1556 pro
722 1479 778 1538 alia
793 1488 841 1538 aut
856 1480 977 1540 eandem
989 1480 1057 1555 alio,
1072 1498 1157 1559 quam

11 1582 20 1609 r
112 1567 145 1624 11
153 1571 264 1622 rectum
279 1571 339 1637 est,
354 1562 422 1622 laco
438 1570 536 1638 ponat.
566 1561 625 1621 Sed
642 1562 755 1639 quidam
769 1563 833 1622 lere
849 1565 877 1623 in
892 1565 1075 1624 iactationem
1092 1582 1156 1624 eru·

153 1647 268 1706 ditionis
285 1664 399 1705 sumere
418 1645 469 1705 illa
483 1663 520 1704 ex
535 1646 630 1722 poetis
648 1645 746 1705 solent
764 1656 793 1707 ει
808 1657 958 1723 auctores,
979 1665 1052 1726 quos
1072 1666 1157 1726 prae·

156 1729 270 1808 legunt,
298 1730 490 1790 criminantur.
534 1729 617 1789 Scire
642 1738 737 1790 autem
758 1730 845 1791 debet
865 1749 952 1809 puer,
980 1732 1056 1792 haec
1081 1730 1158 1810 apud

155 1816 315 1892 scriptores
338 1815 491 1874 carminum
515 1823 563 1874 aut
586 1815 670 1873 venia
689 1814 775 1890 digna
795 1824 843 1874 aut
863 1817 948 1875 etiam
973 1815 1059 1876 laude
1079 1816 1156 1890 duci,

110 1900 311 1977 lupetiusque
334 1897 384 1958 illa
404 1898 527 1958 docendi
553 1906 636 1956 erunt
659 1898 750 1958 minus
773 1899 900 1976 vulgata.
938 1897 1010 1958 Nam
1031 1898 1104 1959 duos
1129 1901 1158 1958 in

154 1999 212 2041 uno
234 1983 348 2042 nomine
372 1981 498 2042 iaciebat
518 1979 713 2042 barbarismos
733 1981 824 2060 Tinga
845 1983 1029 2044 Placentinus
1050 1983 1091 2062 (si
1110 2002 1156 2043 re·

154 2065 345 2145 prehendenti
363 2065 517 2125 Hortensio
538 2065 696 2146 credimus)
713 2069 877 2146 preculam
893 2084 946 2146 pro
964 2069 1097 2147 pergula
1116 2068 1157 2128 di-

155 2168 241 2225 cens,
266 2158 295 2208 et
319 2150 515 2210 immutatione
538 2168 602 2210 cum
622 2171 640 2210 e
658 2167 712 2229 pro
728 2171 749 2228 g
768 2159 915 2227 uteretur,
938 2161 968 2211 ct
988 2160 1157 2213 transmuta-

155 2234 234 2293 tione
261 2250 325 2292 cum
348 2253 366 2292 r
390 2242 587 2312 praeponeret
613 2236 806 2296 antecedenti.
854 2236 893 2295 Αι
916 2238 944 2296 in
968 2235 1069 2296 eadem
1096 2236 1158 2295 vitii

154 2319 349 2395 geminatione
369 2315 508 2380 Mattiaco
525 2317 692 2398 Fufettrjaeo
710 2320 810 2380 dicens
828 2319 938 2380 Ennius
956 2321 1074 2398 poetico
1095 2320 1158 2378 iure

112 2407 147 2462 13
155 2401 328 2462 defenditur.
368 2400 427 2462 Sed
449 2403 478 2461 in
496 2420 584 2481 prosa
604 2421 721 2483 quoque
741 2414 786 2465 est
804 2405 944 2483 quaedam
962 2407 1018 2464 iam
1036 2413 1158 2482 recepta

154 2485 321 2546 immutatio.
358 2483 431 2546 Nam
450 2484 556 2547 Cicero
576 2485 797 2567 Canopitarum
816 2491 976 2548 exercitum
995 2487 1080 2561 dicit,
1101 2487 1159 2564 ipsi

156 2567 302 2633 Canobon
319 2578 437 2638 uocant;
460 2581 489 2631 et
510 2570 752 2634 Trasumennum
770 2588 824 2649 pro
846 2570 1056 2631 Tarouanenna
1075 2568 1157 2627 multi

154 2663 305 2730 auctores,
327 2656 438 2714 etiamsi
456 2657 546 2715 estin
566 2672 602 2714 eo
620 2656 831 2728 tmnsmutatio,
851 2653 1077 2712 vindicaverunt.
1111 2652 1155 2710 Si·

152 2739 259 2799 militer
279 2738 348 2805 alia;
369 2756 433 2798 nam
453 2740 515 2798 sive
538 2747 583 2797 est
601 2739 770 2812 aasentias,
790 2737 912 2796 Sisenna
932 2736 1003 2796 dixit
1022 2737 1157 2796 ascendo

153 2822 292 2900 multique
312 2830 341 2882 et
364 2822 440 2884 buno
461 2831 491 2882 et
506 2820 655 2900 analogias
674 2822 782 2896 secuti,
807 2821 871 2881 sive
885 2820 957 2880 illud
974 2837 1075 2879 verum
1096 2828 1155 2881 est:

111 2902 227 2966 ldhaec
249 2923 367 2984 quoque
389 2923 457 2984 pars
479 2922 623 2966 consensu
642 2905 813 2966 defenditur.
852 2904 892 2964 At
912 2904 962 2965 ille
982 2922 1075 2983 pexus
1095 2905 1156 2983 pin·

154 2989 279 3066 guisque
304 2989 408 3051 doctor
430 3000 478 3050 aut
501 2989 562 3050 illia
585 2990 794 3051 detractionem
822 2999 869 3049 aut
894 2989 941 3049 hic
964 2989 1157 3048 adiectionem

154 3071 274 3148 putabit.
316 3071 412 3145 Quid?
440 3073 517 3153 quod
538 3073 692 3152 quaedam,
715 3092 789 3152 quae
811 3074 926 3152 singula
945 3072 1050 3152 procul
1070 3072 1157 3132 dubio

111 3155 259 3217 lovitiosa
282 3165 364 3233 sunt,
387 3159 480 3219 iuncta
507 3160 569 3217 sine
593 3158 824 3236 reprehensione
846 3154 999 3219 dicuntur?
1032 3154 1104 3216 Nam
1128 3165 1158 3215 et

154 3238 218 3301 dua
240 3249 269 3299 et
290 3244 456 3320 trepondo
475 3241 657 3317 diversorum
674 3261 814 3320 generum
834 3252 900 3303 sunt
919 3240 1104 3307 barbarismi;
1130 3248 1158 3299 at

153 3323 320 3403 duapondo
341 3333 370 3383 et
390 3327 538 3405 trepondo
558 3344 652 3405 usquc
671 3327 708 3387 ad
726 3335 853 3387 nostram
873 3335 997 3388 aetatem
1016 3323 1052 3385 ab
1069 3324 1158 3384 omni·

112 3405 206 3469 ldbus
226 3407 410 3485 dictumest,
430 3419 460 3469 et
478 3420 559 3471 recte
577 3411 634 3471 diei
651 3409 779 3471 Messala
799 3411 958 3472 confirmat.
994 3408 1158 3470 Absurdum
