2566 4026
157 149 217 212 tto
481 160 843 219 ιιιιιιριιιιιιιιιιιι

112 329 219 385 tanam
235 324 264 375 et
281 317 310 374 in
325 316 400 377 haec
413 315 539 374 intentus
555 312 668 373 auditor
684 322 739 372 est.
770 313 829 373 Sed
843 331 943 374 eorum
958 316 1075 377 facilior
1090 319 1165 378 ratio

156 409 218 475 est,
235 401 384 459 nonenim
402 398 562 458 cohaerent
577 397 630 456 sed
645 396 889 475 praecedentibus
908 400 1053 469 serviunt;
1077 419 1166 461 exor-

155 485 231 546 dium
246 492 359 542 sumunt
375 501 440 542 cum
456 499 507 557 ιι,
525 480 683 559 quamlibet
697 481 734 539 sit
752 483 924 559 composita
958 482 1027 561 lpsa
1042 488 1165 560 gratiam

155 567 275 648 perdet,
299 568 323 625 si
345 564 382 626 ad
406 584 469 627 eam
486 573 570 643 rupta
586 565 634 624 via
653 565 827 623 venerimus.
873 564 1003 665 Namque
1032 586 1098 628 cum
1074 569 1166 713 md

154 661 186 712 ut
206 650 412 711 Demosthenis
428 666 532 709 severa
552 648 684 747 videatqr
701 650 891 727 compositio,
902 670 1028 754 appion
1048 649 1166 730 μὲν,ω

154 730 259 812 ἄνδρες
273 725 445 811 Ἀθηναῖοι,
461 736 521 803 τοῖς
538 736 621 803 θεοῖς
637 725 757 809 ειιχομαι
770 736 843 793 πᾶσι
861 731 911 792 καὶ
922 728 1047 808 πάσαις·
1067 745 1098 795 ιι
1115 736 1167 796 illa

155 820 247 899 (quae
269 818 306 878 ub
313 835 401 915 uuo,
396 815 506 915 quod
522 816 629 891 sciam,
655 814 744 874 Bruto
762 819 853 876 minus
870 816 1027 894 probatur,
1055 822 1166 878 ceteris

113 891 328 982 iiplacet)''
288 924 347 961 aaa
362 894 451 978 μήπω
466 893 561 982 βάλλῃ
576 896 651 977 μηδὲ
666 893 783 982 τοξεύῃ·
807 897 981 960 Ciceronem
1000 905 1146 1002 carpant
1138 922 1166 962 ru

154 987 215 1047 his:
237 984 414 1047 Familiaris
432 991 577 1062 coeperat
599 1002 666 1044 esse
685 983 874 1058 balneatori,
902 992 931 1043 et
952 983 1021 1046 Non
1039 989 1167 1048 nimiam

156 1071 238 1131 dara
257 1070 477 1168 archipiratae.
517 1067 589 1164 Nam
608 1069 782 1129 balneatori
803 1077 832 1128 et
854 1070 1069 1146 archipiratae
1090 1071 1166 1130 idem

155 1155 219 1214 linis
242 1163 287 1213 est
305 1155 352 1252 qpi
369 1156 442 1214 πᾶσι
459 1150 510 1211 nal
526 1144 636 1222 πάσαις
651 1160 681 1211 ιι
696 1152 744 1228 qui
761 1149 835 1229 μηδὲ
850 1147 970 1236 τοξεύῃ·
998 1152 1051 1213 sed
1066 1155 1166 1232 priora

113 1243 221 1300 διιιιιι
237 1239 397 1297 severiora.
435 1235 513 1296 Est
504 1254 534 1295 ιιι
549 1253 585 1295 ιο
605 1251 722 1313 quoque
738 1235 867 1295 nonnihil
875 1236 980 1336 ,quod
997 1237 1045 1297 hic
1065 1240 1164 1314 singu·

155 1323 191 1383 lis
213 1321 311 1382 verbis
329 1321 387 1381 bini
408 1320 500 1399 pedes
517 1321 714 1394 continentur,
737 1320 815 1397 quod
837 1322 924 1380 etiam
943 1323 972 1379 in
991 1322 1166 1382 carminibus

156 1414 202 1467 est
217 1406 376 1484 permolle;
395 1423 451 1465 neo
465 1404 559 1463 solum
576 1403 625 1462 ubi
643 1405 763 1481 quinae,
786 1406 844 1462 ut
835 1423 864 1463 ιι
883 1404 945 1480 his,
964 1405 1098 1481 syllabae
1115 1424 1165 1464 ne·

156 1499 285 1565 ctuntur‚
309 1488 490 1551 Fortissimae
511 1487 781 1566 Tyndaridarum
810 1489 969 1548 sedetiam
993 1499 1165 1567 quaternae,

157 1591 222 1635 cum
240 1591 345 1632 versus
371 1573 495 1633 cluditur
513 1570 674 1650 Apennino
703 1580 732 1630 et
753 1575 951 1633 armamentis
971 1581 1000 1631 et
1025 1570 1166 1635 Oreione.

113 1656 254 1731 doQuare
275 1656 332 1716 hoo
354 1672 471 1737 quoque
486 1655 631 1715 vitandum
647 1664 708 1732 est,
727 1673 764 1715 ne
784 1655 908 1734 plurium
927 1655 1105 1731 syllabarum
1120 1656 1165 1716 his

154 1739 254 1799 verbis
272 1748 383 1799 utamur
398 1741 428 1798 in
444 1739 511 1799 line.

239 1820 342 1882 lllediis
359 1840 475 1903 quoque
491 1838 550 1880 non
565 1839 599 1881 ea
614 1821 700 1882 modo
718 1840 786 1882 cura
801 1824 854 1898 sit,
872 1831 903 1881 ut
918 1824 993 1883 inter
1007 1842 1042 1883 so
1057 1824 1165 1884 cohae-

155 1914 254 1982 reant,
282 1905 386 1966 sedne
407 1908 505 1984 pigra,
530 1923 568 1965 ne
583 1904 671 1982 lunga
688 1907 760 1982 siut,
781 1924 835 1981 ne,
859 1906 937 1984 quod
952 1925 1028 1967 nunc
1042 1909 1166 1968 maxime

155 1991 254 2050 vitium
280 1997 340 2065 est,
368 1992 499 2050 brevium
525 1998 662 2048 contextu
687 1989 829 2049 resultent
856 2007 891 2049 ao
916 2007 1018 2050 sonum
1044 1991 1167 2052 reddant

113 2073 148 2130 67
156 2091 250 2152 paene
266 2074 419 2151 puerilium
434 2073 688 2152 crepitaculurum.
727 2072 800 2132 Nam
815 2081 846 2132 ut
860 2075 939 2134 initia
956 2074 1166 2154 clausulaeque

155 2157 309 2237 plurimum
322 2159 459 2217 momenti
481 2156 606 2232 habent,
630 2159 764 2234 quotiens
782 2157 882 2235 incipit
897 2175 1001 2217 sensus
1018 2167 1067 2218 aut
1089 2159 1183 2232 desi·-

156 2241 212 2301 nit:
239 2243 283 2300 sio
298 2242 326 2301 in
341 2243 443 2302 mediis
459 2258 576 2321 quoque
591 2249 657 2300 sunt
673 2241 788 2319 quidam
804 2249 942 2317 conatus,
963 2243 1043 2320 iique
1058 2242 1167 2302 leviter

155 2326 298 2385 insistunt.
344 2321 525 2385 currentium
543 2343 612 2403 pes,
632 2325 744 2385 etiamsi
764 2341 822 2383 nun
838 2334 981 2401 moratur,
1001 2334 1098 2386 tamen
1115 2344 1166 2385 ve·

156 2411 273 2486 stigium
294 2408 373 2469 lacit.
418 2409 519 2488 ltaque
542 2426 600 2469 non
622 2407 708 2467 modo
729 2407 857 2469 membra
878 2418 966 2487 atque
982 2410 1074 2469 incisa
1089 2409 1167 2470 hene

155 2494 287 2569 incipere
303 2501 391 2572 atque
410 2493 486 2553 cludi
501 2493 603 2568 decet,
620 2492 773 2551 sedetiam
790 2493 820 2550 in
835 2494 886 2567 iis,
910 2509 986 2570 quae
1005 2510 1063 2551 non
1080 2493 1167 2553 dubie

157 2585 293 2636 contexta
308 2585 372 2635 suut
384 2595 440 2636 nec
452 2577 645 2654 respiratione
657 2585 788 2651 utuntur,
805 2575 848 2635 illi
862 2575 912 2636 vel
927 2576 1035 2635 occulti
1046 2577 1166 2652 gradus.

113 2658 228 2733 issQuis
250 2660 324 2720 euim
345 2659 472 2734 dubitet,
501 2677 586 2718 unum
610 2677 727 2718 sensum
751 2659 780 2718 in
804 2659 861 2719 hoc
883 2667 913 2718 et
930 2677 1016 2718 unum
1035 2660 1168 2737 spiritum

156 2761 239 2803 esse:
254 2741 482 2819 Animadverti,
504 2744 639 2818 indices,
655 2761 772 2804 omnem
786 2744 980 2804 accusatoris
998 2745 1169 2806 orationem

154 2828 281 2889 induas
303 2828 435 2888 divisam
456 2845 523 2888 esse
535 2827 666 2904 partes?
689 2835 786 2886 tamen
806 2835 836 2886 et
851 2826 908 2887 duo
924 2828 1016 2905 prima
1029 2827 1122 2887 verba
1138 2835 1169 2888 ιι

155 2911 209 2971 tria
225 2911 355 2989 proxima
371 2920 401 2970 et
416 2910 556 2988 deinceps
572 2909 628 2971 duo
646 2928 745 2969 rursus
762 2927 796 2969 ac
812 2911 866 2970 tria
882 2928 952 2970 suos
968 2911 1052 2990 quasi
1068 2928 1167 2970 nume·

155 3010 205 3054 ros
221 2994 329 3054 habent
342 2996 474 3072 spiritum
488 2995 683 3070 sustinentes,
702 2995 777 3053 sicut
793 2994 869 3073 apud
881 2994 1060 3070 rhythmicos
1078 2996 1167 3055 aesti-

114 3087 275 3141 domantur.
319 3077 381 3137 Hae
402 3078 562 3156 particulae
586 3086 673 3156 prout
688 3086 753 3137 suut
776 3097 899 3156 graves,
928 3097 1030 3153 acres,
1057 3078 1167 3155 lentae,

160 3162 291 3238 celeres,
307 3163 463 3238 remissae,
482 3162 661 3222 exultantes:
679 3162 802 3240 proinde
818 3162 863 3238 id,
880 3162 958 3241 quod
970 3180 1007 3221 ιιι
1023 3162 1080 3222 illis
1097 3178 1167 3221 con·

157 3245 267 3322 licitur,
280 3254 329 3305 aut
341 3263 476 3305 severum
491 3254 539 3305 aut
550 3246 729 3306 luxuriosum
742 3255 789 3306 ιιι
801 3247 969 3325 quadratum
981 3253 1029 3304 aut
1041 3245 1165 3307 solutum

114 3329 222 3392 toerit.
268 3327 416 3402 Quaedam
438 3331 523 3388 etiam
542 3329 690 3390 clausulae
708 3339 773 3390 sunt
789 3330 910 3389 claudae
930 3338 1017 3407 atque
1037 3329 1168 3407 penden-

157 3419 219 3488 tes,
249 3413 273 3469 si
295 3412 510 3491 relinquantur,
541 3413 594 3472 sed
619 3413 807 3491 sequentibus
831 3413 940 3490 suscipi
970 3430 1005 3472 ae
1029 3413 1169 3473 sustiueri
