2566 4026
139 138 180 203 28
460 147 820 206 u.uue.omuu1u1uu1

97 305 360 384 toNnoiqooimue
385 303 505 368 Pelusio
533 308 565 367 in
592 303 838 373 Alexandriam·
868 304 1047 365 detractione
1073 300 1141 366 Am·

140 392 211 453 dulc
230 391 329 466 olom,
352 388 488 471 Aepppto
509 393 613 468 oemio,
635 388 682 451 Ne
702 392 759 452 loe
777 390 872 469 facim
895 389 1142 465 transmutatione,

141 493 197 554 qua
217 475 288 535 ordo
309 475 455 551 turbatur,
481 473 607 554 Quoque
626 495 698 554 epo,
721 472 811 535 Enim
833 475 889 536 lece
907 476 1015 549 coluit,
1034 469 1144 535 Autem

139 578 200 621 ooo
218 559 332 621 debuit.
377 557 424 618 lix
446 577 503 638 quo
527 578 638 637 genere
659 577 694 619 an
719 560 756 618 sit
780 559 876 637 iqitur
898 560 978 618 initio
1000 559 1145 618 sermonis

141 645 280 723 positum,
301 643 423 704 dubitari
443 653 557 722 potest,
581 645 647 723 quia
659 644 804 703 maximos
824 652 960 703 auctores
980 644 1009 702 in
1029 642 1145 702 diversa

140 728 231 787 luisse
256 729 392 807 opinione
415 729 518 803 video,
546 747 610 789 curn
636 726 712 807 apud
734 727 807 786 alios
827 730 865 787 sit
887 729 972 788 etiam
993 726 1144 806 lrequeus,

99 810 217 891 40apud
239 812 313 872 alios
336 830 479 891 uunquam
498 814 670 892 reperiatur.
709 811 789 871 Haec
815 813 869 873 tria
895 830 1005 890 genera
1031 811 1146 889 quidam

141 897 287 957 deducunt
310 915 326 956 a
350 896 545 974 soloecismo,
573 906 602 957 et
628 896 799 957 adiectionis
826 898 926 956 vitium
950 888 1145 973 πλεονασμόν,

141 982 328 1041 detractionis
348 979 496 1058 ἔλλειψιν,
518 982 691 1042 inversionis
715 971 906 1060 ἀναστροφὴν
925 990 1049 1056 vocant,
1071 997 1146 1058 quae

141 1068 166 1125 si
187 1068 214 1123 in
236 1067 366 1145 speciem
387 1064 556 1126 soloecismi
582 1066 682 1141 cadat,
707 1057 873 1145 innodatio
898 1082 1017 1144 quoque
1042 1065 1145 1125 eodem

98 1159 133 1212 41
141 1149 283 1228 appellari
299 1149 385 1210 modo
402 1167 502 1228 posse.
533 1148 692 1210 immutatio
708 1151 770 1209 sine
787 1152 988 1209 controversia
1004 1157 1064 1224 est,
1082 1166 1147 1207 cum

143 1234 219 1294 aliud
239 1251 292 1313 pro
314 1233 372 1294 alio
392 1235 518 1314 ponitur.
556 1234 589 1295 ld
609 1252 663 1313 per
686 1252 785 1294 omnes
810 1235 949 1293 orationis
974 1242 1073 1312 partes
1096 1232 1145 1292 de-

142 1318 364 1398 prehendimus,
393 1318 629 1397 frequentissime
654 1321 683 1378 iu
704 1318 813 1394 verbo,
841 1320 908 1396 quia
932 1318 1054 1397 plurIma
1080 1316 1147 1375 huic

143 1402 291 1470 accidunt;
319 1403 445 1480 ideoque
469 1405 497 1462 iu
518 1420 554 1462 eo
574 1403 643 1462 liunt
663 1403 831 1463 soloecismi
853 1420 906 1481 per
927 1403 1053 1480 genera,
1076 1409 1146 1459 tem·

142 1503 230 1562 pora,
254 1503 414 1563 personas,
436 1486 555 1561 modos,
578 1488 641 1546 sive
660 1490 707 1547 cui
728 1494 826 1548 stolam
848 1504 900 1546 eos
921 1486 976 1546 dici
998 1504 1050 1545 seu
1072 1501 1147 1563 qaa-

141 1571 242 1630 litalee
257 1568 365 1647 placet,
382 1569 431 1629 vel
447 1588 502 1629 sex
515 1570 581 1646 vel,
599 1579 629 1630 ut
644 1571 692 1630 alii
710 1570 821 1646 volunt,
841 1579 923 1638 octo;
944 1604 986 1616 --
999 1588 1064 1630 narn
1082 1569 1146 1629 toti·

142 1654 207 1712 dem
220 1655 356 1713 vitiorum
371 1663 454 1714 erunt
471 1654 597 1730 formae,
620 1657 736 1733 inquot
755 1657 871 1733 species
888 1671 988 1714 eorum
1007 1656 1146 1732 quidque,

99 1749 133 1803 42
142 1737 178 1797 de
196 1737 299 1814 quibus
315 1754 403 1816 supra
419 1739 598 1814 dictumest,
617 1740 752 1799 diviseris
768 1772 810 1784 --
829 1748 984 1817 praeterea
998 1754 1145 1811 numeros,

142 1823 171 1882 in
196 1822 299 1900 quibus
325 1839 378 1895 nos
404 1823 581 1901 singularem
606 1841 641 1883 ac
662 1823 803 1903 pluralem
831 1823 969 1883 habemus
994 1821 1099 1883 Graeci
1119 1830 1149 1880 et

144 1899 257 1966 δυϊκόν.
305 1906 474 1984 Quanquam
500 1907 629 1983 luerunt,
658 1910 706 1986 qui
733 1907 817 1967 nobis
843 1925 959 1986 quoque
989 1906 1149 1967 adiicerent

143 1990 257 2050 dualem
274 1993 447 2070 scripsere,
467 1993 569 2070 tepere
574 2014 588 2059 ,·
607 1992 685 2068 quod
704 1992 856 2052 evitandae
875 1992 1039 2071 asperitatis
1055 1992 1148 2068 gratie

143 2073 284 2134 mollitum
300 2084 360 2150 est,
381 2083 412 2133 ut
433 2075 510 2152 apud
525 2083 643 2135 veteres
661 2093 715 2155 pro
731 2079 811 2139 mole
826 2078 970 2152 mereris,
992 2076 1072 2137 male
1087 2094 1148 2136 me·

143 2177 224 2220 rere.
261 2156 391 2236 Ideoque
415 2159 492 2236 quod
515 2169 621 2219 vocant
648 2162 787 2237 dualem,
815 2162 843 2220 in
865 2161 917 2221 illo
943 2160 1008 2220 solo
1036 2177 1149 2237 genere

145 2242 294 2318 consistit,
323 2261 387 2303 cum
408 2243 483 2320 apud
508 2240 637 2304 Graecos
660 2246 739 2305 etin
762 2245 846 2305 verbi
868 2253 928 2306 tota
949 2246 1013 2305 lere
1036 2244 1149 2303 ratione

143 2328 222 2386 etin
244 2326 405 2386 nominibus
432 2326 683 2405 deprehendatur,
714 2338 743 2388 et
772 2331 815 2389 sic
842 2348 958 2409 quoque
985 2329 1148 2387 rarissimus

32 2398 54 2434 '
100 2412 205 2470 43eius
229 2411 265 2470 sit
287 2428 372 2479 usus;
402 2411 478 2490 apud
504 2421 669 2474 nostrorum
690 2431 762 2475 vero
784 2417 926 2474 nemiuem
950 2413 1024 2474 haec
1047 2411 1148 2472 obser·

142 2496 219 2555 vatio
238 2496 420 2573 reperiatur,
440 2498 509 2575 quiu
531 2515 547 2556 e
566 2500 712 2559 contrario
731 2500 881 2562 devenere
900 2500 983 2560 locos
1002 2506 1031 2555 et
1053 2497 1149 2556 conti-

143 2599 236 2641 cuere
254 2598 361 2642 omnes
379 2589 408 2639 et
427 2583 595 2642 consedere
612 2586 710 2643 daces
726 2590 827 2659 aperte
845 2597 898 2639 uos
918 2581 1058 2653 doceant,
1078 2577 1149 2637 uihil

142 2663 244 2723 horum
266 2664 302 2725 ad
323 2663 396 2723 duos
421 2667 584 2743 pertinere;
609 2665 718 2726 dixere
744 2680 876 2741 quoque,
905 2662 982 2741 quod
1005 2660 1148 2720 Antonius

142 2746 236 2807 Rufus
264 2765 303 2806 ex
329 2748 447 2808 diverso
473 2750 554 2826 ponit
581 2748 762 2825 exemplum,
797 2748 833 2807 de
862 2744 993 2825 pluribus
1018 2745 1148 2824 patronis

101 2835 251 2910 adpraeco
267 2834 443 2910 pronuntiet·
469 2828 565 2905 Quid?
584 2849 643 2891 uon
656 2830 752 2891 Livius
769 2831 846 2891 circa
861 2831 940 2890 initia
956 2831 1051 2892 stetim
1066 2829 1149 2908 primi

143 2914 220 2990 libri,
240 2914 388 2991 Tenuere,
404 2916 505 2994 iuquit,
522 2933 628 2976 urcem
642 2913 754 2976 Sabini
759 2916 775 2974 2
795 2924 825 2975 et
839 2932 917 2990 mon,
934 2917 967 2977 in
981 2917 1149 2977 aduersam

143 2997 274 3060 Romani
287 3002 431 3061 subiere?
454 2999 513 3060 Sed
529 3016 614 3077 quem
628 3000 724 3078 potius
740 3017 797 3077 ego
814 3017 899 3078 quam
910 2997 947 3058 Μ.
962 2997 1086 3058 Tullium
1102 3015 1148 3056 se·

144 3100 230 3160 quar,
244 3085 292 3161 qui
304 3085 333 3142 in
345 3082 487 3160 Oratore,
501 3081 570 3144 Non
580 3083 787 3163 repretenm,
801 3085 908 3163 inquit,
927 3085 1148 3163 scripserat

100 3168 391 3246 dtscripceruot
405 3187 473 3230 ecee
487 3169 591 3229 uerius
607 3169 725 3229 sentio?
755 3169 893 3229 Similiter
910 3171 938 3228 in
952 3166 1104 3236 vocabulis
1120 3175 1149 3225 et

143 3250 304 3310 nominibus
317 3252 348 3311 lit
360 3252 553 3312 soloecismus
567 3270 689 3328 genere,
705 3271 842 3328 numero,
859 3255 979 3332 proprie
994 3259 1088 3313 autem
1101 3268 1149 3311 ca-

142 3333 233 3411 sibus,
250 3336 388 3414 quidquid
400 3337 501 3396 horum
514 3336 598 3396 alteri
613 3338 762 3398 succedet.
786 3337 859 3398 Huic
873 3339 949 3415 parti
961 3336 1150 3414 subiungatur

143 3418 212 3478 licet
231 3436 285 3498 per
305 3423 538 3497 comparationes
555 3430 584 3481 et
602 3421 833 3500 superlationes,
853 3424 979 3500 itemque
998 3422 1026 3479 in
1046 3419 1148 3498 quibus
