2566 4026
229 213 290 276 238
565 227 926 287 monendomum

230 380 335 439 cilicia.
370 380 412 440 lta
433 400 489 442 nec
510 380 729 442 antecedentem
753 382 893 459 consequi
916 398 1096 460 possumus,
1129 394 1163 445 et
1186 385 1241 446 lon·

228 465 293 541 gius
310 465 432 524 eundum
448 474 504 540 est,
520 474 550 524 nt
567 482 616 524 res
632 465 717 524 ieret.
748 463 785 523 Et
800 463 961 543 probabilis
977 475 1076 526 tamen
1095 470 1241 548 cupiditas

228 548 414 607 honestorum
436 557 465 608 et
485 548 565 608 velut
579 549 692 607 tutioris
708 548 860 608 audentiae
876 557 921 607 est
946 558 1112 629 temptare,
1140 553 1240 632 quibus

227 633 355 709 paratior
368 633 452 692 venia
468 641 522 691 est.

313 784 379 835 NON
397 782 498 835 POSSE
517 782 697 835 ORATOREM
711 782 791 834 ESSE
808 781 873 833 NISI
889 783 995 834 Vtauu
1012 785 1149 838 BONUM.

310 879 333 940 l.
350 879 392 940 Sit
410 896 482 956 ergo
499 878 583 939 nobis
601 890 717 956 orator,
743 899 828 959 quem
845 880 1062 957 constituimus,
1087 882 1134 959 is,
1159 886 1236 963 quia

226 964 265 1025 ll.
285 961 520 1039 Catonelinitur,
542 964 739 1025 virbonus
762 963 911 1024 dicendi
929 965 1096 1042 peritus;
1124 986 1237 1045 verum,

226 1048 255 1109 id
273 1046 351 1125 quod
367 1056 396 1106 et
413 1047 463 1108 ille
477 1048 575 1125 posuit
594 1050 690 1126 prius,
714 1056 743 1107 et
766 1049 829 1126 ipsa
851 1056 950 1107 natura
971 1049 1069 1126 potius
1089 1067 1129 1111 ac
1146 1055 1237 1113 mains

227 1140 288 1208 est,
304 1133 402 1210 utique
420 1130 615 1191 virbonus.
648 1131 680 1192 ld
697 1149 755 1191 non
771 1150 807 1191 eo
824 1140 946 1206 tantum,
964 1132 1061 1209 quod,
1079 1134 1108 1192 si
1126 1137 1173 1195 vis
1190 1138 1237 1198 illa

226 1216 339 1276 dicendi
355 1215 490 1276 malitiam
504 1216 689 1292 instruxerit,
705 1215 775 1276 nihil
791 1217 828 1275 sit
843 1215 969 1294 puhlicis
986 1217 1176 1297 privatisque
1193 1240 1236 1281 re·

224 1300 279 1359 bus
297 1300 489 1377 perniciosius
507 1300 686 1378 eloquentia,
704 1317 818 1378 nosque
834 1301 900 1378 ipsi,
918 1300 966 1377 qui
982 1315 1036 1378 pro
1053 1300 1137 1362 virili
1154 1314 1236 1382 parte

226 1384 362 1444 conferre
377 1384 484 1462 aliquid
500 1383 536 1444 ad
551 1384 718 1444 facultatem
733 1383 847 1444 dicendi
863 1385 959 1442 conati
974 1401 1084 1460 sumus,
1103 1389 1236 1464 pessime

225 1486 386 1528 mereamur
409 1467 446 1527 de
470 1466 559 1528 rebus
583 1467 729 1544 humanis,
758 1469 783 1527 si
807 1468 910 1528 latroni
933 1484 1142 1546 comparamus
1162 1471 1236 1534 llaec

197 1565 303 1617 aarma
317 1570 375 1613 nou
392 1553 481 1612 militi.
516 1551 591 1626 Quid
607 1552 644 1612 de
665 1551 749 1611 nobis
766 1551 891 1630 loquor?
917 1549 1024 1611 Rerum
1046 1553 1115 1630 ipsa
1134 1565 1236 1617 natura

225 1639 253 1697 in
272 1654 325 1712 eo,
351 1636 428 1715 quod
443 1638 604 1714 praecipue
620 1636 775 1696 indulsisse
790 1635 896 1696 homini
910 1636 1024 1696 videtur
1040 1653 1166 1717 quoque
1183 1659 1235 1701 nos

225 1739 242 1782 a
269 1722 375 1781 ceteris
400 1718 569 1780 animalibus
596 1738 769 1798 separasse,
797 1738 855 1780 non
881 1738 988 1799 parens
1016 1720 1070 1780 sed
1102 1740 1234 1786 noverca
1275 1732 1277 1741 '

224 1805 328 1880 inerit,
356 1805 380 1862 si
402 1804 569 1864 facultatem
591 1803 721 1878 dicendi,
751 1807 862 1865 sociam
884 1803 1046 1879 scelerum,
1075 1805 1234 1869 adversam

224 1889 425 1962 innocentiae,
448 1887 561 1946 hostem
581 1889 711 1948 veritatis
728 1889 845 1948 invenit.
882 1887 977 1949 llutos
998 1888 1074 1948 enim
1098 1894 1186 1952 nasci
1208 1901 1235 1952 et
1275 1920 1277 1971 3

224 1990 315 2050 egere
328 1972 402 2031 omni
419 1973 531 2031 ratione
548 1973 636 2033 satius
651 1972 770 2044 fuisset,
793 1991 877 2051 quam
893 1972 1096 2051 providentiae
1112 1993 1233 2037 munera

194 2058 251 2123 ain
271 2064 395 2115 mutuam
417 2056 578 2133 perniciem
600 2065 783 2117 convertere.
816 2056 943 2134 Longius
967 2055 1058 2116 tendit
1075 2056 1138 2118 laoc
1162 2061 1232 2121 indi·
1274 2114 1276 2125 .

224 2143 299 2200 cium
313 2158 417 2199 meum.
449 2138 552 2218 Neque
569 2141 766 2202 enimtantum
785 2139 814 2199 id
832 2141 915 2217 dico,
938 2159 1018 2216 eum,
1041 2142 1091 2218 qui
1110 2144 1151 2203 sit
1168 2162 1232 2204 ora·
1274 2192 1276 2201 .

222 2233 285 2300 tor,
312 2225 404 2283 virum
427 2223 534 2284 bonum
556 2243 623 2284 esse
646 2233 800 2303 oportere,
829 2225 882 2285 sed
904 2242 941 2284 ue
963 2225 1087 2284 futurum
1112 2229 1231 2306 quidem

224 2318 369 2370 oratorem
382 2309 436 2368 nisi
451 2310 543 2368 virum
558 2308 672 2369 bonum.
703 2308 776 2369 Nam
796 2317 877 2369 certe
892 2327 988 2387 neque
1004 2308 1229 2387 intelligentiam

223 2393 410 2453 concesseris
426 2394 479 2470 iis,
502 2393 566 2472 qui,
589 2394 740 2472 proposita
762 2392 948 2453 honestorum
969 2411 1004 2454 ac
1028 2395 1158 2471 turpium
1172 2398 1229 2471 via,

222 2478 353 2556 peiorem
368 2477 451 2555 sequi
466 2477 583 2553 malent,
600 2495 696 2555 neque
712 2477 903 2555 prudentiam,
921 2478 1025 2536 cumin
1038 2479 1230 2554 gravissimas

222 2562 393 2639 frequenter
410 2560 519 2638 legum,
537 2579 657 2640 semper
671 2577 743 2621 vero
759 2561 852 2622 malae
869 2561 1066 2620 conscientiae
1082 2579 1230 2640 poenosa

197 2648 315 2705 isemet
335 2646 407 2724 ipsis
431 2645 589 2723 improviso
607 2664 703 2705 rerum
720 2646 799 2704 exitu
816 2645 976 2705 induantur.
1009 2643 1124 2718 Quodsi
1140 2649 1229 2708 nemi·

221 2747 287 2789 nem
304 2729 408 2789 malum
426 2747 495 2788 esse
510 2729 565 2789 nisi
580 2729 697 2790 stultum
715 2729 848 2805 eundem,
866 2747 924 2789 non
940 2728 1027 2788 modo
1046 2730 1230 2808 sapientibus

214 2811 400 2873 dicitursed
421 2813 510 2891 vulgo
533 2830 651 2892 quoque
673 2832 792 2892 semper
814 2822 859 2873 est
881 2813 1036 2873 creditum:
1067 2823 1151 2875 certe
1172 2833 1230 2875 non

222 2897 272 2956 flet
293 2914 417 2976 unquam
443 2897 547 2957 stultus
574 2907 682 2958 orator.
722 2896 807 2957 Adde
822 2897 901 2976 quod
924 2914 961 2956 ne
987 2896 1083 2957 studio
1112 2899 1230 2978 quidem

222 2982 323 3059 operis
349 2978 534 3059 pulcherrimi
560 2999 667 3042 vacare
690 2999 771 3041 mens
795 2983 850 3041 nisi
877 2979 1008 3041 omnibus
1030 2983 1107 3042 vitiis
1135 2983 1230 3043 libera

222 3073 334 3143 potest:
362 3065 483 3142 primum
504 3064 581 3143 quod
596 3067 625 3123 in
641 3065 744 3125 eodem
760 3075 884 3144 pectore
899 3065 1007 3125 nullum
1026 3075 1071 3125 est
1086 3065 1229 3128 honesto·

221 3166 283 3208 rum
297 3150 479 3227 turpiumque
495 3151 688 3225 consortium,
706 3159 735 3210 et
752 3151 882 3226 cogitare
901 3151 1008 3228 optima
1024 3149 1108 3210 simul
1126 3169 1163 3212 ac
1178 3152 1229 3211 de-

222 3234 338 3293 terrima
363 3249 420 3292 non
444 3235 536 3310 magis
563 3241 608 3292 est
630 3235 713 3294 unius
734 3235 819 3294 animi
844 3251 929 3313 quam
952 3233 1082 3293 eiusdem
1102 3235 1230 3295 hominis

194 3315 326 3380 stonum
342 3334 409 3377 esse
424 3335 460 3377 ac
474 3317 593 3386 malum;
610 3326 668 3377 tum
683 3317 733 3378 illa
749 3335 866 3397 quoque
883 3336 1033 3393 excausa,
1052 3319 1133 3397 quod
1148 3338 1229 3380 men·

222 3406 280 3458 tem
297 3408 392 3461 tantae
408 3402 451 3460 rei
466 3402 603 3461 intentam
617 3419 725 3462 vacare
741 3401 874 3462 omnibus
889 3401 953 3463 aliis
969 3403 1055 3462 etiam
1073 3401 1163 3482 culpa
1180 3421 1228 3465 ca·

221 3481 351 3543 rentibus
368 3484 445 3544 curis
461 3494 586 3564 oportet.
621 3484 663 3545 lta
679 3485 792 3545 demum
807 3486 882 3546 enim
897 3485 990 3546 libera
1007 3503 1043 3546 ac
1057 3494 1131 3564 tota,
1147 3487 1229 3548 nulla
