2566 4026
215 201 277 266 24⁹
534 215 570 262 n.
588 214 666 262 rus.
681 212 903 274 comensem

173 376 388 439 assentientem
413 371 582 449 optimeque
609 370 763 429 dicentem.
799 369 833 430 ln
861 371 918 430 boc
940 379 1036 449 quota
1064 390 1144 450 pars
1172 375 1238 450 eri,

215 457 293 537 quod
308 464 356 515 aut
368 456 543 513 innocentes
554 453 684 513 tuebitur
697 463 746 513 ant
758 455 959 532 improborum
973 455 1097 515 scelera
1113 473 1239 538 compe-

214 551 294 615 scet,
321 547 370 599 eut
391 541 419 598 in
442 539 618 616 pecuniariis
636 539 859 616 quaestionibus
882 540 998 598 veritati
1020 549 1133 601 contra
1160 539 1239 602 culu-

215 626 318 685 mniam
336 621 450 682 aderit?
487 623 621 682 &munus
637 622 689 681 ille
705 622 820 700 quidem
835 623 926 682 iubis
942 638 1064 702 qnoque
1088 626 1238 703 operibns

214 710 301 770 fueri
323 707 375 767 sed
394 707 554 766 maioribus
577 705 684 766 clarius
702 706 850 784 elucebit,
873 725 937 767 cnm
958 708 1093 784 regenda
1112 720 1238 771 senetur

171 793 336 859 utconsilie
362 799 392 850 et
411 790 562 869 popularis
584 804 668 850 error
692 791 728 850 ed
750 791 871 852 meliora
895 793 1059 853 ducendus.
1097 793 1153 852 An
1180 811 1237 854 non

214 877 302 938 talem
318 876 460 954 quendam
476 875 589 934 videtur
605 876 723 934 linxisse
739 875 905 952 Vergilius,
933 890 1018 955 quere
1033 878 1065 934 in
1082 879 1237 939 seditione

215 963 294 1038 vulgi
310 961 365 1020 iam
380 960 462 1019 iaces
478 968 507 1018 et
523 974 593 1019 sam
608 960 760 1019 iaculantis
775 960 989 1020 moderatorem
1005 960 1108 1021 dedit:

274 1044 348 1104 Tam
362 1046 477 1122 pictore
490 1059 619 1122 prooem
632 1062 672 1104 oo
687 1045 803 1105 meritis
816 1046 845 1105 ai
859 1045 940 1123 sorde
954 1046 1057 1106 viram
1075 1060 1177 1122 quem

272 1127 482 1207 Conspexere,
498 1130 588 1190 sileat
604 1130 797 1207 arrectisque
811 1131 943 1191 auribus
957 1131 1087 1191 catoni?

215 1213 360 1273 Habemus
375 1213 464 1290 igitur
480 1222 547 1272 ante
563 1213 657 1272 omnia
672 1213 763 1271 virum
782 1212 906 1289 bonum,
932 1208 1095 1292 posthaec
1111 1215 1236 1276 adiiciet

215 1297 329 1357 dicendi
344 1299 486 1375 peritum:

272 1380 330 1442 ille
345 1383 423 1460 repit
439 1383 530 1442 dictis
544 1383 662 1442 caimos
677 1387 706 1441 et
720 1389 850 1462 pectore
863 1383 984 1442 modoet.

173 1464 313 1540 asQuid?
338 1481 396 1524 non
415 1468 443 1525 in
460 1465 547 1525 bellis
565 1481 683 1544 quoque
699 1465 775 1524 idem
786 1465 842 1525 ille
855 1467 918 1542 vir,
934 1478 1023 1544 quem
1039 1464 1232 1541 instituimus,

216 1551 240 1610 si
262 1551 300 1609 sit
320 1549 356 1609 ed
376 1549 520 1629 proelium
543 1550 627 1609 miles
645 1549 857 1625 cohortandus,
878 1566 919 1609 ex
942 1549 1045 1608 mediis
1060 1551 1233 1627 sapientiae

215 1635 382 1712 praeceptis
400 1635 562 1693 orationem
578 1630 693 1694 trahet?
726 1633 798 1693 Nam
820 1634 967 1712 quomodo
981 1647 1112 1711 pagum
1124 1632 1231 1694 ineun-

215 1717 290 1777 tibus
318 1726 361 1777 tot
382 1717 466 1777 simul
491 1727 584 1777 metus
612 1717 740 1792 laboris,
770 1718 920 1793 dolorum,
948 1726 1101 1796 postremo
1126 1720 1230 1778 mortis

215 1803 306 1880 ipsius
322 1802 503 1876 exciderint,
527 1803 583 1860 nisi
604 1803 633 1859 iu
652 1815 752 1860 eorum
768 1801 865 1861 locum
880 1804 975 1880 pietas
993 1810 1023 1860 et
1034 1797 1184 1862 fortitudo
1198 1809 1230 1860 et

172 1885 330 1953 cohonesti
345 1901 487 1962 praesens
502 1887 598 1962 imago
613 1883 812 1945 successerit?
838 1879 922 1958 Quae
939 1894 1020 1944 corte
1035 1884 1145 1944 melius
1161 1902 1228 1964 per·

216 1967 347 2027 suadebit
369 1968 449 2042 aliis,
479 1971 527 2047 qui
553 1970 632 2047 prius
655 1971 835 2047 persuaserit
857 1971 922 2029 sibi.
954 1969 1054 2028 Prodit
1079 1971 1159 2028 enim
1179 1986 1228 2043 se,

217 2051 373 2132 quamlibet
397 2052 595 2129 custodiatur,
619 2054 782 2123 simulatio;
808 2067 1012 2132 necunquam
1036 2061 1115 2112 tanta
1136 2053 1228 2112 luerit

215 2137 353 2214 loquendi
376 2137 515 2213 facultas,
544 2146 653 2197 utnon
678 2137 781 2197 titubet
806 2147 895 2216 atque
921 2137 1057 2211 haereat,
1084 2139 1228 2214 quotiens

216 2220 251 2280 ab
270 2222 362 2280 animo
378 2221 468 2281 verba
485 2222 665 2282 dissentiunt.
701 2220 863 2282 virentem
880 2221 972 2281 malus
985 2220 1064 2280 aliud
1083 2221 1228 2281 dicetne-

173 2319 209 2371 30
216 2323 301 2366 cesse
316 2315 362 2366 est
378 2324 463 2385 quam
476 2308 577 2366 sentit.
608 2306 707 2367 Bonos
724 2320 866 2384 nunqnam
882 2306 1022 2365 honestus
1040 2318 1141 2364 sermo
1156 2305 1228 2365 defi·

217 2391 286 2467 ciet,
301 2407 445 2468 nunqnam
460 2404 556 2450 rerum
573 2393 745 2469 optimarum
758 2391 841 2468 (nam
858 2390 945 2450 iidem
962 2390 1047 2448 etiam
1064 2389 1228 2467 prudentes

218 2477 315 2554 erunt)
341 2476 483 2544 invectim
505 2490 580 2555 quae
600 2476 715 2535 mansi
739 2475 893 2535 lenociniis
913 2474 1049 2534 destituta
1076 2473 1131 2549 sit,
1157 2475 1229 2532 satis

216 2568 312 2618 tamen
334 2567 434 2620 natura
457 2572 509 2619 suu
529 2569 649 2620 ornatur
670 2576 726 2619 uec
746 2559 901 2638 quidquam
920 2570 981 2616 uon
997 2557 1124 2632 diserte,
1149 2556 1228 2634 quod

173 2643 355 2720 olboneete,
384 2643 498 2703 dicitur.
540 2642 657 2718 Quare,
686 2645 837 2717 iuventus,
867 2644 952 2702 immo
975 2656 1077 2700 omues
1100 2650 1228 2715 aetates,

218 2726 330 2805 (neque
349 2728 423 2786 enim
445 2736 545 2788 rectae
563 2728 703 2788 voluntati
721 2743 819 2786 serum
842 2735 887 2786 est
901 2736 1016 2804 tempus
1031 2724 1139 2804 ullum)
1159 2725 1229 2784 totis

216 2810 359 2870 mentibus
377 2811 433 2871 huc
449 2812 617 2887 tendamus,
640 2813 669 2870 in
686 2811 744 2871 boc
763 2810 963 2878 elaboremus;
987 2809 1087 2869 forsan
1110 2818 1143 2868 et
1159 2824 1228 2868 con·

217 2907 360 2954 summare
377 2897 533 2973 contingat.
566 2895 638 2956 Nam
660 2898 684 2954 si
707 2904 807 2954 nutura
825 2910 882 2954 non
899 2893 1037 2972 prohibet
1054 2902 1083 2952 et
1099 2908 1170 2952 esse
1185 2893 1228 2951 vi·

218 2996 279 3038 rum
300 2978 406 3039 bonum
429 2989 457 3039 et
479 2997 548 3040 esse
565 2980 680 3040 dicendi
704 2981 844 3057 perdum:
873 2997 924 3038 cur
944 2993 1002 3037 nou
1018 2977 1124 3055 aliquis
1141 2977 1228 3036 etium

217 3080 289 3123 nnus
307 3072 459 3144 utrumque
482 3067 623 3142 consequi
642 3060 758 3143 possiti
787 3081 838 3122 our
860 3071 1029 3122 autemnon
1050 3061 1228 3140 requieque

176 3157 209 3210 32
218 3156 317 3226 speret
342 3147 407 3207 iore
434 3149 513 3208 illum
540 3145 686 3226 aliquem?
723 3147 769 3207 Ad
791 3146 868 3225 qnod
890 3148 913 3205 si
937 3148 1018 3205 vires
1037 3145 1148 3222 ingenii
1171 3161 1228 3203 non

219 3232 403 3292 sufficerent:
430 3241 525 3292 tamen
551 3233 586 3292 ad
614 3250 699 3311 quem
721 3249 814 3310 usqne
840 3231 955 3290 modum
977 3229 1227 3308 processerimus,

218 3316 357 3376 meliores
384 3318 490 3376 erimus
512 3335 550 3376 ex
578 3323 711 3394 utroque.
757 3315 821 3374 lloc
848 3323 928 3374 certe
951 3313 1056 3393 procul
1085 3314 1229 3372 eximatur

219 3399 329 3474 animo,
356 3418 452 3459 rerum
476 3400 700 3479 pulcherrimam
718 3399 915 3478 eloquentium
938 3414 1001 3457 cum
1023 3398 1102 3456 vitiis
1122 3398 1229 3456 mentis

219 3497 309 3558 posse
322 3484 447 3543 misceri.
480 3483 615 3545 Facultas
632 3484 764 3560 dicendi,
786 3485 811 3544 ei
828 3484 856 3542 in
871 3483 963 3542 malos
979 3480 1095 3557 incidit,
1119 3490 1150 3540 et
1165 3483 1227 3560 ipss
