2574 3998
392 270 482 320 ruse.
496 271 726 322 calnomum.
739 273 862 340 v11,1o.
1082 264 1121 327 41

120 427 157 488 de
177 427 268 505 prima
295 427 464 503 quaestione
495 425 660 487 dicendum:
685 428 811 505 passim,
843 437 873 487 et
893 438 924 489 ut
948 431 1073 509 quidque
1094 433 1123 493 in

119 519 243 570 mentem
257 511 371 583 veniet,
387 510 550 584 miscuerit,
569 527 626 568 non
640 513 760 588 primum
774 513 803 569 iu
818 529 853 572 ea
868 514 967 571 scierit
982 532 1049 573 esse
1064 524 1121 575 tra·

120 594 267 666 otandum,
284 591 390 652 Verbis
403 593 500 669 legum
512 594 641 653 standum
654 596 690 653 sit
705 612 740 653 an
751 594 915 664 voluntate;
936 595 1018 656 buius
1031 599 1150 675 ipsius?

118 677 279 756 particulae
295 675 411 753 aliquod
426 677 534 735 initium
549 677 669 752 iecerit,
687 677 792 737 deinde
804 681 936 756 proxima
947 679 1122 740 subnectens

118 761 256 820 struxerit
274 761 452 834 orationem,
474 769 505 818 ut
522 778 589 838 pars
607 760 729 820 bominis
751 771 795 820 est
811 780 928 838 manus,
951 764 1012 821 eius
1029 764 1121 841 digiti,

118 844 233 904 illorum
263 860 380 922 quoque
407 844 529 903 articuli.
571 843 636 904 Hoc
661 853 721 919 est,
750 845 828 922 quod
855 847 981 923 scriptor
1006 845 1122 906 demon-

117 936 211 989 strare
231 944 289 985 non
310 929 418 1004 possit,
444 928 497 986 nisi
514 936 593 987 certa
616 927 790 1007 definitaque
805 931 932 989 materia.
973 929 1033 990 Sed
1053 928 1152 1008 quid8

117 1031 173 1071 una
194 1011 284 1070 iaciet
307 1020 354 1069 aut
375 1009 485 1086 altera,
505 1013 573 1089 quin
594 1013 678 1070 immo
702 1021 815 1072 centum
837 1030 872 1072 ac
887 1012 966 1072 mille
986 1015 1015 1072 in
1031 1032 1064 1071 re
1081 1015 1122 1072 in·

117 1091 218 1155 linita?
260 1093 465 1171 Praeceptoris
487 1103 547 1171 est,
572 1096 601 1155 in
621 1095 678 1155 alio
703 1104 789 1173 atque
807 1096 864 1155 alio
883 1114 994 1173 genere
1016 1096 1123 1157 cotidie

117 1176 292 1252 ostendere,
315 1179 379 1254 quis
395 1177 467 1236 ordo
484 1178 521 1236 sit
540 1196 636 1237 rerum
651 1187 680 1236 et
695 1196 769 1257 quae
786 1179 949 1257 copulatio,
973 1189 1004 1239 ut
1023 1180 1122 1258 paula·

118 1263 167 1322 tim
186 1261 234 1321 liat
251 1279 320 1319 usus
336 1270 365 1319 et
380 1260 532 1320 adsimilis
549 1264 694 1324 transitus.
729 1261 815 1321 Tradi
831 1264 905 1321 enim
921 1264 1029 1339 omnia,
1047 1281 1122 1341 quae

119 1363 166 1404 ars
190 1344 295 1415 eflicit,
317 1361 374 1402 non
393 1354 525 1422 possunt.
573 1344 646 1405 Nam
666 1347 729 1422 quis
751 1347 847 1422 pictor
867 1347 977 1422 omnia,
1001 1364 1075 1424 quae
1093 1348 1150 1407 inb

118 1447 215 1488 rerum
234 1436 334 1487 natura
355 1437 436 1503 sunt,
462 1427 631 1488 adumbrare
652 1424 772 1490 didicit?
798 1428 850 1488 sed
869 1439 1011 1508 percepta
1031 1430 1138 1490 semel¹

118 1511 242 1572 imitandi
259 1513 371 1570 ratione
393 1511 584 1586 assimulabit,
608 1511 745 1590 quidquid
764 1514 922 1591 acceperit.
973 1513 1044 1587 Quis
1065 1530 1123 1572 nou

117 1595 202 1656 faber
216 1594 366 1655 vasculum
382 1594 514 1672 aliquod,
533 1595 618 1673 quale
634 1613 775 1674 nunquam
788 1596 915 1672 viderat,
935 1594 1027 1656 iecit‘l

146 1719 149 1727 -
203 1678 349 1752 Quaedam
361 1696 432 1737 vero
445 1695 502 1736 non
518 1678 681 1738 docentium
693 1688 757 1738 sunt
769 1679 822 1738 sed
835 1680 1014 1740 discentium.
1049 1679 1122 1740 Nam
1131 1689 1164 1741 10

117 1763 263 1835 medicus,
293 1761 360 1839 quid
380 1764 408 1820 in
429 1779 546 1840 quoque
566 1762 739 1823 valetudinis
759 1782 870 1839 genere
891 1762 1053 1824 iaciendum
1074 1765 1121 1837 sit,

120 1846 187 1925 quid
204 1845 367 1924 quibusque
389 1846 479 1923 signis
500 1846 726 1924 providendum,
751 1846 883 1914 docebit;
904 1848 961 1906 vim
980 1846 1123 1906 sentiendi

119 1930 219 2008 pulsus
242 1946 395 2004 venarum,
427 1928 535 1988 coloris
557 1930 677 2004 modos,
706 1931 823 2007 spiritus
847 1939 985 2006 meatum,
1015 1930 1122 1989 caloris

118 2013 293 2088 distantiam,
311 2030 385 2090 quae
400 2030 453 2072 sua
464 2015 604 2091 cuiusque
617 2022 681 2072 sunt
696 2015 817 2090 ingenii,
836 2031 893 2072 non
905 2013 992 2073 dabit.
1025 2013 1122 2087 Quare

118 2097 240 2174 plurima
260 2105 391 2173 petamus
415 2095 531 2155 anobis
550 2106 658 2157 etcum
680 2097 775 2157 causis
794 2096 987 2157 deliberemus
1009 2098 1121 2173 cogite-

118 2197 256 2257 musque,
278 2178 407 2239 homines
430 2188 495 2238 ante
511 2180 656 2239 invenisse
673 2189 763 2240 artem
785 2197 869 2256 quam
886 2180 1033 2239 docuisse.
1069 2178 1163 2238 lllall

120 2265 194 2321 enim
211 2264 411 2340 potentissima
428 2270 489 2338 est,
516 2281 649 2341 quaeque
664 2280 735 2321 vere
753 2263 856 2322 dicitur
872 2263 1062 2322 oeconomica
1078 2271 1121 2321 to·

119 2347 175 2405 tius
200 2363 306 2404 causae
327 2346 496 2424 dispositio,
519 2363 593 2423 quae
614 2345 796 2404 nullomodo
817 2342 952 2404 constitui
968 2346 1021 2402 nisi
1042 2343 1122 2404 velut

119 2431 146 2488 in
169 2448 201 2489 re
230 2438 386 2507 praesente
413 2436 526 2506 potest:
552 2427 600 2487 ubi
623 2429 823 2487 assumendum
848 2429 1043 2505 prooemium,
1074 2426 1122 2485 ubi

120 2512 319 2579 omittendum
345 2512 394 2571 ubi
408 2512 544 2571 utendum
561 2511 745 2589 expositione
761 2513 909 2585 continua,
933 2509 981 2568 ubi
996 2510 1120 2586 partita;

65 2667 68 2674 Ι
119 2596 167 2655 ubi
189 2595 224 2654 ab
244 2597 330 2655 initiis
353 2595 560 2673 incipiendum,
585 2594 633 2654 ubi
654 2609 736 2653 more
753 2593 908 2653 Homerico
925 2611 941 2651 e
957 2591 1058 2651 mediis
1073 2591 1121 2650 vel

119 2680 241 2747 ultimis;
278 2679 326 2738 ubi
353 2681 466 2738 omnino
494 2696 551 2737 non
577 2677 791 2756 exponendum
825 2676 939 2755 quando
963 2693 979 2735 a
1004 2675 1166 2750 nostris,lb

120 2763 233 2841 quando
250 2762 286 2822 ab
302 2762 532 2821 adversariorum
543 2760 791 2840 propositionibus
806 2761 992 2838 incipiamus,
1008 2758 1123 2836 quando

119 2864 135 2905 a
150 2847 317 2905 firmissimis
333 2845 569 2924 probationibus,
582 2845 695 2924 quando
707 2863 723 2904 a
735 2843 908 2910 levioribus:
926 2860 981 2921 qua
996 2842 1024 2899 in
1036 2857 1123 2901 causa

119 2929 345 3007 praeponendae
357 2931 514 3007 prooemiis
526 2931 724 3008 quaestiones,
738 2946 793 3005 qua
805 2927 1026 3006 praeparatione
1039 2941 1123 3002 prae·

119 3013 303 3079 muniendae;
321 3012 388 3090 quid
401 3013 502 3072 iudicis
517 3012 625 3071 animus
641 3013 777 3089 accipere
789 3012 883 3089 possit
897 3011 990 3069 statim
1006 3008 1122 3081 dictum,

122 3113 179 3172 quo
198 3096 333 3173 paulatim
353 3095 553 3160 deducendus:
580 3096 701 3172 singulis
724 3113 760 3154 an
780 3095 922 3153 universis
950 3090 1124 3170 opponenda

120 3178 270 3245 reiutatio;
296 3180 465 3239 reservandi
480 3180 658 3257 perorationi
676 3197 712 3237 an
727 3196 782 3256 per
801 3187 890 3237 totam
909 3177 1052 3236 actionem
1071 3173 1124 3232 dii·

121 3260 256 3319 fundendi
281 3263 417 3330 allectus:
445 3263 481 3322 de
504 3264 566 3321 iure
581 3265 660 3346 prius
681 3280 716 3321 an
738 3262 774 3320 de
795 3262 941 3339 aequitate
958 3258 1123 3324 dicendum;

122 3351 253 3403 anteacta
275 3347 392 3405 crimina
414 3364 466 3422 an,
490 3347 526 3406 de
543 3345 644 3423 quibus
660 3345 794 3404 iudicium
810 3353 871 3420 est,
895 3345 974 3422 prius
994 3342 1123 3402 obiicere

121 3425 169 3484 vel
186 3425 297 3487 diluere
313 3431 480 3498 conveniat;
504 3431 529 3488 si
546 3428 721 3507 multiplices
738 3446 844 3489 causae
860 3435 959 3503 erunt,
975 3426 1039 3505 quis
1051 3425 1123 3485 ordo
1135 3431 1167 3484 13

122 3509 287 3586 faciendus,
318 3529 392 3589 quae
417 3513 581 3573 testimonia
606 3512 762 3573 tabulaeve
789 3512 929 3588 cuiusque
952 3511 1069 3587 generis
1095 3508 1124 3566 in
