2566 4026
152 187 213 252 258
486 194 851 254 u.uus.ouruu1u1uu1

152 373 234 431 num,
256 355 324 434 quia
339 353 382 413 liti
397 352 462 432 ipse
478 369 536 411 non
553 350 676 426 suffieit,
693 358 741 410 aut
756 348 861 428 aliquis
878 367 915 409 ex
932 366 969 409 eo
988 368 1112 428 genere
1129 349 1178 412 ad·

152 448 333 514 vocatorum,
352 437 400 515 qui
413 454 447 496 se
458 454 516 497 non
527 453 619 514 posse
632 452 723 513 agere
736 433 922 503 confitentum
940 433 1051 495 deinde
1065 435 1179 496 iaciunt

151 525 180 584 id
196 523 274 604 quod
291 522 381 581 estin
398 520 514 599 agendo
532 518 740 582 difficillimum.
772 517 844 578 Nam
860 519 908 599 qui
923 518 1082 596 iudicare,
1107 521 1177 599 quid

152 606 316 682 dicendum,
334 604 402 686 quid
417 603 669 680 dissimulandum,
688 602 758 682 quid
773 601 975 663 declinandum
990 605 1174 678 mutandum,

153 691 319 769 lingendum
334 690 420 749 etiem
432 691 479 766 sit,
497 696 605 769 potest,
623 706 675 748 eur
686 704 745 746 nou
756 687 793 747 sit
809 695 924 748 orator:
941 688 1075 766 quando,
1095 690 1175 770 quod

124 775 299 844 fidilbcilius
318 782 380 850 est,
409 783 557 834 oratorem
577 768 669 834 lacit?
701 772 737 831 Hi
760 788 850 850 porro
871 788 930 831 non
949 780 1064 833 tantum
1082 791 1173 834 noee-

152 868 233 937 rent,
257 860 281 918 si
294 859 389 919 omnia
403 858 584 934 scriberent,
601 858 642 916 uti
659 865 745 935 gesta
762 864 835 916 sunt.
867 853 951 916 Nunc
967 858 1129 919 consilium
1146 867 1174 918 et

154 944 273 1005 colores
292 942 428 1003 adiiciunt
447 951 475 1003 et
494 942 592 1020 alique
614 941 716 1020 peiora
731 941 829 1017 veris,
855 938 934 1018 quae
945 939 1090 1020 plerique
1108 962 1173 1004 cnm

153 1036 350 1108 acceperunt,
372 1035 482 1087 mutare
498 1027 582 1087 nelas
599 1024 708 1086 babent
726 1033 756 1084 et
771 1023 852 1085 velut
867 1025 994 1085 themata
1010 1027 1042 1086 in
1059 1027 1172 1088 scholis

154 1114 249 1192 posita
266 1110 440 1172 custodiunt.
473 1110 588 1171 Deinde
605 1108 862 1189 deprehenduntur
876 1117 906 1169 et
922 1125 1061 1187 eausam,
1085 1130 1171 1192 quam

153 1196 270 1257 discere
287 1213 325 1255 ex
337 1196 397 1255 suis
408 1194 602 1273 litigatoribus
615 1195 780 1269 noluerunt,
798 1211 836 1254 ex
851 1193 1030 1254 adversariis
1044 1195 1170 1256 discunt.

125 1280 287 1347 tbiberum
301 1280 389 1357 igitur
404 1278 504 1340 demus
520 1288 586 1339 ante
604 1280 699 1340 omnia
714 1279 766 1354 iis,
789 1295 911 1356 quorum
931 1279 1086 1355 negotium
1105 1283 1170 1356 erit,

153 1375 267 1443 tempus
284 1382 319 1424 ae
336 1365 450 1439 locum,
472 1363 718 1443 exhortemurque
735 1361 829 1438 ultro,
847 1371 877 1422 ut
895 1363 990 1422 omnia
1007 1364 1172 1441 quamlibet

152 1448 282 1509 verbose
298 1457 328 1508 et
343 1447 419 1509 unde
434 1447 536 1508 volent
550 1449 676 1526 repetita
694 1465 732 1507 ex
753 1456 886 1526 tempore
909 1458 1071 1524 exponant.
1106 1448 1171 1510 Non

154 1535 229 1594 enim
251 1542 308 1593 tam
331 1532 418 1593 obest
440 1533 540 1593 audire
559 1549 742 1611 supervacua
761 1548 845 1610 quam
864 1532 1002 1608 ignorare
1026 1551 1170 1593 necessa·

125 1620 207 1683 8ria.
236 1615 421 1695 Frequenter
442 1626 537 1678 autem
561 1625 590 1676 et
610 1616 715 1677 vulnus
734 1626 762 1676 et
784 1614 942 1676 remedium
957 1616 986 1674 in
1007 1615 1045 1676 iis
1069 1627 1170 1679 orator

153 1702 300 1775 inveniet,
318 1719 394 1779 quae
415 1701 555 1778 litigatori
576 1701 605 1760 in
625 1710 756 1764 neutram
772 1708 885 1779 partem
905 1698 1016 1760 habere
1038 1719 1169 1763 momen·

154 1794 212 1846 tum
230 1783 412 1844 videbantur.
442 1784 507 1844 Nee
529 1792 608 1845 tanta
630 1787 666 1845 sit
688 1795 789 1846 acturo
808 1785 967 1844 memoriae
990 1784 1119 1865 liducia,
1141 1795 1171 1847 ut

154 1867 343 1929 subscribere
360 1868 456 1929 audita
472 1869 582 1946 pigeat.

240 1951 304 2012 Nee
319 1952 411 2012 semel
427 1953 544 2012 audisse
559 1954 596 2013 sit
611 1954 698 2021 satis;
722 1953 873 2032 cogendus
890 1954 993 2014 eedem
1010 1956 1122 2017 iterum
1137 1975 1170 2017 ac

156 2036 274 2114 saepius
289 2035 390 2097 dicere
403 2037 544 2115 litigator,
561 2054 620 2098 nou
631 2037 726 2099 solum
737 2040 804 2118 quia
817 2037 948 2116 effugere
962 2039 1062 2117 aliqua
1077 2042 1169 2119 prima

155 2122 340 2199 expositione
368 2129 542 2201 potuerunt,
576 2125 749 2202 praesertim
774 2123 920 2184 bominem
948 2124 1050 2202 (quod
1076 2144 1169 2204 saepe

155 2207 268 2285 evenit)
291 2207 470 2285 imperitum,
492 2207 547 2268 sed
569 2209 655 2268 etiam
676 2216 707 2268 ut
730 2209 870 2284 sciamus,
896 2225 932 2267 an
953 2208 1058 2269 eadem
1079 2209 1159 2270 dicat

125 2290 271 2353 9Plurimi
297 2293 371 2351 enim
393 2294 567 2352 mentiuntur
588 2300 634 2367 et,
665 2300 799 2371 tanquam
821 2309 879 2351 non
900 2292 1027 2352 doceant
1051 2311 1169 2354 causan

155 2376 208 2435 sed
225 2384 326 2452 agant,
344 2392 401 2435 non
418 2386 449 2436 ut
466 2395 530 2437 cum
545 2386 669 2455 patrono
686 2378 739 2437 sed
754 2385 786 2436 nt
801 2394 866 2436 cum
882 2375 978 2436 iudice
995 2377 1166 2456 loquuntur.

155 2458 342 2538 Quapropter
357 2478 501 2539 nunquam
516 2458 764 2521 satiscredendum
776 2470 832 2536 est,
845 2461 898 2520 sed
910 2462 1065 2538 agitandus
1077 2464 1168 2522 omni·

64 2607 65 2610 ,
114 2542 208 2605 lubus
231 2544 323 2604 modis
346 2554 375 2605 et
397 2544 554 2606 turbandus
574 2555 603 2605 et
620 2545 797 2605 evocandus.
830 2543 903 2605 Nam
920 2554 951 2605 ut
966 2547 1093 2606 medicis
1112 2564 1168 2607 non

155 2630 324 2705 apparentia
349 2629 437 2690 modo
464 2631 533 2689 vitia
555 2629 681 2690 curanda
708 2638 774 2690 sunt
801 2628 964 2689 sedetiam
991 2631 1169 2692 invenienda

155 2728 230 2789 quae
247 2712 355 2790 latent,
378 2731 469 2792 saepe
485 2714 557 2793 ipsis
574 2731 625 2791 ea,
646 2715 695 2792 qui
711 2713 828 2775 sanandi
844 2721 927 2789 sunt,
945 2714 1167 2776 occulentibus:

154 2797 194 2855 ita
215 2795 373 2857 advocatus
389 2797 488 2877 plura,
511 2816 596 2876 quam
610 2798 818 2873 ostenduntur,
845 2798 977 2876 aspiciat.
1010 2797 1085 2859 Nam
1105 2818 1168 2860 cunr

154 2881 224 2939 satis
246 2882 276 2940 in
298 2880 441 2942 audiendo
463 2883 622 2961 patientiae
643 2882 833 2961 impenderit:
857 2885 885 2943 in
907 2882 993 2942 aliam
1013 2901 1119 2944 rursus
1142 2884 1167 2943 ei

155 2982 311 3043 personam
326 2967 531 3028 transeundum
547 2976 607 3043 est,
629 2967 818 3044 agendusque
833 2967 1036 3044 adversarius,
1058 2985 1166 3048 propo-

155 3048 279 3108 nendum
296 3050 433 3128 quidquid
450 3053 564 3111 omnino
587 3053 750 3129 excogitari
769 3061 870 3112 contra
884 3059 998 3130 potest,
1025 3052 1167 3132 quidquid

155 3134 261 3211 recipit
278 3135 307 3192 in
319 3136 460 3195 eiusmodi
475 3136 689 3214 disceptatione
701 3144 811 3196 natura.
839 3135 1069 3212 Interrogandus
1082 3154 1167 3215 quam

115 3227 146 3279 ll
155 3216 343 3277 infestissime
359 3237 394 3279 ae
409 3221 594 3298 premendus.
625 3219 698 3280 Nam
713 3220 779 3280 dum
793 3223 887 3280 omnia
903 3220 1090 3298 quaerimus,
1116 3222 1166 3282 ali·

157 3302 272 3379 quando
288 3302 324 3362 ad
339 3321 457 3380 verum,
473 3304 522 3364 ubi
536 3305 650 3364 minime
667 3306 902 3384 expectavimus,
919 3307 1120 3383 pervenimus.

242 3384 275 3444 ln
296 3404 403 3448 summa
425 3389 549 3468 optimus
567 3399 611 3449 est
626 3390 655 3448 in
669 3389 808 3450 discendo
825 3399 963 3469 patronus
984 3389 1165 3450 incredulus.

157 3466 298 3529 Promittit
314 3472 388 3531 enim
405 3473 533 3550 litigator
551 3475 655 3550 omnia,
672 3482 779 3534 testem
794 3473 945 3554 populum,
965 3475 1167 3552 paratissimas
