2566 4026
403 215 493 263 lusu.
508 213 658 262 olearon.
675 214 744 260 ura.
758 212 807 278 111,
821 208 847 262 6.
1069 197 1128 261 121

112 372 190 434 nuda
208 375 301 433 etiam
315 373 493 433 somniorum
508 379 595 448 atque
612 369 736 427 ominum
752 369 927 445 interpretes
945 369 1129 428 coniectores

114 467 271 518 vocantur.
321 454 512 535 Appellatum
539 464 633 513 tamen
659 461 703 511 est
727 451 784 510 hoc
807 469 899 526 genus
923 453 1020 529 varie,
1056 453 1131 513 sicut

116 539 314 620 sequentihus
334 537 498 620 apparebit.

445 691 529 750 QUOT
548 692 590 740 ET
610 691 664 749 QUI
683 688 819 741 STATUS.

203 791 353 865 Fuerunt,
375 791 423 867 qui
445 790 535 848 duos
558 799 649 849 status
673 788 820 847 lacerent:
844 785 1044 846 Archedemus
1062 803 1130 845 con·
1139 788 1172 846 31

117 875 296 938 iecturalem
320 882 349 932 et
373 873 527 948 finitivum,
553 873 674 933 exclusa
698 871 853 950 qualitate,
878 872 944 948 quia
966 873 1010 929 sic
1033 869 1069 929 de
1096 888 1131 931 ea

119 963 222 1042 quaeri
244 957 438 1032 existimabat,
456 917 527 1034 quid
542 967 621 1017 esset
639 953 787 1033 iniquum?
806 954 874 1034 quid
889 952 1044 1014 iniustum?
1064 955 1131 1032 quid

119 1049 198 1107 dicto
229 1043 395 1103 audientem
416 1058 473 1100 non
500 1039 588 1101 esse‘l
618 1041 693 1120 quod
715 1049 802 1099 vocat
824 1039 863 1099 de
885 1040 989 1100 eodem
1012 1040 1130 1100 etalio.

118 1130 193 1189 llnic
220 1128 340 1187 diversa
362 1128 506 1185 sententia
531 1143 630 1184 eorum
650 1126 719 1198 luit,
743 1126 790 1202 qui
812 1124 884 1183 duos
908 1124 1022 1200 quidem
1040 1123 1174 1183 status3t

120 1232 189 1273 esse
216 1211 375 1271 voluerunt
403 1210 455 1269 sed
480 1230 565 1269 unum
592 1169 754 1283 infitialem,
784 1208 906 1267 alterurn
931 1208 1130 1268 iuridicialem.

120 1295 255 1358 infitialis
278 1303 339 1370 εει,
364 1312 448 1373 quern
469 1294 588 1354 dicimus
607 1293 848 1367 coniecturalem,
869 1293 914 1350 cui
932 1291 966 1350 ah
983 1292 1130 1351 inlitinndo

120 1398 231 1441 nomen
246 1379 327 1438 alii
319 1397 347 1437 rrr
363 1387 453 1437 totum
475 1378 631 1454 dederunt,
654 1377 731 1437 alii
723 1395 751 1435 ru
771 1384 900 1454 partem,
922 1378 988 1455 quia
1011 1394 1130 1435 accusa·

122 1476 218 1525 torem
242 1465 426 1538 coniectura,
451 1482 531 1522 reum
553 1463 721 1522 infitiatione
743 1464 784 1520 uti
800 1468 992 1559 putaverunt
1029 1459 1172 1520 luridi-33
1195 1527 1197 1531 ,

122 1550 206 1610 cialis
227 1548 340 1625 estqui
359 1508 471 1606 Graece
489 1546 592 1606 dicitur
609 1537 834 1645 dincroioprno'g3
868 1546 927 1605 Sed
946 1545 1130 1624 quemadmo-

121 1634 187 1694 dum
206 1632 244 1692 ah
257 1630 442 1690 Archedemo
461 1631 584 1710 qualitas
601 1632 721 1691 exclusa
738 1641 794 1706 est,
810 1632 853 1691 sic
869 1628 904 1688 ab
920 1631 965 1690 his
981 1629 1132 1708 repudiata

122 1719 225 1778 linitio,
261 1714 334 1774 Nam
351 1713 504 1774 subiiciunt
521 1734 582 1774 eam
598 1715 766 1790 iuridiciali,
786 1715 1041 1793 quaerendumque
1057 1712 1131 1774 arhi-

124 1810 256 1874 uantur,
278 1800 420 1858 iustumne
437 1801 488 1875 sit,
510 1799 695 1876 sacrilegium
714 1799 857 1876 appellari
874 1799 952 1876 quod
968 1798 1131 1872 obiiciatur,

122 1886 171 1944 rel
193 1885 303 1943 furtum
321 1882 370 1941 vel
393 1886 553 1942 amentiam.
592 1883 655 1956 Qua
675 1886 703 1941 in
722 1885 858 1961 opinione
881 1882 1046 1961 Pamphilus
1067 1882 1174 1956 trinas

123 1969 174 2028 sed
193 1967 366 2045 qualitatem
385 1968 412 2025 in
435 1968 517 2044 plura
533 1970 655 2045 partitus
672 1976 732 2036 est;
756 1968 871 2045 plurimi
894 1967 1051 2044 deinceps,
1072 1983 1131 2023 rnu-

124 2054 189 2113 tatis
210 2060 319 2111 tantum
335 2052 511 2126 nominihus,
531 2054 559 2110 in
575 2070 636 2111 rem
652 2052 688 2111 de
704 2069 760 2129 qua
778 2058 908 2126 constet,
929 2052 1000 2110 etin
1017 2068 1079 2109 rem
1095 2049 1131 2109 de

125 2155 179 2216 qua
205 2153 264 2194 non
286 2143 410 2193 constet.
447 2134 519 2195 Nam
542 2146 586 2195 est
608 2154 725 2203 verum;
751 2154 807 2194 neo
829 2134 914 2194 aliter
935 2135 997 2194 heri
1021 2143 1130 2213 potest,

126 2239 211 2300 qnam
228 2227 260 2277 ut
277 2227 326 2277 aut
342 2228 452 2278 certum
468 2222 504 2278 sit
524 2220 631 2279 factum
649 2237 715 2279 esse
732 2220 800 2297 quid
818 2229 939 2278 autnon
955 2222 1005 2287 sit;
1029 2221 1053 2278 si
1074 2236 1131 2278 non

125 2314 168 2365 est
194 2312 322 2377 certum,
353 2305 520 2362 coniectura
542 2305 595 2378 sit,
624 2305 648 2361 si
676 2313 787 2362 certum
809 2310 870 2379 est,
897 2304 1003 2382 reliqui
1029 2312 1129 2362 status.

123 2389 198 2449 Nam
212 2389 290 2448 idem
312 2348 381 2446 dicit
396 2386 614 2465 Apollodorus,
636 2403 699 2444 cum
716 2388 915 2463 quaestionem
933 2397 981 2446 aut
998 2389 1026 2445 in
1042 2385 1130 2444 rebus
1139 2392 1172 2445 30

125 2471 352 2549 extrapositis,
381 2471 483 2548 quihus
507 2472 675 2529 coniectura
697 2470 876 2546 explicatur,
904 2473 1000 2530 autin
1023 2471 1131 2528 nostris

125 2555 311 2661 opinionibus
340 2557 484 2614 existimat
510 2556 649 2632 positam,
681 2570 801 2657 quorum
829 2553 900 2616 illud
926 2544 1132 2632 πραγματικὸν

123 2642 182 2702 hoc
197 2661 267 2716 περι
257 2636 400 2710 ἐννοίας
415 2648 517 2705 vocat:
538 2639 629 2714 idem,
654 2640 702 2716 qui
720 2631 908 2718 olnpdlqmov
924 2647 952 2696 ει
972 2640 1131 2718 προληπτι-

123 2720 179 2786 adv
194 2722 310 2798 dicunt,
333 2723 362 2783 id
379 2733 424 2782 est
442 2723 556 2782 dubium
578 2732 606 2782 et
622 2731 852 2801 praesumptum,
878 2740 935 2801 quo
954 2721 1132 2800 significatur

124 2810 238 2887 dequo
261 2768 361 2885 liqhet
402 2806 481 2866 ldem
498 2807 670 2867 Theodorus
680 2809 759 2886 ‚qui
783 2807 819 2866 de
842 2825 895 2883 eo,
919 2807 965 2867 An
985 2809 1021 2866 sit
1043 2815 1072 2864 et
1095 2805 1174 2864 deco

124 2892 326 2955 accidentibus
349 2893 375 2950 ei
384 2891 487 2969 ‚quod
511 2911 578 2951 esse
601 2902 732 2967 constat,
755 2891 783 2950 id
806 2901 851 2952 est
871 2889 938 2971 περὶ
960 2881 1061 2963 οὐσίας
1081 2887 1132 2949 nol
1186 2957 1193 2968 ἱ

124 2969 368 3057 συμβεβηκότων,
393 2978 535 3035 existimat
552 2978 662 3054 quaeri.
696 2976 790 3035 Nam
782 2995 810 3035 ur
832 2977 876 3036 his
896 2975 1026 3035 omnihus
1051 2976 1131 3053 prius

124 3079 218 3140 genus
240 3061 438 3119 coniecturam
460 3059 548 3118 hahet
556 3079 712 3139 ‚sequens
731 3058 853 3139 reliqua
891 3061 950 3120 Sed
970 3060 1044 3119 haec
1062 3058 1130 3119 reli-

125 3164 180 3224 qua
199 3143 401 3222 Apollodorus
419 3143 474 3202 duo
491 3145 552 3202 vult
569 3163 654 3220 esse,
678 3144 845 3222 qualitatem
868 3154 897 3203 et
918 3145 954 3204 de
970 3145 1084 3203 nomine
1101 3143 1131 3202 id

126 3239 170 3289 est
188 3229 340 3293 finitivam
359 3227 547 3303 Theodorus,
568 3228 651 3306 quid,
670 3228 773 3306 quale,
793 3238 938 3306 quantum,
958 3229 993 3289 ad
1011 3228 1128 3307 aliquid.

125 3314 197 3374 Sunt
213 3314 262 3390 qni
279 3321 307 3371 et
325 3310 361 3368 de
378 3311 481 3370 eodem
500 3320 528 3370 et
545 3311 580 3371 de
600 3312 657 3371 alio
676 3312 761 3371 modo
777 3314 944 3390 qualitatem
961 3331 1027 3372 esse
1043 3312 1170 3373 modost

126 3398 283 3459 linitionem
307 3394 406 3453 velint.
442 3395 474 3454 ln
501 3395 557 3454 duo
586 3406 615 3455 et
636 3396 809 3456 Posidonius
833 3396 950 3473 dividit,
971 3404 1077 3458 vocem
1102 3404 1130 3455 et

125 3499 182 3541 ros.
214 3480 248 3540 ln
264 3496 341 3539 voce
358 3480 458 3557 quaeri
474 3489 571 3558 putat,
591 3497 625 3539 an
647 3479 808 3557 significet,
826 3481 909 3559 quid,
931 3500 1015 3561 quam
1030 3480 1129 3556 multa.
