2566 4026
374 215 465 263 rnsr.
479 213 628 262 causon.
641 215 710 262 rus.
724 215 774 282 x1,
789 214 814 266 1.
1040 203 1099 267 189

92 371 115 428 si
137 377 244 427 tantum
266 367 374 430 habent
392 369 477 428 etiam
494 368 585 429 verba
606 378 794 446 momentum,
821 379 927 449 quanto
950 389 999 430 res
1016 372 1117 450 ipsae*

91 450 203 529 magis?
238 451 364 525 Quarum
390 471 464 532 quae
488 462 566 512 esset
593 453 776 531 observatio,
805 456 864 513 suis
886 454 961 514 locis
976 454 1098 514 subinde

92 537 276 596 subiecimus.

176 620 250 680 lllud
280 631 324 680 est
349 622 515 698 diligentius
547 621 724 696 docendum,
757 639 822 680 eum
851 621 964 681 demum
995 621 1125 681 dicere&

91 716 175 785 apte,
199 705 247 783 qui
264 722 322 764 non
344 705 437 764 solum
453 705 522 784 quid
539 705 675 783 expediat
691 705 744 764 sed
760 707 847 765 etiam
863 706 947 784 quid
964 705 1098 765 deceat

91 789 261 869 inspexerit.
293 788 357 849 Nec
379 807 424 848 me
441 789 530 866 sugit,
552 789 724 868 plerumque
744 788 819 849 haec
841 807 909 848 esse
933 790 1095 849 coniuncta.

90 873 162 933 Nam
178 873 255 952 quod
273 874 377 949 decet,
393 873 457 934 iere
473 874 610 951 prodest;
627 890 723 950 neque
740 873 796 933 alio
815 874 906 949 magis
925 874 1010 933 animi
1025 872 1097 932 iudi-

92 977 155 1017 cum
169 957 319 1017 conciliari
337 966 399 1031 aut,
417 959 442 1016 si
457 975 505 1016 res
522 959 550 1015 in
566 958 740 1017 contrarium
756 957 836 1033 tulit,
853 958 973 1017 alienari
990 956 1095 1016 solent.

89 1042 254 1121 Aliquando
270 1050 365 1101 tamen
382 1050 410 1100 et
425 1041 500 1101 haec
516 1041 695 1100 dissentiunt.
725 1039 866 1113 Quotiens
881 1050 975 1102 autem
987 1045 1126 1119 pugna-9

90 1127 175 1201 bunt,
199 1127 292 1203 ipsam
306 1126 457 1185 utilitatem
475 1127 572 1184 vincet
590 1124 667 1203 quod
685 1124 781 1184 decet.
816 1124 889 1185 Nam
909 1127 974 1204 quis
989 1125 1095 1199 nescit,

89 1209 159 1269 nihil
174 1211 266 1286 magis
280 1209 461 1289 profuturum
472 1209 508 1269 ad
525 1208 738 1268 absolutionem
758 1210 874 1269 Socrati
890 1210 993 1286 fuisse,
1011 1226 1095 1289 quam

91 1297 115 1352 si
143 1303 223 1352 esset
249 1313 317 1353 usus
345 1293 396 1352 illo
420 1293 546 1352 iudiciali
568 1312 679 1370 genere
704 1293 884 1353 defensionis
910 1303 939 1353 et
963 1295 1096 1353 oratione

91 1379 242 1437 summissa
265 1378 451 1437 conciliasset
472 1377 595 1437 iudicum
611 1378 721 1437 animos
743 1378 799 1437 sibi
816 1379 983 1457 crimenque
1000 1379 1095 1454 ipsum

91 1461 216 1522 sollicite
228 1458 450 1539 redarguisset?
479 1460 588 1520 Verum
603 1462 631 1521 id
647 1480 712 1520 eum
727 1463 841 1521 minime
858 1462 998 1529 decebat;
1015 1460 1140 1520 ideo-lo

91 1565 148 1625 que
165 1547 208 1604 sic
226 1547 303 1623 οῖ’,
330 1554 361 1605 ut
386 1547 434 1624 qui
457 1562 582 1625 poenam
605 1564 684 1605 suam
706 1546 865 1606 honoribus
881 1546 997 1605 summis
1016 1553 1096 1603 essct

91 1631 301 1690 aestimaturus.
332 1629 433 1689 lllaluit
457 1631 532 1689 enim
555 1631 599 1689 vir
622 1631 865 1707 sapientissimus,
892 1630 971 1708 quod
994 1646 1095 1707 super-

92 1723 171 1774 esset
184 1732 221 1772 ex
232 1715 301 1791 vita,
317 1715 372 1774 sibi
388 1714 497 1793 perire,
514 1732 598 1792 quam
613 1713 690 1793 quod
703 1715 903 1793 praeterisset.
930 1713 967 1773 Et
980 1713 1095 1793 quaudo

90 1798 126 1859 ab
145 1799 308 1858 hominibus
325 1799 368 1858 sui
386 1800 526 1876 temporis
542 1816 642 1877 parum
657 1798 884 1876 intelligebatur,
901 1800 1096 1877 posteriorum

90 1902 123 1942 se
139 1884 251 1943 iudiciis
267 1884 440 1960 reservavit,
457 1882 540 1943 brevi
552 1885 723 1944 detrimento
739 1885 795 1945 iam
806 1883 923 1944 ultimae
936 1882 1095 1943 senectutis

90 1985 193 2027 aevum
217 1967 399 2026 saeculorum
414 1969 538 2026 omnium
560 1978 744 2029 consecutus.
775 1966 876 2046 ltaque
894 1968 1024 2046 quamvis
1041 1964 1137 2042 Ly-ll

91 2051 165 2124 sias,
189 2051 237 2127 qui
255 2059 313 2108 tum
328 2053 356 2108 in
376 2049 499 2110 dicendo
517 2051 976 2127 praestantissimushabebatur,
994 2050 1095 2110 deien-

92 2135 203 2191 siouem
225 2132 267 2191 illi
292 2134 429 2210 scriptam
449 2132 617 2209 obtulisset,
644 2137 685 2193 uti
710 2153 745 2194 ea
772 2135 877 2193 noluit:
905 2153 970 2193 cum
991 2134 1096 2193 bonam

92 2216 207 2294 quidem
224 2215 276 2274 sed
294 2233 393 2292 parum
409 2214 464 2273 sibi
487 2218 707 2276 convenientem
731 2217 927 2276 iudicavisset.
966 2216 1030 2290 Quo
1045 2216 1095 2276 vel

93 2299 158 2359 solo
175 2308 269 2378 patet,
291 2315 349 2358 non
366 2298 561 2378 persuadendi
582 2300 636 2360 sed
662 2300 738 2359 bene
755 2300 868 2359 dicendi
884 2300 970 2359 linem
986 2301 1014 2358 in
1030 2318 1094 2360 ora·

90 2386 169 2443 tione
186 2383 374 2459 servandum,
397 2401 460 2442 cum
478 2383 591 2441 interim
606 2383 785 2462 persuadere
801 2383 933 2443 deforme
951 2384 996 2442 sit.
1029 2382 1095 2442 Non

90 2469 143 2528 luit
159 2468 216 2527 hoc
233 2467 302 2527 utile
319 2467 511 2542 absolutioni,
528 2467 600 2544 sed,
619 2467 696 2546 quod
714 2475 758 2526 est
773 2468 881 2542 maius,
907 2466 1015 2526 homini
1031 2467 1093 2526 fuit.

90 2553 128 2612 Et
142 2570 196 2611 nos
213 2553 369 2612 secundum
392 2569 570 2612 communem
590 2553 687 2630 potius
702 2551 840 2630 loquendi
856 2551 1094 2611 consuetudinem
1106 2555 1139 2607 la

91 2655 176 2716 quam
202 2638 294 2714 ipsam
318 2637 449 2696 veritatis
470 2636 602 2713 regulam
627 2637 769 2696 divisione
791 2637 846 2696 hac
866 2637 986 2711 utimur,
1012 2635 1094 2695 ut-ab

92 2738 144 2796 eo,
163 2722 240 2799 quod
259 2720 380 2796 deceat,
398 2721 548 2780 utilitatem
567 2739 747 2800 separemus.
779 2718 841 2780 Nisi
857 2721 934 2780 forte
949 2720 1030 2798 prior
1044 2719 1095 2779 ille

90 2804 256 2880 Africanus,
273 2807 321 2883 qui
338 2806 428 2882 patria
446 2805 554 2865 cedere
571 2823 654 2882 quam
671 2823 734 2865 cum
750 2805 865 2864 tribuno
881 2804 976 2884 plebis
994 2803 1094 2865 humil-

91 2890 159 2948 limo
177 2889 355 2948 contendere
373 2888 409 2948 de
425 2890 589 2949 innocentia
606 2909 656 2949 sua
673 2889 781 2964 maluit,
798 2890 935 2949 inutiliter
947 2888 1002 2948 sibi
1013 2889 1094 2948 vide·

90 2983 136 3031 tur
152 2972 348 3041 consuluisse;
366 2981 413 3032 aut
424 2972 455 3033 P.
467 2972 601 3049 Rutilius,
619 2973 668 3033 vel
685 2992 749 3033 cum
763 2973 815 3033 illo
832 2991 925 3052 paene
941 2973 1094 3032 Socratico

90 3075 202 3132 genere
218 3057 398 3116 defensionis
415 3066 460 3117 est
475 3075 554 3132 usus,
570 3058 619 3116 vel
635 3076 700 3117 cum
715 3067 873 3118 revocante
890 3075 954 3117 eum
969 3056 1000 3117 P.
1014 3055 1095 3115 Sulla
1105 3059 1137 3113 13

90 3157 209 3199 manere
227 3142 256 3198 in
275 3140 363 3200 exilio
380 3141 493 3217 maluit,
516 3140 582 3219 quid
604 3140 659 3201 sibi
676 3143 800 3202 maxime
824 3141 1018 3216 conduceret,
1044 3158 1094 3199 ne-

92 3222 214 3281 sciebat.
245 3223 281 3282 lli
297 3241 370 3283 vero
388 3243 477 3303 parva
493 3224 558 3302 illa,
576 3243 650 3305 quae
668 3226 881 3286 abiectissimus
897 3227 1021 3304 quisque
1036 3225 1094 3284 ani·

92 3324 154 3364 mus
177 3306 256 3367 utilia
280 3308 388 3384 credit,
416 3311 525 3369 sicum
548 3311 653 3370 virtute
676 3310 878 3387 conferantur,
905 3309 1095 3389 despicienda

92 3390 307 3466 iudicaverunt,
328 3392 455 3473 ideoque
478 3403 620 3472 perpetua
643 3395 826 3455 saeculorum
841 3395 1027 3455 admiratione
1045 3411 1093 3454 ce·

92 3473 248 3534 lebrantur.
276 3473 380 3556 Neque
396 3495 450 3539 uos
466 3479 553 3538 simus
569 3488 626 3540 tam
640 3479 773 3556 humiles,
789 3488 829 3557 ut,
849 3497 923 3559 quae
935 3478 1093 3548 laudamus,
1186 3553 1189 3559 Ι
