2566 4026
346 154 788 222 mss.onnron.u1e.v,1o.
1015 142 1077 206 209

66 316 169 377 demus
184 312 438 373 vehementissime
460 328 514 388 pro
530 308 638 370 Milone
659 320 802 373 tractasse
829 310 1010 373 Ciceronem.
1040 313 1119 379 Elati

66 399 142 460 baec
159 397 274 474 quidem
293 414 328 456 ac
345 394 503 455 similia-ad
521 396 717 454 coniecturam
732 395 912 474 frequentius
931 398 1077 476 pertinent

68 482 122 542 sed
138 482 251 540 interim
274 480 310 540 ad
330 480 375 538 ius
401 494 535 556 qnoque:
556 480 685 556 privetur
705 497 741 539 an
761 478 911 557 publicus,
934 499 1019 541 sacer
1041 500 1076 541 an

68 565 226 645 profanus,
248 572 349 624 noster
368 581 404 622 an
419 562 545 630 alienus:
562 570 593 620 ut
608 564 637 620 iu
652 580 794 641 persona,
813 566 1009 642 magistratus,
1025 583 1076 645 pa·

68 660 125 725 ter,
143 648 328 726 peregrinus.
369 645 442 706 Hinc
458 649 535 706 enim
552 647 739 722 quaestiones
757 647 900 707 oriuntur:
918 647 1119 715 Pneccamse

65 735 232 814 pecuniam
243 731 392 793 sustulisti
399 753 412 799 ,·
426 749 533 791 cerum
545 732 618 807 quta
629 730 669 790 de
680 730 800 809 templo,
816 750 877 792 non
889 731 1007 810 [irrmne
1021 734 1078 794 scd

67 817 267 896 sucriieqium
282 823 338 876 est.
374 811 523 875 Occidisti
536 814 727 889 adulterum,
751 814 834 892 quod
848 817 899 876 len
909 817 1077 895 permittit·

67 902 126 962 sed
140 902 214 978 quia
235 901 266 960 in
288 900 451 977 lupanari,
481 898 595 960 caedes
616 906 670 959 est.
707 896 860 959 ludurium
878 899 1000 977 lecisti;
1021 903 1078 961 sed

69 986 143 1064 quin
169 982 379 1062 muqistrutui,
407 983 576 1043 maiestatis
596 983 678 1043 actio
700 990 754 1042 cst.
801 981 859 1041 Vel
882 992 1000 1043 contra:
1024 982 1120 1050 ia-nn

70 1071 148 1143 cuit,
167 1068 241 1145 quia
253 1074 347 1145 puter
368 1084 470 1140 erum,
493 1067 567 1142 quin
581 1066 791 1142 muqistrntus.
838 1065 897 1125 Sed
914 1068 992 1126 circa
1008 1067 1078 1126 iacti

71 1152 302 1212 controversiam
317 1158 485 1226 argumenta
498 1156 657 1226 praestent,
675 1151 753 1208 circa
764 1149 834 1207 iuris
851 1148 918 1209 lites
930 1152 1078 1210 materiam

72 1237 282 1315 quaestionum.
320 1232 367 1292 Ad
383 1231 551 1311 qualitatem
574 1248 691 1309 quoque
706 1233 876 1311 frequenter
892 1235 1019 1311 pertinet
1034 1234 1077 1293 lo·

72 1338 134 1395 cns,
150 1337 247 1397 neque
264 1319 339 1377 enim
355 1317 430 1377 idem
446 1316 553 1394 ubique
570 1323 618 1375 aut
631 1314 702 1375 licet
717 1324 765 1375 aut
777 1315 916 1376 decorum
933 1326 992 1386 est;
1011 1319 1078 1395 quin

71 1405 175 1478 etiam,
201 1404 229 1461 in
252 1419 309 1480 qua
326 1400 453 1479 quidque
471 1400 587 1460 civitate
603 1408 775 1477 quaeratur,
795 1401 933 1477 interest,
949 1401 1077 1461 moribus

72 1488 193 1547 enimet
212 1484 328 1562 legibus
344 1484 460 1544 distant.
500 1482 544 1543 Ad
562 1483 840 1543 commendationem
854 1500 971 1563 qnoque
990 1493 1019 1544 et
1037 1487 1114 1549 intr

71 1570 176 1630 vidiam
189 1569 279 1630 valet.
322 1568 394 1628 Nam
413 1576 442 1627 et
459 1567 535 1627 Aiax
548 1566 623 1646 apud
641 1565 787 1627 Ovidium:
813 1569 954 1646 Animus,
969 1570 1076 1647 iuquit,

70 1664 141 1717 unte
158 1663 244 1715 rutes
259 1671 398 1728 causum,
417 1661 445 1714 et
460 1671 578 1713 mecum
594 1653 753 1731 confertur
772 1648 899 1713 Uticae?
927 1650 964 1711 Et
979 1650 1079 1713 Miloni

71 1741 146 1798 iuter
167 1746 266 1798 cetera
292 1736 438 1795 obiectum
460 1744 522 1811 est,
548 1736 626 1813 quod
647 1732 766 1796 Clodius
792 1736 820 1794 in
835 1738 1025 1795 monumentis
1042 1737 1077 1797 ab

72 1838 109 1881 eo
133 1822 274 1881 maiorum
289 1837 407 1879 suorum
428 1829 509 1879 esset
528 1820 655 1879 occisus.
704 1818 751 1879 Ad
773 1819 912 1879 suadendi
935 1830 1119 1883 momentait

72 1905 147 1965 idem
161 1904 250 1980 valet,
268 1906 343 1963 sicut
358 1913 518 1981 tempus,
536 1904 617 1962 cuius
635 1912 788 1964 tractatum
800 1903 980 1981 subiungam.
1008 1902 1078 1962 Eius

72 1998 184 2065 autem,
208 1998 239 2048 ut
256 1988 313 2048 alio
336 1987 403 2047 loco
419 1989 476 2047 iam
490 1987 565 2063 dixi,
581 1987 690 2067 duplex
705 1988 880 2065 significatio
898 1996 951 2047 est.
985 1986 1078 2047 Gene-

71 2073 174 2134 raliter
193 2075 267 2132 enim
291 2081 320 2131 et
340 2071 510 2150 specialiter
534 2073 686 2149 accipitur.
718 2071 799 2131 Prius
816 2070 886 2133 illud
907 2081 967 2132 est:
992 2089 1077 2149 nunc,

74 2157 152 2232 olim,
170 2156 224 2216 sub
239 2155 419 2232 Alexandro,
438 2174 502 2215 cum
518 2155 594 2233 apud
605 2155 688 2215 llium
704 2165 861 2234 pugnatum
877 2165 936 2224 est;
953 2156 1079 2233 denique

72 2244 272 2319 praeteritum,
290 2243 410 2316 instans,
426 2239 562 2299 futurum.
595 2238 659 2299 Hoc
678 2257 806 2318 sequens
822 2239 910 2299 habet
926 2249 955 2299 et
971 2241 1077 2300 eonsti-

72 2334 131 2384 tuta
149 2325 330 2385 discrimina:
352 2333 474 2399 aestate,
490 2323 602 2398 hieme,
619 2332 724 2400 noctu,
742 2323 879 2392 interdiu;
897 2333 926 2382 et
941 2324 1077 2384 fortuita:

72 2410 100 2468 in
115 2408 300 2488 pestilentia,
318 2410 346 2466 in
360 2407 458 2485 bello,
476 2409 505 2466 in
524 2407 668 2466 convivio.
697 2406 862 2466 Latinorum
878 2406 993 2484 quidam
1009 2408 1120 2466 satis43

72 2493 230 2570 significari
248 2501 432 2570 putaverunt,
453 2492 477 2550 si
492 2490 563 2550 illud
579 2490 720 2566 generale
735 2499 861 2569 tempus,
878 2490 935 2549 hoc
947 2490 1078 2568 speciale

72 2585 210 2655 temporo
225 2585 377 2636 vocarent.
406 2574 534 2648 Quorum
555 2583 743 2652 utrorumque
767 2575 841 2633 ratio
858 2574 930 2632 etin
948 2573 1077 2634 consiliis

72 2661 188 2738 quidem
210 2669 239 2720 et
261 2661 290 2719 in
305 2659 357 2720 illo
373 2659 600 2720 demonstrativo
623 2676 733 2736 genere
754 2666 888 2718 versatur
909 2657 962 2718 sed
986 2658 1014 2716 in
1036 2658 1078 2716 iu·

72 2744 155 2804 diciis
175 2743 409 2822 frequentissima
434 2750 488 2802 est.
528 2741 600 2801 Nam
623 2752 651 2802 et
672 2743 741 2801 iuris
762 2743 948 2821 quaestiones
965 2741 1035 2802 iacit
1051 2748 1122 2801 etse

73 2828 241 2906 qualitatem
265 2828 414 2904 distinguit
438 2826 523 2886 etad
547 2828 742 2886 coniecturam
769 2824 921 2903 plurimum
949 2825 1077 2886 confert:

73 2920 103 2970 ut
126 2929 190 2971 cum
211 2913 325 2971 interim
347 2908 536 2991 probationes
564 2909 805 2988 inexpugnabiles
827 2909 945 2985 afferat,
977 2909 1078 2988 quales

73 3003 153 3071 sunt,
173 2996 197 3053 si
214 2995 326 3054 dicatur
346 2994 392 3072 (ut
407 3011 495 3072 supra
510 2995 612 3073 posui)
629 2995 774 3071 signator,
799 2994 847 3071 qui
864 2993 1021 3054 antediem
1037 3002 1078 3052 ta-

72 3077 203 3137 bularum
223 3078 368 3145 decessit;
399 3086 446 3137 aut
469 3079 648 3136 commisisse
677 3076 801 3156 aliquid,
829 3076 878 3136 vel
901 3094 964 3136 cum
985 3077 1078 3137 inians

73 3170 155 3221 esset
174 3161 224 3221 vel
248 3180 312 3221 cum
336 3156 449 3220 omnino
477 3169 560 3220 natus
588 3178 645 3221 non
667 3170 760 3230 esset;
786 3169 905 3240 praeter
930 3161 975 3236 id,
1002 3160 1120 3240 quodie

74 3246 169 3305 omnia
185 3245 273 3306 facile
290 3253 457 3322 argumenta
476 3254 525 3304 aut
540 3263 578 3304 ex
597 3247 642 3322 iis,
664 3263 738 3323 quae
753 3254 818 3305 ante
834 3263 895 3304 rem
911 3244 987 3305 lacta
1001 3254 1077 3322 sunt,

73 3338 122 3389 aut
139 3347 176 3388 ex
192 3330 353 3389 coniunctis
373 3330 417 3389 rei
439 3337 488 3389 aut
507 3329 725 3408 insequentibus
749 3328 899 3389 ducuntur.
936 3327 982 3388 Ex
998 3339 1077 3390 ante·

74 3412 261 3473 cedentibus:
285 3410 412 3474 Mortem
430 3415 564 3474 minutus
578 3432 626 3489 es,
644 3422 732 3474 rroetu
751 3414 857 3489 existi,
877 3412 1079 3491 proficiscen·

115 3516 145 3553 n.
158 3517 183 3553 r.
196 3517 310 3566 pumma.
888 3496 927 3556 lt
