<?xml version="1.0" encoding="UTF-8"?>
<!DOCTYPE html PUBLIC "-//W3C//DTD XHTML 1.0 Transitional//EN"
    "http://www.w3.org/TR/xhtml1/DTD/xhtml1-transitional.dtd">
<html xmlns="http://www.w3.org/1999/xhtml" xml:lang="en" lang="en">
 <head>
  <title>
</title>
<meta http-equiv="Content-Type" content="text/html;charset=utf-8" />
  <meta name='ocr-system' content='tesseract 3.04.00' />
  <meta name='ocr-capabilities' content='ocr_page ocr_carea ocr_par ocr_line ocrx_word'/>
</head>
<body>
  <div class='ocr_page' id='page_1' title='image "./mfabiiquintilia00bonngoog/mfabiiquintilia00bonngoog_0215.png"; bbox 0 0 2566 4026; ppageno 0'>
   <div class='ocr_carea' id='block_1_1' title="bbox 211 168 891 243">
    <p class='ocr_par' dir='ltr' id='par_1_1' title="bbox 211 168 891 243">
     <span class='ocr_line' id='line_1_1' title="bbox 211 168 891 243; baseline 0 -11"><span class='ocrx_word' id='word_1_1' title='bbox 211 168 270 233; x_wconf 87' lang='lat'>188</span> <span class='ocrx_word' id='word_1_2' title='bbox 529 183 891 243; x_wconf 54' lang='lat' dir='ltr'>cinnamomum</span> 
     </span>
    </p>
   </div>
   <div class='ocr_carea' id='block_1_2' title="bbox 163 338 1212 3522">
    <p class='ocr_par' dir='ltr' id='par_1_2' title="bbox 163 338 1212 3522">
     <span class='ocr_line' id='line_1_2' title="bbox 208 338 1211 421; baseline 0.005 -22"><span class='ocrx_word' id='word_1_3' title='bbox 208 338 310 399; x_wconf 82' lang='lat' dir='ltr'>ordine</span> <span class='ocrx_word' id='word_1_4' title='bbox 325 348 479 417; x_wconf 86' lang='lat' dir='ltr'>appareat;</span> <span class='ocrx_word' id='word_1_5' title='bbox 501 347 529 400; x_wconf 92' lang='lat' dir='ltr'>at</span> <span class='ocrx_word' id='word_1_6' title='bbox 544 339 569 398; x_wconf 92' lang='lat' dir='ltr'>si</span> <span class='ocrx_word' id='word_1_7' title='bbox 583 357 669 398; x_wconf 89' lang='lat' dir='ltr'>unum</span> <span class='ocrx_word' id='word_1_8' title='bbox 683 340 790 399; x_wconf 88' lang='lat' dir='ltr'>crimen</span> <span class='ocrx_word' id='word_1_9' title='bbox 802 339 883 399; x_wconf 89' lang='lat' dir='ltr'>varie</span> <span class='ocrx_word' id='word_1_10' title='bbox 894 339 1093 418; x_wconf 76' lang='lat' dir='ltr'>defendemus,</span> <span class='ocrx_word' id='word_1_11' title='bbox 1108 360 1211 421; x_wconf 89' lang='lat' dir='ltr'>super-</span> 
     </span>
     <span class='ocr_line' id='line_1_3' title="bbox 178 421 1211 504; baseline 0.005 -21"><span class='ocrx_word' id='word_1_12' title='bbox 178 435 309 492; x_wconf 76' lang='lat' dir='ltr'>oracua.</span> <span class='ocrx_word' id='word_1_13' title='bbox 351 421 390 484; x_wconf 88' lang='lat' dir='ltr'>Ut</span> <span class='ocrx_word' id='word_1_14' title='bbox 406 424 432 483; x_wconf 84' lang='lat' dir='ltr'>si</span> <span class='ocrx_word' id='word_1_15' title='bbox 452 422 502 483; x_wconf 88' lang='lat' dir='ltr'>illa</span> <span class='ocrx_word' id='word_1_16' title='bbox 521 424 690 502; x_wconf 87' lang='lat' dir='ltr'>partiamur,</span> <span class='ocrx_word' id='word_1_17' title='bbox 709 421 831 498; x_wconf 78' lang='lat' dir='ltr'>Dicam,</span> <span class='ocrx_word' id='word_1_18' title='bbox 852 442 914 484; x_wconf 80' lang='lat' dir='ltr'>ooo</span> <span class='ocrx_word' id='word_1_19' title='bbox 932 425 1022 486; x_wconf 86' lang='lat' dir='ltr'>talem</span> <span class='ocrx_word' id='word_1_20' title='bbox 1040 427 1211 504; x_wconf 71' lang='lat' dir='ltr'>corebum,</span> 
     </span>
     <span class='ocr_line' id='line_1_4' title="bbox 207 508 1211 588; baseline 0.003 -19"><span class='ocrx_word' id='word_1_21' title='bbox 207 523 297 588; x_wconf 83' lang='lat' dir='ltr'>quem</span> <span class='ocrx_word' id='word_1_22' title='bbox 317 513 414 583; x_wconf 86' lang='lat' dir='ltr'>tueor,</span> <span class='ocrx_word' id='word_1_23' title='bbox 434 525 532 583; x_wconf 81' lang='lat' dir='ltr'>reum,</span> <span class='ocrx_word' id='word_1_24' title='bbox 547 515 582 568; x_wconf 87' lang='lat' dir='ltr'>ut</span> <span class='ocrx_word' id='word_1_25' title='bbox 601 509 634 568; x_wconf 85' lang='lat' dir='ltr'>in</span> <span class='ocrx_word' id='word_1_26' title='bbox 655 526 691 569; x_wconf 84' lang='lat' dir='ltr'>co</span> <span class='ocrx_word' id='word_1_27' title='bbox 713 508 860 569; x_wconf 78' lang='lat' dir='ltr'>credibile</span> <span class='ocrx_word' id='word_1_28' title='bbox 879 508 981 569; x_wconf 80' lang='lat' dir='ltr'>videri</span> <span class='ocrx_word' id='word_1_29' title='bbox 998 510 1098 586; x_wconf 80' lang='lat' dir='ltr'>possit</span> <span class='ocrx_word' id='word_1_30' title='bbox 1118 511 1211 572; x_wconf 79' lang='lat' dir='ltr'>bomi-</span> 
     </span>
     <span class='ocr_line' id='line_1_5' title="bbox 207 591 1211 671; baseline 0.004 -19"><span class='ocrx_word' id='word_1_31' title='bbox 207 591 339 663; x_wconf 81' lang='lat' dir='ltr'>cidiom;</span> <span class='ocrx_word' id='word_1_32' title='bbox 368 592 487 667; x_wconf 85' lang='lat' dir='ltr'>dicam,</span> <span class='ocrx_word' id='word_1_33' title='bbox 514 592 679 653; x_wconf 78' lang='lat' dir='ltr'>occidendi</span> <span class='ocrx_word' id='word_1_34' title='bbox 702 609 830 653; x_wconf 82' lang='lat' dir='ltr'>causam</span> <span class='ocrx_word' id='word_1_35' title='bbox 851 591 924 652; x_wconf 79' lang='lat' dir='ltr'>huic</span> <span class='ocrx_word' id='word_1_36' title='bbox 943 611 1003 654; x_wconf 83' lang='lat' dir='ltr'>non</span> <span class='ocrx_word' id='word_1_37' title='bbox 1022 593 1139 671; x_wconf 59' lang='lat' dir='ltr'>sulem</span> <span class='ocrx_word' id='word_1_38' title='bbox 1162 597 1211 656; x_wconf 84' lang='lat' dir='ltr'>dl-</span> 
     </span>
     <span class='ocr_line' id='line_1_6' title="bbox 207 675 1212 754; baseline 0.004 -18"><span class='ocrx_word' id='word_1_39' title='bbox 207 694 287 751; x_wconf 86' lang='lat' dir='ltr'>ccm,</span> <span class='ocrx_word' id='word_1_40' title='bbox 310 675 392 736; x_wconf 84' lang='lat' dir='ltr'>bunc</span> <span class='ocrx_word' id='word_1_41' title='bbox 412 693 447 736; x_wconf 90' lang='lat' dir='ltr'>eo</span> <span class='ocrx_word' id='word_1_42' title='bbox 467 683 612 753; x_wconf 87' lang='lat' dir='ltr'>tempore,</span> <span class='ocrx_word' id='word_1_43' title='bbox 634 693 693 754; x_wconf 87' lang='lat' dir='ltr'>quo</span> <span class='ocrx_word' id='word_1_44' title='bbox 708 675 793 736; x_wconf 85' lang='lat' dir='ltr'>bomo</span> <span class='ocrx_word' id='word_1_45' title='bbox 807 676 929 736; x_wconf 77' lang='lat' dir='ltr'>occicus</span> <span class='ocrx_word' id='word_1_46' title='bbox 943 684 999 752; x_wconf 81' lang='lat' dir='ltr'>est,</span> <span class='ocrx_word' id='word_1_47' title='bbox 1019 685 1212 740; x_wconf 81' lang='lat' dir='ltr'>transmare</span> 
     </span>
     <span class='ocr_line' id='line_1_7' title="bbox 204 758 1210 840; baseline 0 -20"><span class='ocrx_word' id='word_1_48' title='bbox 204 760 318 837; x_wconf 79' lang='lat' dir='ltr'>fuisse:</span> <span class='ocrx_word' id='word_1_49' title='bbox 341 760 450 833; x_wconf 88' lang='lat' dir='ltr'>omnia,</span> <span class='ocrx_word' id='word_1_50' title='bbox 474 776 548 837; x_wconf 91' lang='lat' dir='ltr'>quae</span> <span class='ocrx_word' id='word_1_51' title='bbox 562 768 628 819; x_wconf 89' lang='lat' dir='ltr'>ante</span> <span class='ocrx_word' id='word_1_52' title='bbox 644 760 689 834; x_wconf 95' lang='lat' dir='ltr'>id,</span> <span class='ocrx_word' id='word_1_53' title='bbox 716 759 794 838; x_wconf 94' lang='lat' dir='ltr'>quod</span> <span class='ocrx_word' id='word_1_54' title='bbox 808 758 935 819; x_wconf 89' lang='lat' dir='ltr'>ultimum</span> <span class='ocrx_word' id='word_1_55' title='bbox 957 768 1018 836; x_wconf 88' lang='lat' dir='ltr'>est,</span> <span class='ocrx_word' id='word_1_56' title='bbox 1041 764 1210 840; x_wconf 87' lang='lat' dir='ltr'>exequeris,</span> 
     </span>
     <span class='ocr_line' id='line_1_8' title="bbox 166 842 1211 924; baseline 0.004 -22"><span class='ocrx_word' id='word_1_57' title='bbox 166 843 300 910; x_wconf 72' lang='lat' dir='ltr'>ruinania</span> <span class='ocrx_word' id='word_1_58' title='bbox 314 842 408 902; x_wconf 87' lang='lat' dir='ltr'>videri</span> <span class='ocrx_word' id='word_1_59' title='bbox 428 859 553 903; x_wconf 88' lang='lat' dir='ltr'>necesse</span> <span class='ocrx_word' id='word_1_60' title='bbox 575 852 630 902; x_wconf 90' lang='lat' dir='ltr'>est.</span> <span class='ocrx_word' id='word_1_61' title='bbox 667 842 798 902; x_wconf 83' lang='lat' dir='ltr'>Festinat</span> <span class='ocrx_word' id='word_1_62' title='bbox 813 843 887 903; x_wconf 91' lang='lat' dir='ltr'>enim</span> <span class='ocrx_word' id='word_1_63' title='bbox 904 843 994 904; x_wconf 87' lang='lat' dir='ltr'>iudex</span> <span class='ocrx_word' id='word_1_64' title='bbox 1013 845 1048 905; x_wconf 92' lang='lat' dir='ltr'>ad</span> <span class='ocrx_word' id='word_1_65' title='bbox 1064 845 1108 921; x_wconf 92' lang='lat' dir='ltr'>id,</span> <span class='ocrx_word' id='word_1_66' title='bbox 1133 847 1211 924; x_wconf 92' lang='lat' dir='ltr'>quod</span> 
     </span>
     <span class='ocr_line' id='line_1_9' title="bbox 205 925 1210 1006; baseline 0.002 -20"><span class='ocrx_word' id='word_1_67' title='bbox 205 927 435 1005; x_wconf 88' lang='lat' dir='ltr'>potentissimum</span> <span class='ocrx_word' id='word_1_68' title='bbox 457 936 518 1002; x_wconf 88' lang='lat' dir='ltr'>est,</span> <span class='ocrx_word' id='word_1_69' title='bbox 547 934 576 986; x_wconf 90' lang='lat' dir='ltr'>et</span> <span class='ocrx_word' id='word_1_70' title='bbox 596 927 678 986; x_wconf 88' lang='lat' dir='ltr'>velut</span> <span class='ocrx_word' id='word_1_71' title='bbox 701 925 859 1003; x_wconf 83' lang='lat' dir='ltr'>obligatum</span> <span class='ocrx_word' id='word_1_72' title='bbox 880 929 1024 1004; x_wconf 89' lang='lat' dir='ltr'>promisso</span> <span class='ocrx_word' id='word_1_73' title='bbox 1047 938 1210 1006; x_wconf 88' lang='lat' dir='ltr'>patronum,</span> 
     </span>
     <span class='ocr_line' id='line_1_10' title="bbox 205 1010 1211 1090; baseline 0.004 -20"><span class='ocrx_word' id='word_1_74' title='bbox 205 1012 230 1070; x_wconf 93' lang='lat' dir='ltr'>si</span> <span class='ocrx_word' id='word_1_75' title='bbox 255 1020 302 1071; x_wconf 88' lang='lat' dir='ltr'>est</span> <span class='ocrx_word' id='word_1_76' title='bbox 321 1011 492 1089; x_wconf 70' lang='lat' dir='ltr'>patientior,</span> <span class='ocrx_word' id='word_1_77' title='bbox 516 1012 620 1071; x_wconf 90' lang='lat' dir='ltr'>tacitus</span> <span class='ocrx_word' id='word_1_78' title='bbox 643 1010 788 1089; x_wconf 87' lang='lat' dir='ltr'>appellat;</span> <span class='ocrx_word' id='word_1_79' title='bbox 817 1013 842 1070; x_wconf 88' lang='lat' dir='ltr'>si</span> <span class='ocrx_word' id='word_1_80' title='bbox 862 1011 912 1070; x_wconf 86' lang='lat' dir='ltr'>vel</span> <span class='ocrx_word' id='word_1_81' title='bbox 933 1021 1092 1090; x_wconf 84' lang='lat' dir='ltr'>occupatus</span> <span class='ocrx_word' id='word_1_82' title='bbox 1113 1013 1163 1074; x_wconf 89' lang='lat' dir='ltr'>vel</span> <span class='ocrx_word' id='word_1_83' title='bbox 1182 1015 1211 1074; x_wconf 92' lang='lat' dir='ltr'>in</span> 
     </span>
     <span class='ocr_line' id='line_1_11' title="bbox 204 1093 1210 1175; baseline 0.001 -21"><span class='ocrx_word' id='word_1_84' title='bbox 204 1093 282 1175; x_wconf 80' lang='lat' dir='ltr'><strong>aliqu</strong></span> <span class='ocrx_word' id='word_1_85' title='bbox 316 1103 463 1172; x_wconf 76' lang='lat' dir='ltr'>potestate</span> <span class='ocrx_word' id='word_1_86' title='bbox 478 1095 528 1155; x_wconf 86' lang='lat' dir='ltr'>vei</span> <span class='ocrx_word' id='word_1_87' title='bbox 546 1096 632 1154; x_wconf 90' lang='lat' dir='ltr'>etiam</span> <span class='ocrx_word' id='word_1_88' title='bbox 646 1097 671 1154; x_wconf 91' lang='lat' dir='ltr'>si</span> <span class='ocrx_word' id='word_1_89' title='bbox 685 1093 813 1154; x_wconf 88' lang='lat' dir='ltr'>moribus</span> <span class='ocrx_word' id='word_1_90' title='bbox 828 1095 1047 1172; x_wconf 88' lang='lat' dir='ltr'>incompositus,</span> <span class='ocrx_word' id='word_1_91' title='bbox 1065 1114 1129 1155; x_wconf 89' lang='lat' dir='ltr'>cum</span> <span class='ocrx_word' id='word_1_92' title='bbox 1141 1114 1210 1156; x_wconf 91' lang='lat' dir='ltr'>con·</span> 
     </span>
     <span class='ocr_line' id='line_1_12' title="bbox 166 1176 1210 1257; baseline 0.001 -19"><span class='ocrx_word' id='word_1_93' title='bbox 166 1194 195 1247; x_wconf 79' lang='grc' dir='ltr'>ιι</span> <span class='ocrx_word' id='word_1_94' title='bbox 204 1180 281 1239; x_wconf 87' lang='lat' dir='ltr'>vicio</span> <span class='ocrx_word' id='word_1_95' title='bbox 303 1178 453 1256; x_wconf 83' lang='lat' dir='ltr'>efflagitat.</span> <span class='ocrx_word' id='word_1_96' title='bbox 492 1179 593 1257; x_wconf 91' lang='lat' dir='ltr'>ltaque</span> <span class='ocrx_word' id='word_1_97' title='bbox 614 1195 671 1237; x_wconf 89' lang='lat' dir='ltr'>non</span> <span class='ocrx_word' id='word_1_98' title='bbox 690 1178 859 1253; x_wconf 83' lang='lat' dir='ltr'>defuerunt,</span> <span class='ocrx_word' id='word_1_99' title='bbox 890 1179 937 1257; x_wconf 92' lang='lat' dir='ltr'>qui</span> <span class='ocrx_word' id='word_1_100' title='bbox 959 1176 1110 1239; x_wconf 82' lang='lat' dir='ltr'>Ciceronis</span> <span class='ocrx_word' id='word_1_101' title='bbox 1131 1180 1210 1240; x_wconf 91' lang='lat' dir='ltr'>illam</span> 
     </span>
     <span class='ocr_line' id='line_1_13' title="bbox 203 1261 1210 1343; baseline 0 -21"><span class='ocrx_word' id='word_1_102' title='bbox 203 1279 258 1342; x_wconf 89' lang='lat' dir='ltr'>pro</span> <span class='ocrx_word' id='word_1_103' title='bbox 276 1262 409 1323; x_wconf 77' lang='lat' dir='ltr'>Cluentio</span> <span class='ocrx_word' id='word_1_104' title='bbox 424 1265 607 1343; x_wconf 84' lang='lat' dir='ltr'>partitionem</span> <span class='ocrx_word' id='word_1_105' title='bbox 621 1261 835 1342; x_wconf 83' lang='lat' dir='ltr'>improbarent,</span> <span class='ocrx_word' id='word_1_106' title='bbox 858 1279 914 1341; x_wconf 89' lang='lat' dir='ltr'>qua</span> <span class='ocrx_word' id='word_1_107' title='bbox 935 1280 969 1321; x_wconf 90' lang='lat' dir='ltr'>se</span> <span class='ocrx_word' id='word_1_108' title='bbox 984 1264 1124 1323; x_wconf 88' lang='lat' dir='ltr'>dicturum</span> <span class='ocrx_word' id='word_1_109' title='bbox 1142 1282 1210 1324; x_wconf 89' lang='lat' dir='ltr'>esse</span> 
     </span>
     <span class='ocr_line' id='line_1_14' title="bbox 203 1347 1209 1426; baseline 0.002 -19"><span class='ocrx_word' id='word_1_110' title='bbox 203 1348 335 1425; x_wconf 85' lang='lat' dir='ltr'>promisit</span> <span class='ocrx_word' id='word_1_111' title='bbox 344 1349 489 1426; x_wconf 79' lang='lat' dir='ltr'>primum,</span> <span class='ocrx_word' id='word_1_112' title='bbox 511 1349 660 1409; x_wconf 79' lang='lat' dir='ltr'>neminem</span> <span class='ocrx_word' id='word_1_113' title='bbox 681 1347 849 1408; x_wconf 76' lang='lat' dir='ltr'>maioribus</span> <span class='ocrx_word' id='word_1_114' title='bbox 870 1348 1065 1422; x_wconf 54' lang='lat' dir='ltr'>comnibus,</span> <span class='ocrx_word' id='word_1_115' title='bbox 1084 1350 1209 1426; x_wconf 78' lang='lat' dir='ltr'>pravio-</span> 
     </span>
     <span class='ocr_line' id='line_1_15' title="bbox 203 1429 1210 1509; baseline 0.001 -17"><span class='ocrx_word' id='word_1_116' title='bbox 203 1432 291 1492; x_wconf 76' lang='lat' dir='ltr'>ribus</span> <span class='ocrx_word' id='word_1_117' title='bbox 315 1432 456 1508; x_wconf 75' lang='lat' dir='ltr'>testibus,</span> <span class='ocrx_word' id='word_1_118' title='bbox 484 1433 516 1492; x_wconf 81' lang='lat' dir='ltr'>io</span> <span class='ocrx_word' id='word_1_119' title='bbox 535 1433 685 1493; x_wconf 77' lang='lat' dir='ltr'>iodicium</span> <span class='ocrx_word' id='word_1_120' title='bbox 706 1438 850 1492; x_wconf 83' lang='lat' dir='ltr'>occatum</span> <span class='ocrx_word' id='word_1_121' title='bbox 870 1446 962 1508; x_wconf 81' lang='lat' dir='ltr'>quum</span> <span class='ocrx_word' id='word_1_122' title='bbox 987 1429 1190 1509; x_wconf 80' lang='lat' dir='ltr'>Oppianicum</span> <span class='ocrx_word' id='word_1_123' title='bbox 1195 1454 1210 1502; x_wconf 86' lang='lat'><em>;</em></span> 
     </span>
     <span class='ocr_line' id='line_1_16' title="bbox 206 1515 1210 1595; baseline 0 -18"><span class='ocrx_word' id='word_1_124' title='bbox 206 1516 328 1591; x_wconf 83' lang='lat' dir='ltr'>der‘nde,</span> <span class='ocrx_word' id='word_1_125' title='bbox 348 1516 549 1593; x_wconf 82' lang='lat' dir='ltr'>praeiudicio</span> <span class='ocrx_word' id='word_1_126' title='bbox 570 1533 638 1577; x_wconf 81' lang='lat' dir='ltr'>esse</span> <span class='ocrx_word' id='word_1_127' title='bbox 654 1517 743 1594; x_wconf 83' lang='lat' dir='ltr'>facta</span> <span class='ocrx_word' id='word_1_128' title='bbox 764 1515 804 1576; x_wconf 84' lang='lat' dir='ltr'>ab</span> <span class='ocrx_word' id='word_1_129' title='bbox 819 1515 896 1592; x_wconf 76' lang='lat' dir='ltr'>ipsis</span> <span class='ocrx_word' id='word_1_130' title='bbox 914 1516 1080 1592; x_wconf 72' lang='lat' dir='ltr'>lodicibus,</span> <span class='ocrx_word' id='word_1_131' title='bbox 1104 1535 1125 1577; x_wconf 86' lang='lat' dir='ltr'>c</span> <span class='ocrx_word' id='word_1_132' title='bbox 1146 1519 1210 1595; x_wconf 79' lang='lat' dir='ltr'>qoi-</span> 
     </span>
     <span class='ocr_line' id='line_1_17' title="bbox 205 1599 1211 1679; baseline 0.003 -20"><span class='ocrx_word' id='word_1_133' title='bbox 205 1599 263 1660; x_wconf 78' lang='lat' dir='ltr'>bur</span> <span class='ocrx_word' id='word_1_134' title='bbox 284 1600 504 1660; x_wconf 79' lang='lat' dir='ltr'>condemnatus</span> <span class='ocrx_word' id='word_1_135' title='bbox 526 1600 586 1670; x_wconf 80' lang='lat' dir='ltr'>sit,·</span> <span class='ocrx_word' id='word_1_136' title='bbox 602 1607 773 1677; x_wconf 77' lang='lat' dir='ltr'>postremo,</span> <span class='ocrx_word' id='word_1_137' title='bbox 800 1599 952 1660; x_wconf 82' lang='lat' dir='ltr'>iudicium</span> <span class='ocrx_word' id='word_1_138' title='bbox 976 1603 1111 1679; x_wconf 81' lang='lat' dir='ltr'>pecunia</span> <span class='ocrx_word' id='word_1_139' title='bbox 1139 1609 1211 1662; x_wconf 85' lang='lat' dir='ltr'>tem·</span> 
     </span>
     <span class='ocr_line' id='line_1_18' title="bbox 200 1679 1211 1762; baseline -0.001 -19"><span class='ocrx_word' id='word_1_140' title='bbox 200 1691 322 1761; x_wconf 86' lang='lat' dir='ltr'>ptatom</span> <span class='ocrx_word' id='word_1_141' title='bbox 341 1701 402 1744; x_wconf 81' lang='lat' dir='ltr'>nort</span> <span class='ocrx_word' id='word_1_142' title='bbox 418 1701 479 1761; x_wconf 88' lang='lat' dir='ltr'>pro</span> <span class='ocrx_word' id='word_1_143' title='bbox 502 1679 638 1744; x_wconf 82' lang='lat' dir='ltr'>Cluentio</span> <span class='ocrx_word' id='word_1_144' title='bbox 658 1684 716 1744; x_wconf 77' lang='lat' dir='ltr'>aed</span> <span class='ocrx_word' id='word_1_145' title='bbox 736 1689 845 1744; x_wconf 81' lang='lat' dir='ltr'>contro</span> <span class='ocrx_word' id='word_1_146' title='bbox 869 1680 1062 1754; x_wconf 74' lang='lat' dir='ltr'>Cleandrum,-</span> <span class='ocrx_word' id='word_1_147' title='bbox 1084 1686 1167 1762; x_wconf 90' lang='lat' dir='ltr'>quia,</span> <span class='ocrx_word' id='word_1_148' title='bbox 1186 1685 1211 1743; x_wconf 92' lang='lat' dir='ltr'>si</span> 
     </span>
     <span class='ocr_line' id='line_1_19' title="bbox 205 1764 1210 1846; baseline 0.001 -21"><span class='ocrx_word' id='word_1_149' title='bbox 205 1764 323 1844; x_wconf 88' lang='lat' dir='ltr'>probari</span> <span class='ocrx_word' id='word_1_150' title='bbox 339 1775 460 1846; x_wconf 88' lang='lat' dir='ltr'>posset,</span> <span class='ocrx_word' id='word_1_151' title='bbox 478 1766 555 1844; x_wconf 91' lang='lat' dir='ltr'>quod</span> <span class='ocrx_word' id='word_1_152' title='bbox 572 1776 616 1827; x_wconf 90' lang='lat' dir='ltr'>est</span> <span class='ocrx_word' id='word_1_153' title='bbox 631 1769 757 1842; x_wconf 89' lang='lat' dir='ltr'>tertium,</span> <span class='ocrx_word' id='word_1_154' title='bbox 775 1766 844 1825; x_wconf 89' lang='lat' dir='ltr'>nihii</span> <span class='ocrx_word' id='word_1_155' title='bbox 861 1784 987 1826; x_wconf 88' lang='lat' dir='ltr'>necesse</span> <span class='ocrx_word' id='word_1_156' title='bbox 1004 1767 1091 1828; x_wconf 89' lang='lat' dir='ltr'>iuerit</span> <span class='ocrx_word' id='word_1_157' title='bbox 1110 1767 1210 1827; x_wconf 88' lang='lat' dir='ltr'>dicere</span> 
     </span>
     <span class='ocr_line' id='line_1_20' title="bbox 164 1849 1208 1930; baseline 0 -20"><span class='ocrx_word' id='word_1_158' title='bbox 164 1869 197 1922; x_wconf 76' lang='lat'>12</span> <span class='ocrx_word' id='word_1_159' title='bbox 204 1851 312 1928; x_wconf 90' lang='lat' dir='ltr'>priora.</span> <span class='ocrx_word' id='word_1_160' title='bbox 348 1849 459 1910; x_wconf 85' lang='lat' dir='ltr'>Rursus</span> <span class='ocrx_word' id='word_1_161' title='bbox 477 1868 562 1910; x_wconf 88' lang='lat' dir='ltr'>nemo</span> <span class='ocrx_word' id='word_1_162' title='bbox 578 1860 638 1912; x_wconf 87' lang='lat' dir='ltr'>tam</span> <span class='ocrx_word' id='word_1_163' title='bbox 651 1853 706 1910; x_wconf 89' lang='lat' dir='ltr'>erit</span> <span class='ocrx_word' id='word_1_164' title='bbox 723 1852 843 1910; x_wconf 88' lang='lat' dir='ltr'>iniustus</span> <span class='ocrx_word' id='word_1_165' title='bbox 860 1859 909 1910; x_wconf 89' lang='lat' dir='ltr'>aut</span> <span class='ocrx_word' id='word_1_166' title='bbox 926 1851 1042 1928; x_wconf 88' lang='lat' dir='ltr'>stultus,</span> <span class='ocrx_word' id='word_1_167' title='bbox 1060 1853 1127 1930; x_wconf 94' lang='lat' dir='ltr'>quin</span> <span class='ocrx_word' id='word_1_168' title='bbox 1145 1869 1208 1910; x_wconf 91' lang='lat' dir='ltr'>eum</span> 
     </span>
     <span class='ocr_line' id='line_1_21' title="bbox 203 1932 1208 2015; baseline 0.001 -21"><span class='ocrx_word' id='word_1_169' title='bbox 203 1932 330 1994; x_wconf 88' lang='lat' dir='ltr'>fateatur</span> <span class='ocrx_word' id='word_1_170' title='bbox 341 1937 450 2015; x_wconf 89' lang='lat' dir='ltr'>optime</span> <span class='ocrx_word' id='word_1_171' title='bbox 465 1951 519 2013; x_wconf 90' lang='lat' dir='ltr'>pro</span> <span class='ocrx_word' id='word_1_172' title='bbox 532 1934 652 1996; x_wconf 89' lang='lat' dir='ltr'>Murena</span> <span class='ocrx_word' id='word_1_173' title='bbox 668 1953 735 1994; x_wconf 88' lang='lat' dir='ltr'>esse</span> <span class='ocrx_word' id='word_1_174' title='bbox 747 1932 1063 2014; x_wconf 72' lang='lat' dir='ltr'>partitumrdntellipo,</span> <span class='ocrx_word' id='word_1_175' title='bbox 1078 1936 1208 2010; x_wconf 80' lang='lat' dir='ltr'>iudices,</span> 
     </span>
     <span class='ocr_line' id='line_1_22' title="bbox 204 2019 1210 2104; baseline 0.001 -27"><span class='ocrx_word' id='word_1_176' title='bbox 204 2019 368 2080; x_wconf 75' lang='lat' dir='ltr'>trieterica</span> <span class='ocrx_word' id='word_1_177' title='bbox 389 2021 599 2104; x_wconf 76' lang='lat' dir='ltr'>accusationis</span> <span class='ocrx_word' id='word_1_178' title='bbox 616 2020 714 2098; x_wconf 77' lang='lat' dir='ltr'>foisse</span> <span class='ocrx_word' id='word_1_179' title='bbox 730 2028 855 2097; x_wconf 80' lang='lat' dir='ltr'>partes,</span> <span class='ocrx_word' id='word_1_180' title='bbox 882 2026 913 2079; x_wconf 87' lang='lat' dir='ltr'>et</span> <span class='ocrx_word' id='word_1_181' title='bbox 934 2038 1042 2081; x_wconf 86' lang='lat' dir='ltr'>eorum</span> <span class='ocrx_word' id='word_1_182' title='bbox 1063 2037 1157 2081; x_wconf 82' lang='lat' dir='ltr'>onom</span> <span class='ocrx_word' id='word_1_183' title='bbox 1177 2020 1210 2079; x_wconf 84' lang='lat' dir='ltr'>in</span> 
     </span>
     <span class='ocr_line' id='line_1_23' title="bbox 203 2103 1209 2182; baseline 0.005 -22"><span class='ocrx_word' id='word_1_184' title='bbox 203 2103 442 2181; x_wconf 75' lang='lat' dir='ltr'>reprehensione</span> <span class='ocrx_word' id='word_1_185' title='bbox 454 2105 546 2179; x_wconf 80' lang='lat' dir='ltr'>vitoe,</span> <span class='ocrx_word' id='word_1_186' title='bbox 563 2105 694 2166; x_wconf 81' lang='lat' dir='ltr'>alteram</span> <span class='ocrx_word' id='word_1_187' title='bbox 711 2105 744 2164; x_wconf 80' lang='lat' dir='ltr'>in</span> <span class='ocrx_word' id='word_1_188' title='bbox 758 2104 946 2164; x_wconf 78' lang='lat' dir='ltr'>contentione</span> <span class='ocrx_word' id='word_1_189' title='bbox 962 2105 1130 2182; x_wconf 81' lang='lat' dir='ltr'>dipnltutis,</span> <span class='ocrx_word' id='word_1_190' title='bbox 1147 2111 1209 2165; x_wconf 83' lang='lat' dir='ltr'>ter·</span> 
     </span>
     <span class='ocr_line' id='line_1_24' title="bbox 203 2186 1209 2250; baseline 0.001 -5"><span class='ocrx_word' id='word_1_191' title='bbox 203 2187 277 2246; x_wconf 83' lang='lat' dir='ltr'>tium</span> <span class='ocrx_word' id='word_1_192' title='bbox 301 2187 335 2247; x_wconf 84' lang='lat' dir='ltr'>iu</span> <span class='ocrx_word' id='word_1_193' title='bbox 363 2188 543 2249; x_wconf 79' lang='lat' dir='ltr'>criminibus</span> <span class='ocrx_word' id='word_1_194' title='bbox 564 2189 697 2250; x_wconf 79' lang='lat' dir='ltr'>ambitur</span> <span class='ocrx_word' id='word_1_195' title='bbox 723 2206 790 2249; x_wconf 80' lang='lat' dir='ltr'>esee</span> <span class='ocrx_word' id='word_1_196' title='bbox 816 2192 982 2249; x_wconf 80' lang='lat' dir='ltr'>versulam.</span> <span class='ocrx_word' id='word_1_197' title='bbox 1023 2186 1096 2247; x_wconf 90' lang='lat' dir='ltr'>Nam</span> <span class='ocrx_word' id='word_1_198' title='bbox 1115 2188 1158 2245; x_wconf 90' lang='lat' dir='ltr'>sio</span> <span class='ocrx_word' id='word_1_199' title='bbox 1180 2196 1209 2246; x_wconf 91' lang='lat' dir='ltr'>et</span> 
     </span>
     <span class='ocr_line' id='line_1_25' title="bbox 204 2270 1208 2350; baseline -0.002 -22"><span class='ocrx_word' id='word_1_200' title='bbox 204 2271 331 2330; x_wconf 86' lang='lat' dir='ltr'>ostendit</span> <span class='ocrx_word' id='word_1_201' title='bbox 346 2270 523 2331; x_wconf 80' lang='lat' dir='ltr'>lucidissime</span> <span class='ocrx_word' id='word_1_202' title='bbox 537 2290 653 2332; x_wconf 85' lang='lat' dir='ltr'>eausam</span> <span class='ocrx_word' id='word_1_203' title='bbox 665 2280 695 2331; x_wconf 90' lang='lat' dir='ltr'>et</span> <span class='ocrx_word' id='word_1_204' title='bbox 709 2270 779 2331; x_wconf 91' lang='lat' dir='ltr'>nihil</span> <span class='ocrx_word' id='word_1_205' title='bbox 794 2271 864 2331; x_wconf 91' lang='lat' dir='ltr'>iecit</span> <span class='ocrx_word' id='word_1_206' title='bbox 877 2271 970 2331; x_wconf 88' lang='lat' dir='ltr'>altero</span> <span class='ocrx_word' id='word_1_207' title='bbox 987 2288 1208 2350; x_wconf 83' lang='lat' dir='ltr'>supervacuum.</span> 
     </span>
     <span class='ocr_line' id='line_1_26' title="bbox 163 2353 1210 2434; baseline -0.005 -16"><span class='ocrx_word' id='word_1_208' title='bbox 163 2363 195 2418; x_wconf 82' lang='lat'>13</span> <span class='ocrx_word' id='word_1_209' title='bbox 288 2353 335 2414; x_wconf 87' lang='lat' dir='ltr'>De</span> <span class='ocrx_word' id='word_1_210' title='bbox 351 2355 403 2415; x_wconf 91' lang='lat' dir='ltr'>ilio</span> <span class='ocrx_word' id='word_1_211' title='bbox 416 2372 532 2434; x_wconf 92' lang='lat' dir='ltr'>quoque</span> <span class='ocrx_word' id='word_1_212' title='bbox 544 2375 655 2434; x_wconf 75' lang='lat' dir='ltr'>genere</span> <span class='ocrx_word' id='word_1_213' title='bbox 667 2356 845 2416; x_wconf 82' lang='lat' dir='ltr'>defensionis</span> <span class='ocrx_word' id='word_1_214' title='bbox 858 2354 995 2434; x_wconf 86' lang='lat' dir='ltr'>plerique</span> <span class='ocrx_word' id='word_1_215' title='bbox 1012 2355 1155 2416; x_wconf 90' lang='lat' dir='ltr'>dubitant:</span> <span class='ocrx_word' id='word_1_216' title='bbox 1174 2353 1210 2414; x_wconf 84' lang='lat' dir='ltr'>Si</span> 
     </span>
     <span class='ocr_line' id='line_1_27' title="bbox 202 2439 1210 2519; baseline -0.005 -18"><span class='ocrx_word' id='word_1_217' title='bbox 202 2440 320 2516; x_wconf 82' lang='lat' dir='ltr'>occidi,</span> <span class='ocrx_word' id='word_1_218' title='bbox 344 2449 428 2502; x_wconf 86' lang='lat' dir='ltr'>recte</span> <span class='ocrx_word' id='word_1_219' title='bbox 446 2441 529 2519; x_wconf 63' lang='grc' dir='ltr'>[θοός</span> <span class='ocrx_word' id='word_1_220' title='bbox 550 2442 608 2503; x_wconf 82' lang='lat' dir='ltr'>sed</span> <span class='ocrx_word' id='word_1_221' title='bbox 628 2461 688 2502; x_wconf 80' lang='lat' dir='ltr'>nore</span> <span class='ocrx_word' id='word_1_222' title='bbox 707 2441 809 2501; x_wconf 85' lang='lat' dir='ltr'>occidi</span> <span class='ocrx_word' id='word_1_223' title='bbox 813 2462 828 2509; x_wconf 88' lang='lat'>,·</span> <span class='ocrx_word' id='word_1_224' title='bbox 851 2457 909 2517; x_wconf 93' lang='lat' dir='ltr'>quo</span> <span class='ocrx_word' id='word_1_225' title='bbox 932 2442 1006 2500; x_wconf 90' lang='lat' dir='ltr'>enim</span> <span class='ocrx_word' id='word_1_226' title='bbox 1027 2441 1107 2518; x_wconf 90' lang='lat' dir='ltr'>prius</span> <span class='ocrx_word' id='word_1_227' title='bbox 1122 2439 1210 2517; x_wconf 89' lang='lat' dir='ltr'>perti-</span> 
     </span>
     <span class='ocr_line' id='line_1_28' title="bbox 203 2521 1209 2603; baseline 0 -21"><span class='ocrx_word' id='word_1_228' title='bbox 203 2540 285 2600; x_wconf 89' lang='lat' dir='ltr'>nere,</span> <span class='ocrx_word' id='word_1_229' title='bbox 304 2525 329 2582; x_wconf 89' lang='lat' dir='ltr'>si</span> <span class='ocrx_word' id='word_1_230' title='bbox 345 2541 474 2603; x_wconf 91' lang='lat' dir='ltr'>sequens</span> <span class='ocrx_word' id='word_1_231' title='bbox 490 2524 600 2584; x_wconf 88' lang='lat' dir='ltr'>firmum</span> <span class='ocrx_word' id='word_1_232' title='bbox 617 2521 675 2584; x_wconf 84' lang='lat' dir='ltr'>sit?</span> <span class='ocrx_word' id='word_1_233' title='bbox 698 2523 773 2584; x_wconf 87' lang='lat' dir='ltr'>haec</span> <span class='ocrx_word' id='word_1_234' title='bbox 788 2525 911 2583; x_wconf 89' lang='lat' dir='ltr'>invicem</span> <span class='ocrx_word' id='word_1_235' title='bbox 927 2524 1061 2598; x_wconf 88' lang='lat' dir='ltr'>obstare,</span> <span class='ocrx_word' id='word_1_236' title='bbox 1088 2533 1117 2583; x_wconf 90' lang='lat' dir='ltr'>et</span> <span class='ocrx_word' id='word_1_237' title='bbox 1131 2531 1209 2582; x_wconf 91' lang='lat' dir='ltr'>utro·</span> 
     </span>
     <span class='ocr_line' id='line_1_29' title="bbox 205 2606 1210 2686; baseline -0.004 -19"><span class='ocrx_word' id='word_1_238' title='bbox 205 2626 262 2686; x_wconf 91' lang='lat' dir='ltr'>que</span> <span class='ocrx_word' id='word_1_239' title='bbox 284 2607 430 2668; x_wconf 88' lang='lat' dir='ltr'>utentibus</span> <span class='ocrx_word' id='word_1_240' title='bbox 453 2610 482 2667; x_wconf 90' lang='lat' dir='ltr'>in</span> <span class='ocrx_word' id='word_1_241' title='bbox 500 2617 604 2668; x_wconf 88' lang='lat' dir='ltr'>neutro</span> <span class='ocrx_word' id='word_1_242' title='bbox 628 2608 729 2668; x_wconf 89' lang='lat' dir='ltr'>haberi</span> <span class='ocrx_word' id='word_1_243' title='bbox 743 2606 839 2668; x_wconf 88' lang='lat' dir='ltr'>iidem.</span> <span class='ocrx_word' id='word_1_244' title='bbox 877 2607 963 2683; x_wconf 84' lang='lat' dir='ltr'>Quod</span> <span class='ocrx_word' id='word_1_245' title='bbox 984 2625 1054 2666; x_wconf 91' lang='lat' dir='ltr'>sane</span> <span class='ocrx_word' id='word_1_246' title='bbox 1075 2609 1104 2665; x_wconf 94' lang='lat' dir='ltr'>in</span> <span class='ocrx_word' id='word_1_247' title='bbox 1127 2614 1210 2683; x_wconf 88' lang='lat' dir='ltr'>parte</span> 
     </span>
     <span class='ocr_line' id='line_1_30' title="bbox 202 2688 1208 2771; baseline -0.004 -21"><span class='ocrx_word' id='word_1_248' title='bbox 202 2710 304 2752; x_wconf 86' lang='lat' dir='ltr'>verum</span> <span class='ocrx_word' id='word_1_249' title='bbox 320 2701 375 2769; x_wconf 89' lang='lat' dir='ltr'>est,</span> <span class='ocrx_word' id='word_1_250' title='bbox 392 2701 423 2751; x_wconf 90' lang='lat' dir='ltr'>et</span> <span class='ocrx_word' id='word_1_251' title='bbox 439 2692 490 2751; x_wconf 92' lang='lat' dir='ltr'>illo</span> <span class='ocrx_word' id='word_1_252' title='bbox 507 2694 652 2771; x_wconf 89' lang='lat' dir='ltr'>sequenti,</span> <span class='ocrx_word' id='word_1_253' title='bbox 672 2695 698 2752; x_wconf 90' lang='lat' dir='ltr'>si</span> <span class='ocrx_word' id='word_1_254' title='bbox 710 2692 795 2752; x_wconf 94' lang='lat' dir='ltr'>modo</span> <span class='ocrx_word' id='word_1_255' title='bbox 808 2690 997 2752; x_wconf 87' lang='lat' dir='ltr'>indubitabile</span> <span class='ocrx_word' id='word_1_256' title='bbox 1015 2698 1070 2763; x_wconf 89' lang='lat' dir='ltr'>est,</span> <span class='ocrx_word' id='word_1_257' title='bbox 1087 2690 1125 2747; x_wconf 89' lang='lat' dir='ltr'>sit</span> <span class='ocrx_word' id='word_1_258' title='bbox 1143 2688 1208 2747; x_wconf 88' lang='lat' dir='ltr'>solo</span> 
     </span>
     <span class='ocr_line' id='line_1_31' title="bbox 163 2772 1208 2854; baseline -0.008 -16"><span class='ocrx_word' id='word_1_259' title='bbox 163 2776 346 2840; x_wconf 62' lang='lat' dir='ltr'>leniendum.</span> <span class='ocrx_word' id='word_1_260' title='bbox 383 2775 423 2836; x_wconf 78' lang='lat' dir='ltr'>Au</span> <span class='ocrx_word' id='word_1_261' title='bbox 444 2777 470 2834; x_wconf 92' lang='lat' dir='ltr'>si</span> <span class='ocrx_word' id='word_1_262' title='bbox 492 2776 560 2854; x_wconf 93' lang='lat' dir='ltr'>quid</span> <span class='ocrx_word' id='word_1_263' title='bbox 580 2778 608 2836; x_wconf 90' lang='lat' dir='ltr'>in</span> <span class='ocrx_word' id='word_1_264' title='bbox 631 2793 684 2852; x_wconf 92' lang='lat' dir='ltr'>eo,</span> <span class='ocrx_word' id='word_1_265' title='bbox 716 2775 794 2854; x_wconf 94' lang='lat' dir='ltr'>quod</span> <span class='ocrx_word' id='word_1_266' title='bbox 819 2784 864 2834; x_wconf 94' lang='lat' dir='ltr'>est</span> <span class='ocrx_word' id='word_1_267' title='bbox 885 2774 1005 2848; x_wconf 83' lang='lat' dir='ltr'>fortius,</span> <span class='ocrx_word' id='word_1_268' title='bbox 1031 2772 1208 2832; x_wconf 90' lang='lat' dir='ltr'>timebimus:</span> 
     </span>
     <span class='ocr_line' id='line_1_32' title="bbox 204 2855 1209 2938; baseline -0.005 -19"><span class='ocrx_word' id='word_1_269' title='bbox 204 2870 327 2938; x_wconf 90' lang='lat' dir='ltr'>utraque</span> <span class='ocrx_word' id='word_1_270' title='bbox 346 2859 520 2938; x_wconf 83' lang='lat' dir='ltr'>probatione</span> <span class='ocrx_word' id='word_1_271' title='bbox 540 2861 673 2919; x_wconf 88' lang='lat' dir='ltr'>nitemur.</span> <span class='ocrx_word' id='word_1_272' title='bbox 710 2860 794 2919; x_wconf 86' lang='lat' dir='ltr'>Alius</span> <span class='ocrx_word' id='word_1_273' title='bbox 817 2859 892 2917; x_wconf 91' lang='lat' dir='ltr'>enim</span> <span class='ocrx_word' id='word_1_274' title='bbox 913 2857 970 2917; x_wconf 88' lang='lat' dir='ltr'>alio</span> <span class='ocrx_word' id='word_1_275' title='bbox 991 2857 1102 2915; x_wconf 88' lang='lat' dir='ltr'>moveri</span> <span class='ocrx_word' id='word_1_276' title='bbox 1121 2855 1209 2931; x_wconf 86' lang='lat' dir='ltr'>solet,</span> 
     </span>
     <span class='ocr_line' id='line_1_33' title="bbox 206 2942 1210 3022; baseline -0.006 -19"><span class='ocrx_word' id='word_1_277' title='bbox 206 2954 235 3004; x_wconf 91' lang='lat' dir='ltr'>et</span> <span class='ocrx_word' id='word_1_278' title='bbox 256 2945 305 3022; x_wconf 93' lang='lat' dir='ltr'>qui</span> <span class='ocrx_word' id='word_1_279' title='bbox 324 2945 431 3004; x_wconf 86' lang='lat' dir='ltr'>iactum</span> <span class='ocrx_word' id='word_1_280' title='bbox 452 2944 579 3020; x_wconf 85' lang='lat' dir='ltr'>putavit,</span> <span class='ocrx_word' id='word_1_281' title='bbox 602 2945 707 3003; x_wconf 91' lang='lat' dir='ltr'>iustum</span> <span class='ocrx_word' id='word_1_282' title='bbox 729 2944 853 3003; x_wconf 88' lang='lat' dir='ltr'>credere</span> <span class='ocrx_word' id='word_1_283' title='bbox 872 2948 985 3019; x_wconf 89' lang='lat' dir='ltr'>potest;</span> <span class='ocrx_word' id='word_1_284' title='bbox 1009 2942 1056 3018; x_wconf 92' lang='lat' dir='ltr'>qui</span> <span class='ocrx_word' id='word_1_285' title='bbox 1075 2949 1210 3017; x_wconf 85' lang='lat' dir='ltr'>tanquam</span> 
     </span>
     <span class='ocr_line' id='line_1_34' title="bbox 205 3022 1211 3104; baseline -0.007 -16"><span class='ocrx_word' id='word_1_286' title='bbox 205 3030 281 3088; x_wconf 89' lang='lat' dir='ltr'>iusto</span> <span class='ocrx_word' id='word_1_287' title='bbox 297 3044 356 3087; x_wconf 90' lang='lat' dir='ltr'>non</span> <span class='ocrx_word' id='word_1_288' title='bbox 370 3025 550 3104; x_wconf 86' lang='lat' dir='ltr'>movebitur,</span> <span class='ocrx_word' id='word_1_289' title='bbox 576 3028 684 3088; x_wconf 84' lang='lat' dir='ltr'>iactum</span> <span class='ocrx_word' id='word_1_290' title='bbox 708 3027 835 3087; x_wconf 83' lang='lat' dir='ltr'>fortasse</span> <span class='ocrx_word' id='word_1_291' title='bbox 855 3041 914 3084; x_wconf 93' lang='lat' dir='ltr'>non</span> <span class='ocrx_word' id='word_1_292' title='bbox 936 3023 1046 3083; x_wconf 87' lang='lat' dir='ltr'>credet.</span> <span class='ocrx_word' id='word_1_293' title='bbox 1075 3022 1114 3082; x_wconf 89' lang='lat' dir='ltr'>Ut</span> <span class='ocrx_word' id='word_1_294' title='bbox 1130 3031 1211 3082; x_wconf 88' lang='lat' dir='ltr'>certa</span> 
     </span>
     <span class='ocr_line' id='line_1_35' title="bbox 205 3106 1210 3191; baseline -0.006 -20"><span class='ocrx_word' id='word_1_295' title='bbox 205 3129 304 3191; x_wconf 89' lang='lat' dir='ltr'>manus</span> <span class='ocrx_word' id='word_1_296' title='bbox 326 3129 383 3171; x_wconf 92' lang='lat' dir='ltr'>uno</span> <span class='ocrx_word' id='word_1_297' title='bbox 405 3110 466 3170; x_wconf 92' lang='lat' dir='ltr'>teio</span> <span class='ocrx_word' id='word_1_298' title='bbox 492 3113 587 3189; x_wconf 90' lang='lat' dir='ltr'>possit</span> <span class='ocrx_word' id='word_1_299' title='bbox 606 3130 674 3171; x_wconf 89' lang='lat' dir='ltr'>esse</span> <span class='ocrx_word' id='word_1_300' title='bbox 696 3117 850 3171; x_wconf 89' lang='lat' dir='ltr'>contenta:</span> <span class='ocrx_word' id='word_1_301' title='bbox 879 3109 991 3168; x_wconf 86' lang='lat' dir='ltr'>incerta</span> <span class='ocrx_word' id='word_1_302' title='bbox 1017 3106 1101 3186; x_wconf 91' lang='lat' dir='ltr'>plura</span> <span class='ocrx_word' id='word_1_303' title='bbox 1129 3124 1210 3186; x_wconf 89' lang='lat' dir='ltr'>spar-</span> 
     </span>
     <span class='ocr_line' id='line_1_36' title="bbox 164 3188 1210 3273; baseline -0.005 -18"><span class='ocrx_word' id='word_1_304' title='bbox 164 3195 300 3273; x_wconf 69' lang='lat' dir='ltr'>lsgenda</span> <span class='ocrx_word' id='word_1_305' title='bbox 320 3204 400 3270; x_wconf 92' lang='lat' dir='ltr'>sunt,</span> <span class='ocrx_word' id='word_1_306' title='bbox 422 3203 455 3255; x_wconf 89' lang='lat' dir='ltr'>ut</span> <span class='ocrx_word' id='word_1_307' title='bbox 475 3196 513 3254; x_wconf 89' lang='lat' dir='ltr'>sit</span> <span class='ocrx_word' id='word_1_308' title='bbox 528 3204 557 3254; x_wconf 91' lang='lat' dir='ltr'>et</span> <span class='ocrx_word' id='word_1_309' title='bbox 575 3197 709 3255; x_wconf 80' lang='lat' dir='ltr'>fortunae</span> <span class='ocrx_word' id='word_1_310' title='bbox 727 3195 820 3254; x_wconf 88' lang='lat' dir='ltr'>locus.</span> <span class='ocrx_word' id='word_1_311' title='bbox 859 3190 990 3268; x_wconf 78' lang='lat' dir='ltr'>Egregie</span> <span class='ocrx_word' id='word_1_312' title='bbox 1010 3207 1082 3252; x_wconf 86' lang='lat' dir='ltr'>vero</span> <span class='ocrx_word' id='word_1_313' title='bbox 1105 3188 1210 3251; x_wconf 80' lang='lat' dir='ltr'>Cicero</span> 
     </span>
     <span class='ocr_line' id='line_1_37' title="bbox 206 3275 1210 3357; baseline -0.003 -20"><span class='ocrx_word' id='word_1_314' title='bbox 206 3296 260 3357; x_wconf 88' lang='lat' dir='ltr'>pro</span> <span class='ocrx_word' id='word_1_315' title='bbox 276 3277 385 3339; x_wconf 83' lang='lat' dir='ltr'>Milone</span> <span class='ocrx_word' id='word_1_316' title='bbox 402 3280 599 3339; x_wconf 89' lang='lat' dir='ltr'>insidiatorem</span> <span class='ocrx_word' id='word_1_317' title='bbox 613 3281 734 3357; x_wconf 88' lang='lat' dir='ltr'>primum</span> <span class='ocrx_word' id='word_1_318' title='bbox 749 3276 881 3338; x_wconf 81' lang='lat' dir='ltr'>clodium</span> <span class='ocrx_word' id='word_1_319' title='bbox 900 3275 1038 3353; x_wconf 86' lang='lat' dir='ltr'>ostendit,</span> <span class='ocrx_word' id='word_1_320' title='bbox 1056 3285 1115 3335; x_wconf 89' lang='lat' dir='ltr'>tum</span> <span class='ocrx_word' id='word_1_321' title='bbox 1133 3275 1210 3335; x_wconf 91' lang='lat' dir='ltr'>addi-</span> 
     </span>
     <span class='ocr_line' id='line_1_38' title="bbox 207 3360 1210 3439; baseline -0.005 -17"><span class='ocrx_word' id='word_1_322' title='bbox 207 3362 248 3422; x_wconf 90' lang='lat' dir='ltr'>dit</span> <span class='ocrx_word' id='word_1_323' title='bbox 268 3380 307 3422; x_wconf 86' lang='lat' dir='ltr'>ex</span> <span class='ocrx_word' id='word_1_324' title='bbox 328 3362 499 3439; x_wconf 89' lang='lat' dir='ltr'>abundanti,</span> <span class='ocrx_word' id='word_1_325' title='bbox 521 3364 632 3422; x_wconf 87' lang='lat' dir='ltr'>etiamsi</span> <span class='ocrx_word' id='word_1_326' title='bbox 648 3363 676 3422; x_wconf 92' lang='lat' dir='ltr'>id</span> <span class='ocrx_word' id='word_1_327' title='bbox 690 3378 747 3420; x_wconf 90' lang='lat' dir='ltr'>non</span> <span class='ocrx_word' id='word_1_328' title='bbox 763 3360 885 3435; x_wconf 87' lang='lat' dir='ltr'>inisset,</span> <span class='ocrx_word' id='word_1_329' title='bbox 902 3360 990 3420; x_wconf 91' lang='lat' dir='ltr'>talem</span> <span class='ocrx_word' id='word_1_330' title='bbox 1005 3370 1100 3420; x_wconf 89' lang='lat' dir='ltr'>tamen</span> <span class='ocrx_word' id='word_1_331' title='bbox 1118 3361 1210 3419; x_wconf 86' lang='lat' dir='ltr'>civem</span> 
     </span>
     <span class='ocr_line' id='line_1_39' title="bbox 208 3444 1208 3522; baseline -0.007 -16"><span class='ocrx_word' id='word_1_332' title='bbox 208 3463 272 3506; x_wconf 89' lang='lat' dir='ltr'>oum</span> <span class='ocrx_word' id='word_1_333' title='bbox 296 3464 404 3507; x_wconf 87' lang='lat' dir='ltr'>summa</span> <span class='ocrx_word' id='word_1_334' title='bbox 423 3447 528 3506; x_wconf 87' lang='lat' dir='ltr'>virtute</span> <span class='ocrx_word' id='word_1_335' title='bbox 551 3446 748 3506; x_wconf 82' lang='lat' dir='ltr'>interfectoris</span> <span class='ocrx_word' id='word_1_336' title='bbox 774 3454 803 3505; x_wconf 90' lang='lat' dir='ltr'>et</span> <span class='ocrx_word' id='word_1_337' title='bbox 823 3444 919 3522; x_wconf 76' lang='lat' dir='ltr'>gioria</span> <span class='ocrx_word' id='word_1_338' title='bbox 941 3445 1041 3506; x_wconf 87' lang='lat' dir='ltr'>necari</span> <span class='ocrx_word' id='word_1_339' title='bbox 1068 3444 1208 3522; x_wconf 89' lang='lat' dir='ltr'>potuisse.</span> 
     </span>
    </p>
   </div>
   <div class='ocr_carea' id='block_1_3' title="bbox 0 0 1288 4026">
    <p class='ocr_par' dir='ltr' id='par_1_3' title="bbox 0 0 1288 4026">
     <span class='ocr_line' id='line_1_40' title="bbox 0 0 1288 4026; baseline 0 0"><span class='ocrx_word' id='word_1_340' title='bbox 0 0 1288 4026; x_wconf 95' lang='lat' dir='ltr'> </span> 
     </span>
    </p>
   </div>
  </div>
 </body>
</html>
