2566 4026
232 159 273 222 78
546 170 909 232 111111111111111111111

230 327 327 407 gladic
348 329 483 407 ferrum,
508 327 547 386 ita
570 343 628 385 non
648 342 702 404 pro
725 341 801 404 equo
823 327 1065 404 quadrupedem.
1109 327 1232 392 Maxime

230 421 325 474 autem
346 413 374 470 in
398 411 507 471 orando
527 409 636 469 valebit
662 425 844 468 numerorum
866 409 917 469 illa
936 410 1066 475 libertas.
1109 410 1183 472 Nam
1206 423 1232 473 et

229 494 324 555 Livius
341 511 431 573 saepe
449 495 492 552 sic
508 492 592 552 dicit:
609 492 765 554 Rcmnnm
781 494 1026 571 proclinentur,
1047 513 1111 554 enm
1129 496 1232 557 Roma·

230 596 283 638 nos
300 580 409 638 vicisse
431 577 589 654 significan
616 584 645 637 et
666 585 766 636 contra
784 574 888 636 Cicero
905 577 940 637 ad
955 577 1088 652 Brutum,
1106 577 1231 660 Populo,

229 664 335 742 inquit,
357 662 555 740 imposuimus
569 667 598 722 et
613 667 754 722 oratores
768 662 827 721 uisi
840 679 961 737 snmus,
986 679 1050 721 cum
1070 663 1106 723 de
1124 682 1159 723 se
1174 673 1232 724 tan·

188 755 286 809 artum
302 746 480 823 loqueretur.
517 743 602 818 Quod
617 761 710 820 genus
724 760 782 802 non
799 745 945 803 orationes
961 745 1046 805 modo
1065 756 1160 822 ornat,
1183 749 1233 808 sed

230 831 315 889 etiam
338 828 474 888 cotidiani
499 828 639 887 sermonis
660 845 730 886 usus
749 828 863 905 recipit.
907 827 1027 901 Quidam
1053 822 1234 910 συνεκδοχὴν

228 920 335 973 vocant
352 921 396 988 et,
415 929 479 972 cum
495 910 522 970 id
538 911 566 969 in
580 918 717 970 contextu
733 912 889 986 sermonis,
909 911 986 989 qnod
1002 921 1131 988 tacetur,
1158 917 1232 974 acci-

228 998 338 1076 pimus;
363 995 484 1055 verbum
500 995 575 1054 enim
593 1011 630 1053 ex
644 993 742 1053 verbis
758 994 899 1070 intelligi,
920 996 997 1072 quod
1017 997 1092 1055 inter
1106 998 1176 1057 vitia
1193 998 1234 1058 el·

228 1079 338 1159 lipsis
357 1087 494 1138 vocatur:

492 1158 638 1224 Arcades
658 1164 702 1223 od
721 1169 829 1240 portas
850 1181 951 1222 ruere.

186 1245 296 1312 molini
318 1246 392 1306 banc
418 1247 539 1324 liguram
561 1263 629 1305 esse
655 1247 746 1323 magis
768 1245 882 1323 placet;
905 1244 965 1303 illic
989 1262 1061 1322 ergo
1084 1246 1232 1306 reddetur.

229 1330 316 1392 Aliud
332 1331 417 1390 ctiam
432 1329 602 1406 intelligitur
620 1348 656 1388 ex
674 1329 749 1389 alio:

312 1411 443 1492 Aspice,
466 1420 578 1474 erutae
594 1415 664 1491 ingo
686 1414 825 1491 referunt
845 1431 995 1490 suspenso
1015 1414 1149 1488 invenci,

228 1498 304 1558 unde
327 1507 449 1576 apparet
468 1507 583 1556 noctem
607 1498 851 1575 appropinquare.
896 1494 928 1555 ld
951 1496 1052 1555 nescio
1069 1513 1105 1554 an
1124 1496 1235 1556 oratori

230 1583 382 1641 conveniat
402 1583 456 1640 nisi
479 1582 507 1639 in
530 1579 773 1657 argumentando,
795 1598 858 1639 cum
881 1580 924 1638 rei
941 1581 1053 1656 signum
1074 1587 1128 1639 est.
1176 1579 1235 1639 Sed

229 1664 286 1724 hoc
304 1664 339 1723 ab
362 1664 535 1723 elocutionis
554 1664 665 1723 ratione
685 1663 781 1723 distat.

165 1822 168 1828 .
187 1759 221 1812 23
312 1745 376 1807 Nec
392 1747 496 1826 procul
512 1746 547 1806 ab
563 1746 621 1806 hoc
637 1764 747 1823 genere
765 1747 887 1811 discedit
903 1745 1134 1822 μετωνυμία,
1160 1765 1235 1824 quae

230 1841 275 1891 est
290 1832 411 1890 nominis
427 1847 481 1908 pro
497 1832 611 1889 nomine
628 1830 745 1908 positio.
782 1829 868 1890 Cuius
881 1832 924 1889 vis
938 1839 998 1904 est,
1015 1847 1068 1907 pro
1086 1845 1139 1906 eo,
1158 1830 1235 1908 qnod

230 1915 350 1989 dieitur,
374 1930 506 1989 causam,
530 1922 651 1993 propter
667 1931 752 1992 quam
767 1914 886 1989 dicitur,
907 1931 1031 1993 ponere3
1056 1913 1126 1989 sed,
1150 1923 1181 1973 ut
1198 1916 1236 1973 ait

230 1995 352 2072 Cicero,
371 1987 547 2076 ὑπαλλαγὴν
570 1997 704 2057 rhetores
726 1997 831 2057 dicunt.
877 1996 957 2057 llaec
980 1999 1111 2056 inventas
1134 1997 1169 2057 ab
1193 1999 1234 2057 in·

228 2090 351 2140 ventore
375 2089 404 2140 et
421 2079 567 2140 subiectas
584 2099 632 2140 res
650 2080 685 2140 ab
705 2081 899 2141 obtinentibus
916 2081 1073 2158 significat:
1096 2089 1127 2140 ut
1144 2078 1235 2142 Cere·

227 2169 293 2226 rein
310 2166 606 2243 eorrnptnmundis,
629 2173 658 2224 et

839 2284 882 2294 —
897 2260 1039 2327 receptus

359 2331 457 2393 Teren
475 2330 636 2410 Neptunus
658 2332 775 2393 classes
789 2328 990 2409 Aquilonibus
1011 2340 1107 2393 creet.

186 2416 315 2491 mQuod
334 2417 365 2476 lit
388 2425 547 2477 retrorsum
569 2416 676 2476 durius.
713 2414 816 2475 Refert
840 2424 951 2490 autem,
979 2417 1164 2492 inquantum
1187 2412 1235 2473 bic

230 2510 330 2578 tropus
341 2509 488 2560 oratorem
501 2509 648 2577 sequatur.
680 2497 752 2558 Nam
764 2507 794 2558 ut
809 2497 979 2561 ancnnnm
993 2515 1047 2578 pro
1064 2500 1131 2574 igne
1143 2497 1235 2573 vulgo

228 2585 373 2660 audimus,
398 2593 427 2643 et
451 2585 540 2644 corio
555 2579 656 2644 Morte
669 2590 839 2661 pugnatum
860 2584 988 2642 eruditus
1008 2592 1053 2642 est
1069 2598 1182 2656 sermo,
1208 2588 1237 2640 et

233 2663 379 2730 Venerem
397 2683 480 2747 quarn
497 2667 603 2726 coitum
624 2665 734 2725 dixisse
752 2667 844 2742 magis
866 2667 966 2726 decet:
993 2665 1032 2726 ita
1047 2665 1192 2728 biberunt
1208 2671 1238 2724 et

229 2746 371 2814 Cererem
386 2768 440 2829 pro
459 2751 572 2809 vincet
593 2767 668 2828 pane
692 2749 843 2825 licentius,
866 2768 950 2828 quam
967 2758 997 2809 ut
1015 2750 1071 2810 lori
1092 2749 1237 2808 severitas

228 2836 314 2896 terat.
357 2834 437 2894 Sicut
453 2852 490 2892 ex
506 2851 560 2909 eo,
583 2835 660 2911 quod
677 2835 853 2909 continetur,
873 2852 942 2893 usus
958 2835 1063 2911 recipit
1080 2832 1157 2894 bene
1172 2850 1237 2892 mo-

188 2927 317 2988 mentus
330 2919 426 2980 nrbes
446 2927 475 2977 ct
494 2920 638 2998 poenlnm
658 2925 777 2996 epotum
795 2925 824 2977 et
843 2918 997 2980 soeculum
1010 2919 1097 2996 felin.
1142 2915 1181 2975 At
1198 2913 1237 2991 id,

231 3002 308 3080 qnod
327 3011 427 3061 contra
443 3010 504 3078 est,
523 3018 590 3061 raro
611 3001 716 3062 audeat
730 3001 810 3080 quis,
826 3002 881 3060 nisi
895 3010 1000 3080 poetar

432 3118 475 3132 -
493 3087 555 3146 iam
568 3087 728 3166 promimus
743 3087 835 3146 undet
854 3083 1017 3164 Ucalegon.

147 3177 155 3183 '
230 3168 294 3229 lttsi
309 3170 385 3230 lorte
400 3169 458 3230 boc
473 3170 569 3248 potius
586 3178 647 3245 est,
668 3187 684 3228 a
700 3186 892 3247 possessore,
910 3168 987 3247 quod
1004 3167 1187 3247 possidetur,
1208 3173 1240 3226 ut

231 3253 378 3314 bominem
404 3254 566 3330 decorari,
595 3252 675 3313 cuins
701 3252 899 3330 patrimonium
931 3261 1122 3311 consumatur.
1171 3250 1238 3324 Quo

190 3336 317 3401 eemodo
334 3337 403 3397 bunt
425 3336 647 3397 innumerabiles
663 3338 790 3414 speeies.
830 3336 921 3396 Huius
937 3337 1010 3395 enim
1026 3344 1090 3394 sunt
1116 3338 1238 3413 generis,

233 3438 296 3479 cum
314 3420 349 3480 ab
365 3419 524 3481 Hannibale
544 3438 638 3482 cnesc
659 3423 745 3498 apud
763 3418 889 3481 Connus
911 3422 1074 3500 senupintn
1089 3419 1175 3479 milio
1197 3421 1237 3478 di·
