2566 4026
360 186 806 255 rusu.onnuon.u1o.vr1,4.
1046 179 1085 242 31

80 345 173 422 magis
186 345 214 402 in
225 344 412 421 praeteritum
424 341 601 417 laudaverit,
615 351 694 402 tanto
711 342 824 403 facilius
834 344 969 422 probabit
984 347 1086 407 morbo

82 447 150 488 esse
168 436 301 486 mutatos.
347 425 444 502 Reus,
467 428 601 503 quotiens
617 444 703 486 causa
719 428 859 505 patietur,
883 428 1001 490 debebit
1021 439 1127 496 esse31

80 514 109 572 in
128 512 299 572 defensione
325 510 511 584 moderatus,
542 512 608 587 quia
628 510 692 569 fere
715 513 757 570 ira
774 520 802 571 et
819 515 974 572 concitatio
995 513 1087 574 furori

81 605 146 655 sunt
162 594 273 654 similia.
319 591 456 652 Omnibus
472 593 515 652 bis
533 610 682 653 commune
699 602 759 670 est,
779 595 856 673 quod
876 598 920 656 rei
936 613 995 656 non
1012 616 1086 657 sem·

80 699 134 758 per
161 678 332 738 defensione
357 677 428 736 facti
452 677 505 736 sed
529 680 718 738 excusatione
744 696 779 738 ac
804 680 888 739 venia
917 680 1088 758 frequenter

79 772 205 823 utuntur.
251 761 304 820 Est
328 762 402 821 enim
423 759 583 822 domestica
607 761 798 840 disceptatio,
822 764 851 822 iu
873 781 928 841 qua
951 774 981 823 et
996 765 1088 825 semel

79 864 223 926 peccasse
245 854 274 905 et
295 863 349 923 per
371 861 502 904 errorem
521 855 550 905 et
572 844 683 922 levius,
707 863 791 924 quam
809 846 977 924 obiiciatur,
1002 848 1087 908 abso-

78 930 181 991 lutioni
196 947 398 1008 nonnunquam
414 929 530 988 sufficit.

163 1013 223 1074 Sed
240 1014 296 1073 alia
321 1029 439 1092 quoque
457 1013 546 1072 multa
562 1015 826 1073 controversiarum
843 1032 953 1091 genera
968 1017 997 1074 iu
1018 1025 1129 1093 qua-32

78 1098 189 1158 litatem
216 1096 330 1157 cadunt.
380 1095 620 1165 Iniuriarum
652 1115 814 1176 quanquam
840 1099 914 1157 enim
939 1118 1008 1159 reus
1035 1100 1087 1159 ali-

79 1181 192 1260 quando
208 1181 317 1240 fecisse
335 1188 439 1257 negat,
456 1180 628 1260 plerumque
642 1189 738 1242 tamen
755 1181 829 1242 baec
847 1183 923 1242 actio
945 1183 1022 1243 facto
1046 1192 1087 1243 at-

79 1283 135 1343 que
163 1266 256 1325 animo
282 1266 454 1324 continetur.
498 1263 544 1324 De
568 1273 740 1325 accusatore
766 1267 986 1344 constituendo,
1014 1276 1131 1346 quaeat

77 1349 185 1409 iudicia
201 1349 326 1408 diviua
337 1350 458 1407 tiones
478 1356 633 1416 vocantur;
656 1350 685 1407 in
701 1367 757 1427 quo
773 1367 885 1426 genere
902 1348 1007 1410 Cicero
1026 1352 1086 1429 qui·
1146 1411 1148 1416 ,

78 1432 161 1508 dem,
186 1435 234 1511 qui
250 1431 447 1493 mandantibus
463 1434 552 1492 sociis
566 1432 690 1492 Verrem
706 1433 881 1510 accusabat,
905 1443 1006 1494 contra
1023 1452 1086 1510 eos,

79 1519 128 1594 qui
144 1535 209 1576 eum
225 1516 435 1591 defendebant,
466 1516 522 1575 bac
545 1533 614 1575 usus
637 1525 682 1576 est
705 1516 861 1594 divisione,
887 1518 1086 1596 spectandum,

78 1617 94 1659 a
124 1617 181 1678 quo
210 1601 333 1660 maxime
361 1602 407 1677 agi
437 1601 528 1660 velint
555 1601 591 1677 ii,
626 1617 747 1678 quorum
773 1601 810 1662 de
835 1601 946 1662 ultione
973 1603 1086 1680 quaeri-

78 1693 140 1759 tur,
159 1702 175 1744 a
194 1701 251 1763 quo
267 1685 381 1744 minime
396 1684 468 1744 velit
484 1685 525 1760 is,
548 1685 597 1763 qui
612 1694 775 1744 accusatur.
822 1684 1130 1765 Frequentissimae34

78 1778 173 1828 tamen
200 1768 255 1829 bae
282 1777 348 1828 sunt
374 1772 578 1847 quaestiones,
603 1777 669 1827 uter
689 1770 814 1828 maiores
839 1788 942 1830 causas
969 1769 1085 1845 babeat,

77 1861 143 1911 uter
165 1851 231 1929 plus
254 1852 412 1912 industriae
434 1862 482 1913 aut
496 1854 599 1912 virium
619 1852 656 1910 sit
671 1852 811 1913 allaturus
828 1853 864 1914 ad
883 1854 1086 1929 accusandum,

77 1945 143 1995 uter
162 1935 192 1996 id
215 1935 272 1995 lide
294 1936 416 1995 meliore
434 1937 574 1996 facturus.
616 1935 773 1997 Tutelae
789 1947 960 2016 praeterea;
983 1939 1012 1997 in
1029 1946 1128 2016 qu035

77 2019 183 2079 iudicio
201 2018 280 2078 solet
298 2021 413 2098 quaeri,
432 2038 468 2079 an
482 2021 538 2081 alia
554 2019 590 2080 de
605 2037 638 2078 re
655 2020 789 2098 quamde
808 2021 929 2081 calculis
945 2023 1087 2099 cognosci

78 2113 229 2182 oporteat,
251 2122 287 2164 au
312 2103 397 2163 fidem
420 2112 571 2182 praestare
593 2102 698 2163 debeat
712 2113 820 2163 tautum
835 2122 893 2165 nou
913 2106 999 2165 etiam
1018 2122 1085 2165 con·

77 2187 172 2246 silium
189 2196 218 2247 et
234 2197 377 2247 eventum.
414 2185 466 2247 (lui
483 2187 576 2246 simile
593 2195 637 2246 est
652 2186 727 2246 male
743 2197 846 2264 gestae
862 2190 1086 2267 procurationis,

77 2289 153 2349 quae
180 2272 210 2330 in
235 2272 301 2331 loro
328 2273 562 2348 negotiorum
589 2279 794 2347 gestorum
827 2289 892 2332 nam
914 2282 944 2332 et
962 2273 1088 2333 mandati

77 2357 154 2414 actio
172 2364 226 2414 est.
271 2355 392 2416 Praeter
414 2354 489 2414 baeo
504 2355 649 2430 finguntur
664 2355 692 2412 in
706 2353 816 2413 sobolis
836 2365 865 2414 et
880 2356 1011 2433 inscripti
1027 2373 1086 2415 ma·
1093 2363 1130 2420 36

77 2439 185 2513 lefrcii,
208 2438 358 2516 inquibus
380 2448 428 2497 aut
452 2438 509 2499 boc
530 2438 693 2516 quaeritur,
716 2455 751 2496 an
772 2439 941 2516 inscriptum
962 2440 1015 2506 sit;
1039 2447 1087 2497 aut

77 2522 151 2599 boo,
182 2541 218 2582 an
243 2524 416 2582 maleficium
442 2523 493 2590 sit;
526 2537 592 2580 raro
619 2529 780 2599 utrumque.
831 2521 925 2581 llale
953 2531 1087 2599 gestae

77 2606 292 2683 legationis
319 2606 395 2684 apud
418 2603 547 2666 Graecos
574 2613 603 2664 et
628 2606 707 2664 veris
738 2605 833 2665 causis
859 2606 1015 2685 frequens,
1037 2605 1086 2665 ubi

77 2691 147 2749 iuris
165 2690 233 2750 loco
255 2692 357 2770 quaeri
381 2688 474 2765 solet,
494 2708 530 2748 an
545 2690 660 2748 omnino
676 2688 761 2748 aliter
776 2707 884 2766 agere,
908 2707 993 2768 quam
1008 2707 1085 2749 man·

77 2774 173 2833 datum
194 2776 247 2851 sit,
275 2775 379 2850 liceat,
405 2783 435 2833 et
451 2791 602 2852 quousque
621 2775 658 2833 sit
678 2773 807 2849 legatus;
837 2774 970 2853 quoniam
988 2773 1036 2832 alii
1058 2775 1086 2832 in

76 2859 266 2918 renuntiando
285 2867 365 2918 sunt:
387 2867 418 2917 ut
433 2859 461 2916 in
476 2857 567 2933 Heio,
588 2858 636 2936 qui
652 2859 844 2917 testimonium
857 2860 887 2916 in
901 2857 1025 2918 Verrem
1044 2857 1085 2917 di·

76 2951 161 3002 xerat
180 2952 248 3020 post
263 2942 405 3021 perlatam
424 2941 611 3018 legationem.
656 2941 809 3001 Plurimum
821 2950 916 3001 tamen
933 2949 977 3001 est
991 2942 1018 2999 in
1037 2957 1084 3015 eo,
1095 2941 1128 2998 37

78 3027 165 3104 quale
187 3029 224 3086 sit
241 3027 358 3086 factum.
391 3025 457 3084 Rei
478 3025 652 3104 publicae
676 3023 814 3084 laesae.
846 3025 920 3086 llinc
935 3033 1087 3085 moventur

79 3110 193 3187 quidem
212 3111 281 3171 illae
302 3113 372 3170 iuris
395 3109 612 3169 cavillationes:
640 3107 714 3182 Quid
733 3109 769 3168 sit
786 3109 1008 3187 rempublicam
1025 3108 1085 3168 lae-

77 3192 170 3254 dere?
194 3203 240 3270 et,
260 3196 379 3254 laeserit
394 3212 430 3254 an
448 3211 506 3252 uon
525 3189 688 3271 profuerit?
711 3201 758 3268 et,
780 3192 816 3252 ab
831 3194 897 3271 ipso
913 3210 949 3252 an
963 3201 1086 3271 propter

77 3278 171 3356 ipsum
193 3278 274 3338 laesa
297 3279 342 3337 sit.
387 3277 419 3337 ln
436 3278 515 3337 facto
532 3286 626 3336 tamen
641 3276 793 3354 plurimum
813 3277 898 3336 inest.
942 3275 1086 3354 Ingrati

78 3379 206 3441 quoque.
240 3362 272 3422 ln
294 3378 350 3440 quo
374 3380 485 3439 genere
506 3363 663 3440 quaeritur,
686 3359 732 3419 An
757 3362 799 3435 is,
822 3378 885 3419 cum
904 3377 960 3438 quo
979 3362 1084 3438 agitur,

77 3447 230 3526 acceperit
257 3442 451 3506 beneficium?
490 3444 575 3518 Quod
598 3461 665 3505 raro
685 3444 848 3522 negandum
869 3453 931 3513 est;
955 3446 1085 3522 ingratus
