2566 4026
365 207 813 275 rnsr.onnnon.n1e.v,1o
1037 199 1097 260 215

91 374 168 427 tuam
192 363 438 424 continuationem
468 361 681 441 praestantibus
702 363 844 424 ducuntur
869 365 965 464 (quae
980 368 1098 468 proprii

91 449 210 526 generis
231 447 323 505 videri
346 446 459 525 quidam
475 446 575 505 volunt
595 454 625 504 et
640 455 747 505 vocant
768 444 855 506 ἐκ
815 470 874 507 των
888 441 962 528 πρὸς
976 445 1096 529 ἄλληλα,

95 530 199 592 Cicero
216 548 254 590 ex
270 529 358 589 rebus
374 529 427 588 sub
450 527 571 588 eandem
592 530 733 589 rationem
755 530 957 612 venientibus)
982 534 1098 594 fortiter

94 613 363 693 consequentibus
354 613 510 672 iunxerim:
543 610 580 672 st
591 615 762 691 portorium
777 612 905 675 Rhodiis
921 615 1027 677 locare
1043 619 1097 679 ito-

92 707 210 760 neatum
229 705 285 773 eet,
307 705 336 758 et
357 695 589 758 Hermocreonti
604 698 793 775 conducere,
822 707 851 757 et
868 695 958 772 Quod
975 698 1098 762 discere

92 785 264 858 honestum,
281 790 310 842 et
327 781 448 843 docere.
479 779 561 840 Unde
583 780 633 840 illa
653 797 711 840 non
734 782 790 842 hac
813 782 924 842 ratione
947 782 1023 843 dicta
1045 786 1140 851 sediti

93 866 224 926 efficiens
245 865 321 924 idem
341 863 459 923 Domitii
476 863 540 923 Airi
561 865 702 924 sententia
727 874 772 925 est
789 865 926 943 pulchra:
958 863 1025 945 qu
1040 887 1096 930 oc-

93 951 220 1026 ccsooi,
241 968 296 1011 oos
316 949 497 1009 damnastis.
545 946 598 1007 Est
620 949 745 1008 invicem
765 966 949 1028 consequens
973 959 1003 1010 et
1019 952 1096 1030 quod

93 1052 130 1093 ex
146 1033 268 1113 diuersis
281 1032 356 1092 idem
369 1032 508 1100 ostendit3
524 1040 564 1107 ut,
579 1033 626 1109 qui
638 1032 771 1092 mundum
782 1034 862 1093 nasci
876 1033 955 1110 dicit,
973 1052 1027 1113 per
1038 1034 1096 1096 hoc

92 1117 187 1197 ipsum
208 1125 237 1176 et
253 1116 380 1176 deiicere
397 1115 553 1193 significet,
575 1117 641 1195 quia
658 1116 755 1176 deficit
768 1134 852 1176 omne
869 1117 1094 1196 quodnascitur.

73 1244 76 1249 -
177 1200 326 1260 Simiiiima
349 1208 394 1258 est
417 1199 461 1258 his
482 1200 709 1276 argumentatio,
741 1218 796 1278 qua
819 1201 920 1278 colligi
942 1202 1038 1263 soient
1060 1215 1140 1270 exeo

91 1285 147 1362 his,
165 1302 240 1362 quae
255 1283 372 1360 iaciunt,
391 1300 441 1360 ea,
458 1300 533 1361 qnae
550 1282 728 1360 efficiuntur,
749 1293 796 1344 aut
813 1292 930 1360 contra,
948 1285 1026 1364 quod
1044 1305 1095 1364 ge·

92 1387 144 1428 nus
169 1385 184 1427 a
209 1368 334 1428 causis
356 1376 471 1427 vocant.
522 1365 603 1426 Haec
623 1368 737 1426 interim
759 1369 929 1428 necessario
947 1370 1033 1446 fiunt,
1053 1372 1094 1429 in·

91 1453 176 1512 terim
191 1451 362 1530 pierumque
377 1451 430 1511 sed
445 1467 503 1510 non
519 1452 699 1511 necessario.
734 1451 806 1511 Nam
822 1469 929 1531 corpus
944 1454 973 1512 in
989 1454 1094 1514 iumine

91 1536 190 1614 utique
206 1534 334 1595 umbram
348 1536 432 1613 iacit,
451 1544 480 1594 et
495 1533 610 1611 umbra,
627 1535 791 1614 ubicunque
810 1545 865 1613 est,
887 1535 926 1595 ibi
945 1555 1013 1597 esse
1031 1555 1094 1598 cor-

92 1638 146 1698 pus
162 1618 298 1679 ostendit.
332 1617 398 1679 Alia
421 1628 505 1696 sunt,
523 1627 553 1678 ut
569 1619 643 1695 dixi,
660 1636 718 1679 non
732 1621 918 1696 necessaria,
943 1621 992 1681 rei
1008 1623 1136 1688 atriu-81

92 1703 264 1782 querelor
286 1701 377 1763 altera
398 1712 496 1782 parto:
519 1701 574 1764 Sol
599 1703 736 1774 colorot;
757 1722 817 1765 coo
833 1705 952 1783 amque,
975 1707 1029 1784 qui
1051 1713 1096 1768 est

93 1787 256 1861 coloratus,
272 1805 292 1848 c
307 1787 370 1848 soie
385 1796 439 1848 ert.
470 1785 500 1848 It
488 1794 536 1848 ter
548 1788 790 1888 pulverulentam
803 1788 902 1867 farcit,⁸
926 1791 983 1851 red
996 1805 1095 1868 oeque

91 1889 179 1933 omne
192 1871 253 1931 iter
259 1871 418 1948 pulverem
430 1879 543 1947 movet,
561 1891 629 1949 nec,
647 1874 787 1950 quisquis
798 1881 844 1933 ert
850 1872 1093 1952 pulverulentus,

92 1955 256 2015 extorsere
273 1961 327 2016 est.
358 1952 440 2027 Quae
456 1956 555 2033 utique
571 1954 654 2033 iiunt,
674 1965 703 2015 et
718 1956 787 2015 talia
803 1965 886 2016 sunt:
914 1954 951 2016 Si
970 1959 1138 2036 sapien-82

91 2040 135 2100 tic
152 2035 262 2100 bonam
276 2039 377 2098 airum
389 2039 477 2118 facit,
495 2040 636 2100 bonor
604 2059 654 2101 otr
668 2049 712 2101 cet
727 2041 831 2118 umque
845 2041 992 2118 sapiensr
1013 2041 1094 2101 ideo·

91 2140 148 2200 que
163 2119 244 2183 Boni
257 2130 302 2182 eet
318 2121 441 2183 honeste
457 2122 575 2201 facere,
597 2124 671 2185 moli
682 2125 831 2202 turpiter5
840 2134 882 2184 et
898 2121 958 2197 Qui
972 2125 1095 2187 honeste

89 2207 226 2286 faciunt,
251 2207 338 2282 boati,
363 2207 416 2283 qui
432 2209 578 2285 turpiter,
600 2208 674 2268 moli
694 2207 897 2279 indicantum
919 2218 1011 2268 recte.
1044 2208 1093 2286 Ar,

92 2287 283 2351 Exercitatio
303 2291 485 2369 pierumque
511 2291 669 2352 robustum
685 2309 798 2370 corpor
812 2292 912 2371 fortir
944 2293 1002 2353 sed
1022 2310 1093 2368 ooo,

92 2374 232 2452 quisquis
249 2381 294 2435 est
307 2375 460 2453 robustos,
479 2375 688 2451 coercitatar,
715 2394 791 2453 nec,
817 2377 956 2453 quisquis
971 2377 1093 2437 exerci-

90 2465 185 2533 tatus,
201 2457 365 2530 robustus,·
380 2478 456 2534 nec,
483 2458 557 2535 quio
573 2455 731 2519 Fortitudo
743 2466 896 2536 praestat,
913 2478 952 2519 oe
968 2467 1093 2520 mortem

91 2542 267 2617 timeamus,
298 2543 436 2621 quisquis
458 2550 584 2603 mortem
603 2559 663 2621 nep
684 2541 832 2618 timuerit,
854 2543 905 2602 oir
924 2543 1014 2620 fortis
1036 2543 1094 2602 erit

91 2623 333 2695 existimandae·
357 2645 433 2701 nec,
457 2627 485 2686 si
502 2625 614 2703 capitis
630 2623 765 2687 dolorem
784 2625 878 2704 facit,
900 2626 1016 2687 inutilis
1039 2624 1092 2687 iro-

90 2709 222 2769 mioibos
232 2709 278 2770 sol
288 2717 342 2770 est.
367 2708 449 2768 Haec
460 2709 496 2769 ad
507 2707 681 2768 hortativum
692 2708 815 2769 maxime
827 2727 919 2787 genus
931 2710 1136 2788 pertinenttsst

94 2790 199 2853 Virtus
217 2793 296 2872 facit
320 2793 460 2870 laudem,
483 2793 643 2870 sequendo
659 2794 772 2871 icimur,-
793 2801 827 2854 ot
851 2795 992 2872 uoluptas
1008 2793 1092 2872 infc-

91 2877 194 2950 mtam,
210 2876 360 2956 faciendo
376 2877 478 2955 icitur.
510 2875 605 2936 Recte
621 2884 716 2936 autem
731 2893 895 2953 monemur,
916 2893 1019 2938 causas
1035 2891 1092 2936 non

90 2960 190 3038 utique
215 2959 251 3018 ab
272 2961 372 3020 ultimo
393 2976 460 3018 esse
477 2961 669 3038 repetendas,
687 2969 717 3019 ut
732 2958 852 3038 Medea,
872 2959 992 3022 Uticam
1007 2980 1046 3021 oe
1060 2962 1138 3023 inst

89 3062 214 3104 nemore
230 3041 333 3112 Petra·
351 3045 433 3122 quasi
448 3059 521 3102 vero
536 3043 564 3104 id
580 3062 643 3103 carn
658 3043 762 3103 fecerit
776 3046 910 3104 miseram
922 3053 969 3104 aut
985 3061 1092 3104 nocen-

90 3136 165 3203 tem,
193 3127 270 3206 quod
294 3127 355 3187 iilic
380 3127 519 3187 ceciderit
542 3128 674 3207 abiectum
703 3128 747 3190 od
772 3136 888 3191 terram
912 3129 1037 3200 trabea·
1063 3136 1093 3188 et

89 3210 253 3271 Philocteta
269 3211 381 3287 Paridi,
402 3209 439 3271 Si
452 3212 555 3290 impar
570 3229 653 3273 essee
667 3214 720 3274 tibi
726 3232 807 3291 ,eqo
824 3233 906 3274 cunc
920 3231 981 3274 coo
996 3232 1092 3275 essem

89 3296 201 3366 mirem
218 3311 274 3373 quo
291 3295 376 3355 modo
394 3296 548 3374 pervenire
565 3295 696 3374 quolibet
710 3305 790 3356 retro
809 3314 911 3357 causas
928 3296 1091 3375 legentibus

90 3378 171 3438 iicet.
209 3378 285 3438 iliud
308 3379 352 3438 his
378 3378 504 3438 adiicere
526 3380 676 3439 ridiculum
692 3390 839 3459 putarem,
862 3381 916 3440 nisi
933 3398 968 3441 eo
985 3380 1135 3442 Ciceroet

90 3471 237 3540 uteretur,
262 3463 339 3542 quod
356 3463 588 3541 coniugatum
603 3473 727 3543 vocant,
747 3474 776 3525 ut
799 3461 878 3543 Eoo,
895 3466 1026 3544 quirem
1042 3468 1089 3526 iu·
