2566 4026
372 194 757 262 rusu.onnuoa.n1a.11,
772 192 870 247 rato.
1085 185 1126 248 99

112 351 213 410 atione
235 367 304 408 esse
328 358 473 409 contenta.
508 347 571 408 Erit
592 352 666 408 enim
685 349 834 410 rhetorioe
854 353 882 410 in
902 360 1020 412 oratore
1039 354 1126 415 etiam

113 441 249 509 tanente,
274 435 349 493 etsi
372 434 492 493 desierit
509 451 599 509 agere
618 432 667 492 vel
687 436 840 512 proposito
862 435 911 494 vel
934 435 1031 514 aliquo
1054 455 1124 498 oasu

112 517 284 595 impeditus:
305 533 363 576 non
377 519 469 593 magis
486 518 600 576 desinet
616 535 683 575 esse
699 527 798 577 orator
813 535 897 596 quam
912 519 1051 597 medicus,
1073 523 1122 600 qui

114 600 234 661 curandi
250 601 356 661 ieoerit
371 601 465 660 finem.
504 600 577 660 Nam
599 610 644 660 est
665 602 785 679 aliquis,
807 619 841 662 ao
856 605 958 663 neseio
979 621 1013 663 uu
1034 607 1149 666 maxi-4

113 703 194 761 mus,
219 686 305 745 etiam
328 687 505 745 exsecretis
521 683 622 744 studiis
642 685 753 745 fructus
775 702 810 744 ao
826 695 883 745 tum
901 704 972 764 pura
987 687 1123 767 voluptas

107 770 293 844 litterarum,
318 787 381 828 oum
396 768 432 828 ab
448 777 514 828 aotu
532 769 560 828 id
577 778 621 828 est
637 785 729 847 opere
747 778 934 829 recesserunt
950 779 979 829 et
994 779 1122 831 oontem-

113 854 246 932 platinae
268 855 312 912 sui
334 854 475 913 fruuntur.
515 852 574 912 Sed
595 853 748 913 eiieotivae
770 871 887 932 quoque
903 853 1009 933 aliquid
1030 854 1147 917 similet

114 939 234 1016 seriptis
251 937 429 997 orationibus
443 937 492 996 vel
507 936 654 1012 historiis,
679 937 755 1015 quod
777 940 871 1016 ipsum
894 955 968 1016 opus
989 939 1018 997 in
1040 947 1124 1017 parte

114 1023 245 1082 oratoria
259 1024 362 1081 merito
378 1023 526 1099 ponimns,
552 1031 756 1098 consequetur.
794 1023 825 1082 Si
842 1031 937 1082 tamen
950 1040 1006 1081 una
1022 1040 1059 1081 ex
1074 1024 1123 1082 tri·

113 1107 168 1166 bus
183 1105 295 1165 artibus
307 1104 439 1165 habenda
453 1106 504 1164 sit:
523 1106 589 1183 quia
602 1106 740 1166 maximus
756 1107 817 1165 eius
829 1123 899 1164 usus
914 1113 978 1165 autu
993 1108 1123 1166 contine·

114 1200 161 1251 tur
185 1198 273 1267 atque
299 1198 344 1248 est
369 1191 397 1248 in
424 1205 461 1249 eo
488 1189 737 1266 frequentissima,
772 1188 884 1249 ditatur
913 1191 1036 1250 aotiva
1060 1190 1122 1250 vei

113 1274 433 1349 administrativa,
453 1291 518 1334 nam
537 1281 565 1332 et
580 1273 638 1332 boo
653 1274 782 1333 eiusdem
800 1275 843 1333 rei
858 1289 963 1333 nomen
979 1283 1034 1332 est.

251 1424 387 1476 NATURA
405 1424 452 1474 ΑΝ
468 1423 636 1474 nocturna
655 1421 735 1474 PLUS
754 1424 787 1473 ΕΙ
807 1422 989 1474 contutant.

201 1519 279 1581 XIX.
310 1522 397 1597 Seio,
414 1522 514 1599 quaeri
532 1523 626 1597 etiam,
641 1529 779 1580 naturane
794 1521 860 1599 plus
877 1520 912 1581 ad
929 1521 1124 1600 eloquentiam

115 1607 251 1668 oonierat
277 1623 312 1666 111
333 1605 473 1664 doctrina.
516 1604 602 1678 Quod
624 1605 660 1664 ad
684 1607 866 1683 propositum
892 1605 1007 1683 quidem
1030 1607 1124 1666 nostri

115 1693 216 1771 operis
244 1689 315 1748 nibil
340 1691 481 1767 pertinet:
504 1706 600 1766 neque
622 1691 696 1748 enim
717 1698 928 1749 consummatus
949 1698 1048 1750 orator
1067 1691 1123 1751 uisi

117 1794 153 1836 ex
175 1784 300 1851 utroque
322 1773 385 1832 iieri
410 1781 523 1850 potest,
552 1772 704 1850 plurimum
729 1782 824 1832 tamen
845 1774 958 1833 referre
985 1773 1120 1849 arbitror,

116 1878 202 1938 quarn
219 1875 287 1917 esse
307 1859 335 1915 in
355 1857 412 1916 boo
428 1857 495 1916 loeo
519 1858 718 1934 quaestionem
739 1857 872 1917 velimus.
909 1856 981 1916 Nam
1000 1859 1025 1916 si
1047 1857 1146 1936 partit

114 1941 247 2003 utrilibet
263 1943 377 2000 omnino
393 1940 513 2000 alteram
529 1939 675 2016 detrahas,
694 1948 795 2000 natura
811 1943 896 2000 etiam
911 1942 973 2000 sine
991 1939 1122 2000 doutriua

115 2027 234 2087 multum
250 2024 376 2100 valebit,
401 2024 531 2083 doctrina
547 2023 627 2084 nulla
644 2041 711 2082 esse
726 2027 788 2084 sine
804 2033 905 2084 natura
923 2025 1040 2102 poterit.
1072 2025 1122 2085 Sin

117 2130 154 2170 ex
170 2111 234 2189 pari
250 2117 369 2169 coeant:
388 2110 417 2166 in
433 2106 627 2167 mediocribus
645 2108 759 2185 quidem
776 2110 907 2186 utrisque
922 2110 1012 2168 maius
1028 2107 1122 2169 adbuo

117 2195 235 2255 oredam
255 2202 373 2252 naturae
399 2209 466 2250 esse
486 2201 676 2267 momentum,
707 2201 918 2253 eonsummatos
940 2202 1034 2252 autem
1055 2193 1122 2271 plus

117 2279 269 2339 doetrinae
285 2276 395 2337 debere
411 2293 494 2353 quarn
509 2285 643 2351 naturae,
666 2275 789 2354 putabo;
813 2278 887 2336 siout
903 2286 1000 2338 terrae
1015 2276 1122 2336 nullam

116 2362 296 2423 fertilitatem
312 2360 428 2420 babenti
446 2359 515 2419 nibil
532 2361 656 2436 optimus
673 2359 804 2435 agricola
825 2360 986 2437 profuerit,
1011 2368 1121 2420 eterra

116 2447 200 2507 uberi
221 2445 292 2505 utile
314 2444 420 2523 aliquid
442 2445 528 2502 etiam
549 2441 629 2501 nullo
651 2442 768 2501 colente
789 2451 942 2518 nascetur,
965 2451 994 2502 at
1008 2444 1037 2501 in
1055 2441 1121 2501 solo

117 2528 244 2591 ieoundo
258 2529 325 2608 plus
338 2527 432 2588 onltor
445 2543 529 2605 quam
543 2527 606 2604 ipsa
621 2542 676 2603 per
687 2542 720 2583 se
736 2525 849 2584 bouitas
865 2526 921 2586 soli
934 2526 1053 2585 eiiioiet.
1071 2523 1148 2600 ttae

117 2617 142 2675 si
157 2612 319 2674 Praxiteles
340 2615 452 2690 signum
467 2610 584 2688 aliquod
607 2627 644 2668 ex
662 2609 764 2669 molari
786 2608 882 2687 lapide
900 2618 1020 2669 conatus
1042 2617 1123 2668 esset

119 2697 298 2776 exculpere,
322 2696 434 2758 Parium
451 2711 577 2754 marmor
600 2693 716 2754 mallem
741 2693 828 2762 rude;
854 2702 883 2752 at
908 2694 932 2752 si
952 2692 1023 2753 illud
1045 2691 1122 2752 idem
1191 2719 1195 2767 1

119 2782 226 2842 artifex
241 2779 420 2859 expulisset,
437 2779 503 2858 plus
518 2781 546 2837 in
560 2777 690 2838 manibus
706 2778 810 2838 inisset
826 2794 911 2857 qnam
921 2780 950 2837 in
967 2792 1120 2837 marmore.

118 2866 252 2944 Denique
274 2873 374 2925 natura
395 2865 514 2923 materia
536 2862 685 2923 doctrinae
709 2872 767 2931 est;
789 2863 864 2924 baeo
885 2862 982 2940 fingit,
1005 2859 1121 2920 11111111-

118 2952 204 3027 gitur.
242 2947 321 3008 Nihil
341 2965 388 3008 ars
405 2950 467 3007 sine
482 2947 618 3023 materia,
641 2949 781 3008 materiae
797 2949 883 3008 etiam
898 2949 961 3006 sine
976 2953 1039 3006 arte
1053 2961 1120 3023 pre·

118 3036 188 3094 tium
206 3043 267 3110 est,
290 3050 337 3093 ars
356 3050 462 3091 summa
477 3032 597 3091 materia
613 3032 719 3110 optima
734 3032 847 3092 melior.

419 3179 464 3229 AN
483 3178 603 3230 VIRTUS
622 3176 815 3228 brittonica.

204 3276 269 3340 XX.
306 3276 359 3337 llla
375 3278 507 3355 quaestio
530 3286 575 3336 est
594 3277 701 3336 maior:
725 3292 762 3334 ex
781 3274 883 3334 mediis
900 3272 1025 3350 artibus,
1046 3290 1121 3351 quaa

119 3380 215 3443 neque
237 3361 347 3422 laudari
368 3377 422 3440 per
445 3379 478 3420 se
500 3379 556 3421 neo
576 3360 734 3438 vituperari
753 3365 875 3437 possunt
895 3358 947 3418 sed
969 3358 1056 3417 utiles
1073 3365 1122 3417 ant

118 3465 207 3509 seous
223 3444 379 3507 secundum
394 3460 491 3504 mores
508 3446 647 3505 utentium
665 3443 744 3518 liunt,
762 3441 1120 3584 h⁸he¹¹d³21¹b¹h⁰⁸⁰¹i⁰⁰’
