2566 4026
344 188 434 235 rusa.
448 186 785 252 oaaroa.n1e.x1‚x.
1011 173 1073 236 207

61 364 127 413 sus;
150 345 179 401 in
196 352 278 420 parte
294 344 385 402 iuvari
404 351 520 421 potest,
543 341 638 419 quod,
664 360 728 401 cum
743 340 835 401 semel
852 349 900 402 aut
914 341 959 401 bis
976 342 1072 403 audie·

60 431 109 504 rit,
126 431 261 487 continuo
276 428 318 486 illi
333 427 500 486 memoriam
514 443 593 485 suam
609 427 737 504 experiri
754 425 823 485 licet
835 436 864 486 et
876 444 940 485 cum
955 425 1074 503 legente
1134 435 1147 447 ”

62 513 249 572 contendere.
282 510 352 571 Nam
371 519 400 569 et
416 511 525 588 alioqui
540 509 569 570 id
587 511 709 569 maxime
725 510 887 570 iaciendum
903 519 959 586 est,
975 519 1006 569 ut
1021 529 1073 570 nos

61 597 183 656 subinde
210 605 396 674 temptemus;
426 597 493 673 quia
517 596 651 654 continua
674 594 763 655 lectio
787 603 816 654 et
838 613 913 673 quae
932 596 1024 672 magis
1046 605 1075 656 et

62 699 137 759 quae
167 678 260 740 minus
288 679 409 739 haerent
432 679 594 756 aequaliter
622 680 732 738 transit.
772 677 803 738 ln
825 679 1005 756 experiendo
1032 688 1074 738 te·
1083 695 1116 748 35

61 783 186 840 neasne,
214 773 243 823 et
264 765 356 824 maior
380 765 499 823 intentio
522 772 567 822 est
592 771 621 823 et
645 762 715 823 nihil
736 764 909 841 supervacui
933 766 1073 842 temporis

61 852 155 928 perit‚·
177 865 235 927 quo
252 850 337 908 etiam
354 857 576 926 quaeltenemus
592 849 688 925 repeti
705 848 816 917 solent;
841 850 880 907 ita
896 848 978 925 sola,
999 866 1074 926 quae

62 934 243 1008 exciderunt,
260 940 462 1007 retractantur,
479 941 510 992 ut
524 931 628 991 crebra
644 933 796 991 iteratione
811 932 968 1008 firmentur,
986 950 1074 1010 quan·

62 1035 146 1095 quam
162 1016 259 1076 solent
277 1017 334 1076 hoc
349 1018 414 1094 ipso
432 1019 555 1076 maxime
571 1015 710 1092 haerere,
729 1016 807 1095 quod
821 1017 1000 1076 exciderunt.
1037 1016 1074 1077 ll·

62 1101 110 1161 lud
126 1100 285 1170 ediscendo
301 1099 516 1178 scribendoque
537 1118 687 1160 commune
703 1110 764 1177 est,
791 1103 905 1178 utrique
922 1100 1074 1179 plurimum

62 1185 198 1244 conferre
219 1184 324 1244 bonam
341 1184 552 1260 valetudinem,
580 1185 724 1262 digestum
746 1185 856 1260 cibum,
879 1187 1001 1245 animum
1025 1202 1073 1244 co-

60 1267 247 1346 gitationibus
273 1269 337 1328 aliis
358 1268 490 1327 liberum.
521 1268 630 1328 Verum
651 1277 679 1328 et
700 1271 728 1328 in
749 1271 784 1328 iis
808 1287 882 1347 quae
904 1270 1072 1347 scripsimus
1083 1281 1117 1335 36

62 1352 293 1429 compleotendis
308 1352 427 1411 multum
440 1352 552 1428 valent,
572 1361 601 1412 et
618 1354 695 1411 iniis
712 1371 787 1430 quae
804 1354 964 1430 cogitamus
983 1356 1073 1413 conti·

60 1436 163 1495 nendis
185 1453 279 1514 prope
304 1436 386 1495 solae
410 1437 569 1515 (excepta,
594 1455 668 1514 quae
684 1439 884 1515 potentissima
903 1445 964 1514 est,
988 1455 1072 1497 exer·

63 1521 217 1599 citatione)
241 1521 386 1580 divisio
404 1529 439 1581 et
468 1523 701 1599 compositio.
740 1520 813 1580 Nam
836 1521 883 1598 qui
901 1531 983 1581 recte
1000 1523 1071 1582 divi-

62 1606 150 1683 serit,
174 1622 317 1685 nunquam
339 1606 448 1685 poterit
468 1606 497 1663 in
517 1623 613 1664 rerum
635 1605 736 1664 ordine
753 1623 862 1664 errare.
903 1602 990 1665 Gerta
1010 1615 1116 1670 suntet

64 1693 138 1749 enim
161 1708 218 1749 non
242 1691 336 1751 solum
364 1693 393 1750 in
420 1690 585 1767 digerendis
612 1689 830 1767 quaestionibus
855 1689 908 1748 sed
935 1691 1019 1749 etiam
1045 1693 1072 1750 in

62 1776 259 1855 exequendis,
290 1777 314 1834 si
338 1777 423 1836 modo
450 1783 532 1833 recte
555 1774 692 1849 dicimus,
722 1775 812 1852 prima
836 1792 871 1833 ac
893 1774 1021 1834 secunda
1044 1785 1074 1836 et

63 1860 217 1937 deinceps;
238 1859 436 1938 cohaeretque
452 1860 543 1918 omnis
559 1877 655 1918 rerum
672 1858 831 1936 copulatio,
847 1867 878 1917 ut
896 1860 923 1917 ei
938 1859 1007 1918 nihil
1023 1878 1073 1918 ne·

63 1962 119 2021 que
132 1943 261 2002 subtrahi
276 1944 338 2002 sine
354 1943 506 2003 manifesto
522 1943 674 2003 intellectu
686 1961 782 2020 neque
796 1944 885 2001 inseri
900 1944 1002 2021 possit.
1025 1943 1071 2002 An
1084 1953 1119 2007 38

62 2044 134 2085 vero
152 2026 298 2086 Scaevola
321 2028 350 2084 in
371 2026 436 2086 lusu
452 2026 604 2086 duodecim
620 2027 810 2104 scriptorum,
835 2045 898 2086 eum
919 2029 1000 2105 prior
1016 2027 1075 2087 cal-

65 2109 160 2168 culum
175 2109 370 2186 promovisset
386 2117 523 2186 essetque
539 2111 652 2183 victus,
671 2109 736 2168 dum
751 2129 800 2168 rus
816 2110 923 2184 tendit,
946 2113 1073 2188 repetito

64 2194 152 2252 totius
170 2191 334 2251 certaminis
351 2191 463 2266 ordine,
481 2208 538 2269 quo
555 2193 622 2250 dato
639 2200 767 2251 errasset
781 2193 972 2269 reeordatus,
989 2196 1076 2253 rediit

65 2279 100 2337 ad
118 2294 193 2350 eum,
210 2292 335 2353 quocum
351 2275 471 2350 luserat,
487 2277 570 2352 isque
585 2276 624 2334 ita
640 2274 746 2335 iactum
762 2292 829 2334 esse
846 2275 999 2335 confessus
1016 2287 1075 2335 est:

65 2363 158 2419 minus
175 2360 250 2418 idem
267 2359 339 2418 ordo
355 2357 464 2418 valebit
481 2360 508 2417 in
524 2359 673 2433 oratione,
693 2360 865 2436 praesertim
881 2366 959 2417 totus
975 2369 1075 2419 nostro

66 2443 185 2504 arbitrio
203 2444 392 2516 constitutus,
418 2461 482 2502 cum
497 2451 604 2503 tantum
622 2442 673 2502 ille
689 2442 786 2502 valeat
803 2439 955 2502 alternus?
981 2441 1075 2502 Etiam
1085 2454 1120 2508 39

67 2546 141 2606 quae
153 2526 228 2586 bene
245 2529 407 2604 composita
423 2537 516 2604 erunt,
534 2529 700 2586 memoriam
712 2529 790 2587 serie
802 2544 854 2586 sua
867 2527 981 2586 ducent.
1004 2526 1077 2587 Nam

66 2614 140 2671 sicut
163 2612 277 2672 facilius
298 2630 401 2672 versus
427 2613 582 2673 ediscimus
601 2630 685 2690 quam
701 2629 818 2689 prosam
840 2612 1016 2671 orationem:
1039 2614 1078 2671 ita

65 2714 173 2776 prosae
189 2698 286 2756 vincta
309 2715 395 2775 quam
416 2697 566 2757 dissoluta.
603 2696 653 2755 Sic
676 2697 832 2773 contingit,
854 2705 885 2756 ut
901 2697 986 2755 etiam
1002 2713 1077 2773 quae

66 2799 104 2840 ex
120 2790 252 2858 tempore
269 2781 441 2840 videbantur
456 2781 559 2856 effusa,
582 2781 618 2840 ad
633 2779 754 2839 verbum
769 2782 894 2858 repetita
909 2780 1076 2839 reddantur.

67 2864 152 2937 Quod
173 2883 256 2924 meae
275 2882 392 2942 quoque
409 2867 566 2925 memoriae
580 2865 810 2924 mediocritatem
832 2863 1029 2943 sequebatur,
1054 2864 1078 2922 si

66 2949 180 3025 quando
197 2950 375 3008 interventus
391 2949 562 3027 aliquorum,
579 2950 627 3026 qui
640 2948 715 3007 hunc
730 2948 871 3008 honorem
886 2957 1077 3023 mererentur,

66 3034 173 3092 iterare
193 3033 413 3093 declamationis
436 3042 549 3112 partem
572 3033 731 3108 coegisset.
769 3031 834 3093 Neo
856 3041 902 3092 est
926 3032 1077 3092 mendacio

68 3116 169 3190 locus,
189 3117 278 3177 salvis
296 3119 344 3196 qui
359 3117 561 3177 interfuerunt.

153 3200 184 3258 Si
201 3203 264 3278 quis
280 3210 374 3261 tamen
388 3220 473 3262 unam
488 3201 696 3278 maximamque
717 3218 734 3261 a
748 3218 794 3260 me
808 3208 902 3260 artem
921 3201 1121 3263 nemoriaeoo
1150 3242 1152 3247 ,

68 3292 206 3361 quaerat:
230 3287 464 3345 exercitatio
483 3293 573 3345 estet
590 3284 709 3353 labor;
725 3285 813 3345 mult-a
829 3285 973 3360 ediscere,
989 3282 1077 3344 multa

68 3370 217 3444 cogitare,
241 3379 271 3428 et
295 3371 321 3428 si
338 3369 401 3430 lieri
421 3379 521 3449 potest
543 3371 666 3446 cotidie,
689 3370 919 3448 potentissimum
942 3377 997 3429 est.
1029 3366 1078 3428 Ni·

66 3452 107 3512 hil
126 3471 220 3531 aeque
239 3454 288 3515 vel
306 3464 428 3532 augetur
443 3472 512 3517 cura
533 3454 582 3515 vel
599 3455 777 3532 negligentia
793 3454 947 3516 intercidit.
980 3452 1078 3529 Quare
1086 3461 1119 3516 41
