2566 4026
224 148 283 209 146
540 157 898 219 amnemamnem

221 317 307 376 tatius
323 331 390 375 csse
407 313 522 391 coepit,
539 329 697 387 excessus,
712 313 775 372 sive
790 322 835 373 est
851 322 934 374 extra
951 332 1077 392 causam,
1094 332 1151 376 non
1166 337 1216 396 po·

220 408 279 459 test
295 416 362 458 esse
380 414 448 476 pars
465 412 589 462 causac;
612 395 674 454 sive
690 397 779 455 estin
795 415 899 473 cansa,
921 397 1092 459 adiutorium
1106 401 1155 460 vel
1172 419 1218 461 or·

220 491 381 543 numentum
396 481 518 559 partium
534 487 580 538 est
597 495 710 553 aarum,
734 497 772 539 cx
786 480 889 559 quibus
905 483 1062 559 egreditur.
1092 482 1165 544 Nam
1183 487 1218 562 si,

221 564 358 645 quidquid
373 565 402 623 in
417 581 504 623 causa
522 571 581 638 cst,
598 579 665 640 pars
685 579 790 623 causae
807 564 974 624 vocabitur:
993 584 1045 626 cur
1059 585 1117 626 non
1133 586 1218 646 argu·

220 658 360 723 mentum,
389 646 561 721 similitudo,
591 645 675 706 locus
703 649 876 724 communis,
904 648 1045 725 affectus,
1071 653 1218 730 exempla,

194 740 318 812 spartes
338 725 502 790 vocentur?
538 728 646 788 Tamen
672 746 727 789 nec
747 729 791 790 his
816 733 976 808 assentior,
997 735 1046 811 qui
1066 733 1219 795 detrahunt

219 815 440 890 refutationem,
461 821 595 892 tanquam
609 811 774 890 probationi
790 813 960 891 subiectam,
979 824 1010 875 ut
1024 816 1217 886 Aristotelem

218 899 293 961 haec
313 900 388 958 enim
412 907 473 972 est,
499 914 573 975 quac
593 898 765 974 constituat,
790 897 859 974 illa,
886 916 961 977 quae
980 899 1119 961 destruat.
1155 902 1218 962 Hoc

219 999 336 1062 quoque
356 982 432 1043 idem
450 980 631 1059 aliquatenus
649 989 751 1056 novat,
778 981 855 1059 quod
875 985 1026 1060 prooemio
1044 1001 1102 1043 non
1121 1002 1218 1045 narra·

218 1067 326 1126 tionem
344 1064 489 1142 subiungit
508 1064 561 1125 sed
578 1064 817 1143 propositionem.
852 1064 961 1125 Verum
986 1066 1014 1127 id
1038 1068 1124 1143 iacit,
1152 1069 1218 1147 quia

219 1150 383 1229 propositio
409 1149 436 1208 ei
458 1165 570 1225 genus,
595 1148 721 1208 narratio
743 1148 860 1227 species
877 1149 1007 1225 videtur,
1033 1160 1063 1210 ct
1086 1151 1219 1211 hannon

220 1251 353 1311 semper,
374 1232 424 1293 ilia
443 1249 561 1309 semper
579 1241 608 1291 ct
625 1231 732 1309 ubique
751 1231 844 1292 credit
861 1248 935 1310 opns
955 1250 1032 1293 csse.

88 1333 91 1340 ’
193 1330 211 1384 6
300 1316 409 1375 Verum
434 1334 471 1376 ex
489 1315 534 1374 his
552 1333 623 1394 quas
642 1315 778 1375 constitui
794 1317 924 1394 partibus
947 1333 1020 1394 non,
1040 1327 1071 1378 nt
1092 1318 1218 1396 quidque

219 1403 340 1479 primum
364 1399 533 1475 dicendum,
563 1400 601 1458 ita
627 1399 747 1477 primum
771 1399 957 1476 cogitandum
985 1410 1046 1471 cst;
1075 1401 1128 1462 sed
1152 1411 1217 1461 ante

219 1484 313 1543 omnia
332 1483 436 1543 intueri
455 1490 589 1560 oportet,
618 1482 695 1560 quod
719 1483 757 1541 sit
775 1500 867 1559 genus
891 1481 1020 1543 causae?
1047 1484 1115 1564 quid
1133 1487 1162 1544 in
1184 1502 1218 1545 ea

220 1563 395 1646 quaeratur?
422 1583 497 1644 quac
516 1564 645 1643 prosint,
670 1582 745 1643 qnae
762 1563 908 1626 noceant?
933 1567 1038 1628 deinde
1062 1568 1130 1647 quid
1149 1584 1218 1628 con·

218 1648 384 1710 firmandum
407 1651 444 1708 sit
467 1666 502 1708 ac
521 1645 733 1708 refellendum?
755 1658 814 1708 tum
838 1649 1001 1728 quomodo
1026 1649 1218 1712 narrandum?

193 1732 371 1811 iExpositio
392 1733 467 1792 enim
482 1731 683 1811 probationum
701 1740 746 1790 est
764 1734 962 1812 praeparatio,
981 1752 1037 1793 nec
1056 1752 1124 1794 esso
1140 1734 1218 1794 utilis

217 1824 332 1896 potest,
360 1817 415 1875 nisi
439 1817 518 1894 prius
542 1816 738 1892 constituerit,
766 1816 834 1894 quid
857 1815 963 1877 debeat
984 1817 1021 1877 de
1045 1817 1218 1895 probatione

218 1900 398 1979 promittere.
435 1899 587 1959 Postremo
607 1900 787 1975 intuendum,
813 1900 1051 1978 quemadmodum
1070 1901 1157 1961 iudex
1181 1902 1218 1960 sit

219 1982 426 2044 conciliandus.
471 1981 575 2062 Neque
598 1983 673 2043 enim
695 1983 751 2042 nisi
776 1983 845 2042 totis
867 2001 974 2044 causac
997 1983 1126 2063 partibus
1155 1983 1217 2043 dili·

218 2075 322 2144 genter
340 2067 479 2145 inspectis
501 2067 578 2126 scire
601 2084 772 2145 possumus,
799 2067 913 2145 qualem
930 2067 1014 2126 nobis
1038 2068 1139 2128 iacere
1159 2069 1217 2127 ani-

218 2168 293 2209 mum
311 2151 518 2227 cognoscentis
538 2149 684 2229 expediat,
703 2167 838 2210 severum
855 2169 891 2210 an
910 2152 1024 2228 mitem,
1044 2153 1218 2211 concitatum

219 2250 255 2293 an
272 2234 441 2308 remissum,
463 2233 616 2293 adversum
634 2235 747 2312 gratiae
767 2252 803 2295 an
822 2234 989 2295 obnoxium.

192 2322 211 2375 8
302 2315 405 2395 Neque
431 2317 497 2376 idco
527 2326 623 2378 tamen
651 2334 704 2379 eos
733 2318 932 2397 probaverim,
962 2319 1012 2398 qui
1035 2318 1218 2379 scribendum

219 2416 337 2483 quoque
357 2402 537 2480 prooemium
553 2402 712 2461 novissime
731 2410 841 2481 putant.
875 2401 949 2462 Nam
966 2411 997 2462 ut
1015 2403 1142 2463 conferri
1160 2421 1218 2462 ma-

192 2488 321 2547 *teriam
339 2501 452 2545 omnem
468 2494 514 2560 et,
534 2484 602 2564 quid
620 2486 724 2564 cuique
740 2486 777 2544 sit
792 2502 883 2563 opus,
901 2494 1037 2546 constare
1052 2486 1150 2561 dccet,
1170 2504 1218 2545 an·

219 2580 335 2650 tequam
358 2569 458 2629 dicere
484 2577 532 2628 ant
555 2567 686 2628 scribere
714 2567 872 2628 ordiamur:
901 2569 940 2628 ita
963 2569 1157 2646 incipiendum
1183 2567 1218 2626 ab

191 2653 279 2730 otis,
304 2671 379 2732 quae
398 2652 489 2731 prima
509 2660 582 2711 sunt.
619 2649 692 2711 Nam
712 2668 769 2711 nec
787 2652 909 2730 pingere
931 2651 1081 2729 quisquam
1101 2657 1149 2708 aut
1167 2649 1217 2706 iin-

218 2756 291 2815 gere
311 2736 410 2815 coepit
430 2754 446 2796 a
465 2734 604 2814 pedibus,
626 2751 682 2794 nec
701 2732 826 2811 denique
850 2750 897 2793 ars
921 2732 981 2792 ulla
1005 2739 1218 2791 consummatur

136 2852 149 2901 p
218 2821 269 2896 ibi,
289 2820 364 2880 unde
383 2818 551 2879 ordiendum
568 2826 622 2878 est.
653 2816 728 2891 Quid
747 2817 798 2877 iiet
816 2816 935 2893 alioqui,
955 2815 980 2873 si
997 2815 1120 2894 spatium
1139 2831 1217 2874 com-

219 2903 344 2985 ponendi
362 2904 522 2963 orationem
540 2901 608 2961 stilo
625 2915 683 2960 non
698 2897 807 2960 inerit?
827 2915 923 2959 nonne
941 2915 995 2957 nos
1010 2897 1085 2958 hacc
1102 2899 1218 2959 inversa

220 2987 400 3049 consuetudo
420 2981 593 3064 deceperit?
622 2981 804 3063 inspicienda
824 2982 912 3059 igitur
929 2983 1051 3041 materia
1073 2990 1134 3057 est,
1160 2999 1217 3060 quo

220 3071 424 3152 praecepimus
445 3068 562 3137 ordine;
585 3066 754 3143 scribenda,
776 3081 833 3144 quo
853 3064 992 3125 dicemus.

494 3221 538 3271 DE
557 3217 736 3272 GENERIBUS
754 3217 941 3269 senodocii.

307 3319 344 3381 X.
376 3320 512 3383 ceterum
534 3335 621 3380 causa
645 3317 753 3392 omnis,
779 3317 808 3375 in
831 3333 888 3395 qua
906 3332 975 3395 pars
994 3314 1086 3375 altera
1106 3312 1219 3390 agentis

226 3414 272 3466 cst
288 3404 380 3466 altera
397 3403 575 3482 recusantis,
594 3409 642 3461 aut
658 3400 741 3460 unius
760 3400 803 3459 rei
823 3399 1022 3460 controversia
1041 3405 1155 3458 constat
1172 3404 1220 3456 aut
