<?xml version="1.0" encoding="UTF-8"?>
<!DOCTYPE html PUBLIC "-//W3C//DTD XHTML 1.0 Transitional//EN"
    "http://www.w3.org/TR/xhtml1/DTD/xhtml1-transitional.dtd">
<html xmlns="http://www.w3.org/1999/xhtml" xml:lang="en" lang="en">
 <head>
  <title>
</title>
<meta http-equiv="Content-Type" content="text/html;charset=utf-8" />
  <meta name='ocr-system' content='tesseract 3.04.00' />
  <meta name='ocr-capabilities' content='ocr_page ocr_carea ocr_par ocr_line ocrx_word'/>
</head>
<body>
  <div class='ocr_page' id='page_1' title='image "./mfabiiquintilia00bonngoog/mfabiiquintilia00bonngoog_0250.png"; bbox 0 0 2566 4026; ppageno 0'>
   <div class='ocr_carea' id='block_1_1' title="bbox 385 133 1119 208">
    <p class='ocr_par' dir='ltr' id='par_1_1' title="bbox 385 133 1119 208">
     <span class='ocr_line' id='line_1_1' title="bbox 385 133 1119 208; baseline 0.01 -20"><span class='ocrx_word' id='word_1_1' title='bbox 385 141 473 190; x_wconf 78' lang='lat' dir='ltr'><strong>rusa.</strong></span> <span class='ocrx_word' id='word_1_2' title='bbox 497 141 647 190; x_wconf 76' lang='lat' dir='ltr'><strong>aaaron.</strong></span> <span class='ocrx_word' id='word_1_3' title='bbox 670 143 784 208; x_wconf 54' lang='lat' dir='ltr'><strong>nrum,</strong></span> <span class='ocrx_word' id='word_1_4' title='bbox 801 142 848 193; x_wconf 90' lang='lat'><strong>11.</strong></span> <span class='ocrx_word' id='word_1_5' title='bbox 1059 133 1119 195; x_wconf 82' lang='lat'><strong>223</strong></span> 
     </span>
    </p>
   </div>
   <div class='ocr_carea' id='block_1_2' title="bbox 111 295 1161 3466">
    <p class='ocr_par' dir='ltr' id='par_1_2' title="bbox 114 295 1118 460">
     <span class='ocr_line' id='line_1_2' title="bbox 114 295 1118 379; baseline 0.001 -19"><span class='ocrx_word' id='word_1_6' title='bbox 114 299 227 360; x_wconf 88' lang='lat' dir='ltr'><strong>adiutus</strong></span> <span class='ocrx_word' id='word_1_7' title='bbox 250 297 334 355; x_wconf 86' lang='lat' dir='ltr'><strong>armis</strong></span> <span class='ocrx_word' id='word_1_8' title='bbox 362 295 538 371; x_wconf 75' lang='lat' dir='ltr'><strong>tyrannidem</strong></span> <span class='ocrx_word' id='word_1_9' title='bbox 559 305 700 374; x_wconf 86' lang='lat' dir='ltr'><strong>occupet,</strong></span> <span class='ocrx_word' id='word_1_10' title='bbox 733 296 791 357; x_wconf 90' lang='lat' dir='ltr'><strong>hoc</strong></span> <span class='ocrx_word' id='word_1_11' title='bbox 811 299 920 360; x_wconf 85' lang='lat' dir='ltr'><strong>referat</strong></span> <span class='ocrx_word' id='word_1_12' title='bbox 943 300 1118 379; x_wconf 83' lang='lat' dir='ltr'><strong>exemplum,</strong></span> 
     </span>
     <span class='ocr_line' id='line_1_3' title="bbox 114 378 1022 460; baseline -0.001 -16"><span class='ocrx_word' id='word_1_13' title='bbox 114 382 217 444; x_wconf 89' lang='lat' dir='ltr'><strong>eadem</strong></span> <span class='ocrx_word' id='word_1_14' title='bbox 233 380 345 439; x_wconf 85' lang='lat' dir='ltr'><strong>ratione</strong></span> <span class='ocrx_word' id='word_1_15' title='bbox 361 378 539 439; x_wconf 80' lang='lat' dir='ltr'><strong>Pisistratum</strong></span> <span class='ocrx_word' id='word_1_16' title='bbox 554 379 590 439; x_wconf 93' lang='lat' dir='ltr'><strong>ad</strong></span> <span class='ocrx_word' id='word_1_17' title='bbox 604 379 825 441; x_wconf 83' lang='lat' dir='ltr'><strong>dominationem</strong></span> <span class='ocrx_word' id='word_1_18' title='bbox 840 384 1022 460; x_wconf 86' lang='lat' dir='ltr'><strong>pervenisse.</strong></span> 
     </span>
    </p>

    <p class='ocr_par' dir='ltr' id='par_1_3' title="bbox 111 462 1161 3466">
     <span class='ocr_line' id='line_1_4' title="bbox 200 462 1143 545; baseline 0.007 -21"><span class='ocrx_word' id='word_1_19' title='bbox 200 463 259 524; x_wconf 87' lang='lat' dir='ltr'><strong>Sed</strong></span> <span class='ocrx_word' id='word_1_20' title='bbox 279 472 310 522; x_wconf 88' lang='lat' dir='ltr'><strong>ut</strong></span> <span class='ocrx_word' id='word_1_21' title='bbox 330 471 395 521; x_wconf 91' lang='lat' dir='ltr'><strong>sunt</strong></span> <span class='ocrx_word' id='word_1_22' title='bbox 416 462 549 540; x_wconf 83' lang='lat' dir='ltr'><strong>exempla</strong></span> <span class='ocrx_word' id='word_1_23' title='bbox 573 464 685 522; x_wconf 90' lang='lat' dir='ltr'><strong>interim</strong></span> <span class='ocrx_word' id='word_1_24' title='bbox 705 473 766 524; x_wconf 90' lang='lat' dir='ltr'><strong>tota</strong></span> <span class='ocrx_word' id='word_1_25' title='bbox 781 465 884 526; x_wconf 85' lang='lat' dir='ltr'><strong>similia</strong></span> <span class='ocrx_word' id='word_1_26' title='bbox 900 474 929 524; x_wconf 86' lang='lat' dir='ltr'><strong>ut</strong></span> <span class='ocrx_word' id='word_1_27' title='bbox 945 465 1003 526; x_wconf 89' lang='lat' dir='ltr'><strong>hoc</strong></span> <span class='ocrx_word' id='word_1_28' title='bbox 1020 469 1143 545; x_wconf 86' lang='lat' dir='ltr'><strong>proxi-9</strong></span> 
     </span>
     <span class='ocr_line' id='line_1_5' title="bbox 113 545 1117 623; baseline 0 -14"><span class='ocrx_word' id='word_1_29' title='bbox 113 567 203 610; x_wconf 90' lang='lat' dir='ltr'><strong>mum:</strong></span> <span class='ocrx_word' id='word_1_30' title='bbox 228 548 271 606; x_wconf 90' lang='lat' dir='ltr'><strong>sic</strong></span> <span class='ocrx_word' id='word_1_31' title='bbox 292 547 404 606; x_wconf 89' lang='lat' dir='ltr'><strong>interim</strong></span> <span class='ocrx_word' id='word_1_32' title='bbox 425 564 463 605; x_wconf 83' lang='lat' dir='ltr'><strong>ex</strong></span> <span class='ocrx_word' id='word_1_33' title='bbox 483 545 638 606; x_wconf 85' lang='lat' dir='ltr'><strong>maioribus</strong></span> <span class='ocrx_word' id='word_1_34' title='bbox 657 546 693 606; x_wconf 97' lang='lat' dir='ltr'><strong>ad</strong></span> <span class='ocrx_word' id='word_1_35' title='bbox 707 548 894 623; x_wconf 84' lang='lat' dir='ltr'><strong>minora,·ex</strong></span> <span class='ocrx_word' id='word_1_36' title='bbox 908 549 1066 609; x_wconf 90' lang='lat' dir='ltr'><strong>minoribus</strong></span> <span class='ocrx_word' id='word_1_37' title='bbox 1082 552 1117 610; x_wconf 92' lang='lat' dir='ltr'><strong>ad</strong></span> 
     </span>
     <span class='ocr_line' id='line_1_6' title="bbox 113 627 1117 709; baseline 0 -17"><span class='ocrx_word' id='word_1_38' title='bbox 113 633 223 692; x_wconf 89' lang='lat' dir='ltr'><strong>maiora</strong></span> <span class='ocrx_word' id='word_1_39' title='bbox 238 630 387 690; x_wconf 89' lang='lat' dir='ltr'><strong>ducuntur.</strong></span> <span class='ocrx_word' id='word_1_40' title='bbox 437 627 535 691; x_wconf 78' lang='lat' dir='ltr'><strong>Urbes</strong></span> <span class='ocrx_word' id='word_1_41' title='bbox 548 631 663 690; x_wconf 81' lang='lat' dir='ltr'><strong>violata</strong></span> <span class='ocrx_word' id='word_1_42' title='bbox 677 639 808 709; x_wconf 77' lang='lat' dir='ltr'><strong>propter</strong></span> <span class='ocrx_word' id='word_1_43' title='bbox 823 633 1015 695; x_wconf 86' lang='lat' dir='ltr'><strong>matrimonia</strong></span> <span class='ocrx_word' id='word_1_44' title='bbox 1031 651 1117 695; x_wconf 82' lang='lat' dir='ltr'><strong>ecer-</strong></span> 
     </span>
     <span class='ocr_line' id='line_1_7' title="bbox 112 712 1118 792; baseline -0.001 -14"><span class='ocrx_word' id='word_1_45' title='bbox 112 735 169 778; x_wconf 81' lang='lat' dir='ltr'><strong>rae</strong></span> <span class='ocrx_word' id='word_1_46' title='bbox 185 720 276 782; x_wconf 73' lang='lat' dir='ltr'><strong>contr</strong></span> <span class='ocrx_word' id='word_1_47' title='bbox 302 713 380 791; x_wconf 82' lang='lat' dir='ltr'><strong>qaid</strong></span> <span class='ocrx_word' id='word_1_48' title='bbox 392 712 462 791; x_wconf 70' lang='lat' dir='ltr'><strong>fieri</strong></span> <span class='ocrx_word' id='word_1_49' title='bbox 479 713 620 775; x_wconf 83' lang='lat' dir='ltr'><strong>adultero</strong></span> <span class='ocrx_word' id='word_1_50' title='bbox 631 731 696 792; x_wconf 82' lang='lat' dir='ltr'><strong>par</strong></span> <span class='ocrx_word' id='word_1_51' title='bbox 714 717 781 776; x_wconf 77' lang='lat' dir='ltr'><strong>etti</strong></span> <span class='ocrx_word' id='word_1_52' title='bbox 805 713 972 792; x_wconf 68' lang='lat' dir='ltr'><strong>liticines,</strong></span> <span class='ocrx_word' id='word_1_53' title='bbox 993 735 1061 777; x_wconf 87' lang='lat' dir='ltr'><strong>cam</strong></span> <span class='ocrx_word' id='word_1_54' title='bbox 1078 718 1118 777; x_wconf 84' lang='lat' dir='ltr'><strong>ab</strong></span> 
     </span>
     <span class='ocr_line' id='line_1_8' title="bbox 114 796 1119 878; baseline 0 -18"><span class='ocrx_word' id='word_1_55' title='bbox 114 800 192 861; x_wconf 83' lang='lat' dir='ltr'><strong>arbe</strong></span> <span class='ocrx_word' id='word_1_56' title='bbox 214 797 445 872; x_wconf 77' lang='lat' dir='ltr'><strong>discessissent,</strong></span> <span class='ocrx_word' id='word_1_57' title='bbox 467 796 590 874; x_wconf 80' lang='lat' dir='ltr'><strong>publice</strong></span> <span class='ocrx_word' id='word_1_58' title='bbox 612 799 749 859; x_wconf 87' lang='lat' dir='ltr'><strong>reoocoti</strong></span> <span class='ocrx_word' id='word_1_59' title='bbox 769 804 859 870; x_wconf 81' lang='lat' dir='ltr'><strong>eant,·</strong></span> <span class='ocrx_word' id='word_1_60' title='bbox 888 801 1119 878; x_wconf 74' lang='lat' dir='ltr'><strong>quantomagis</strong></span> 
     </span>
     <span class='ocr_line' id='line_1_9' title="bbox 111 880 1119 962; baseline -0.001 -19"><span class='ocrx_word' id='word_1_61' title='bbox 111 883 272 962; x_wconf 60' lang='lat' dir='ltr'><strong>partcipee</strong></span> <span class='ocrx_word' id='word_1_62' title='bbox 297 881 429 942; x_wconf 78' lang='lat' dir='ltr'><strong>civitatis</strong></span> <span class='ocrx_word' id='word_1_63' title='bbox 446 881 506 941; x_wconf 84' lang='lat' dir='ltr'><strong>oiri</strong></span> <span class='ocrx_word' id='word_1_64' title='bbox 523 887 553 941; x_wconf 85' lang='lat' dir='ltr'><strong>et</strong></span> <span class='ocrx_word' id='word_1_65' title='bbox 571 880 646 941; x_wconf 85' lang='lat' dir='ltr'><strong>benc</strong></span> <span class='ocrx_word' id='word_1_66' title='bbox 666 881 705 942; x_wconf 85' lang='lat' dir='ltr'><strong>de</strong></span> <span class='ocrx_word' id='word_1_67' title='bbox 726 883 886 960; x_wconf 79' lang='lat' dir='ltr'><strong>republica</strong></span> <span class='ocrx_word' id='word_1_68' title='bbox 908 883 1024 955; x_wconf 86' lang='lat' dir='ltr'><strong>meriti,</strong></span> <span class='ocrx_word' id='word_1_69' title='bbox 1051 901 1119 943; x_wconf 83' lang='lat' dir='ltr'><strong>carn</strong></span> 
     </span>
     <span class='ocr_line' id='line_1_10' title="bbox 114 963 1161 1039; baseline -0.003 -11"><span class='ocrx_word' id='word_1_70' title='bbox 114 965 252 1028; x_wconf 84' lang='lat' dir='ltr'><strong>incidiae</strong></span> <span class='ocrx_word' id='word_1_71' title='bbox 268 964 431 1039; x_wconf 71' lang='lat' dir='ltr'><strong>cesserint,</strong></span> <span class='ocrx_word' id='word_1_72' title='bbox 455 963 495 1025; x_wconf 86' lang='lat' dir='ltr'><strong>ab</strong></span> <span class='ocrx_word' id='word_1_73' title='bbox 511 964 602 1025; x_wconf 78' lang='lat' dir='ltr'><strong>coitio</strong></span> <span class='ocrx_word' id='word_1_74' title='bbox 616 966 809 1026; x_wconf 77' lang='lat' dir='ltr'><strong>reducendi?</strong></span> <span class='ocrx_word' id='word_1_75' title='bbox 832 963 877 1024; x_wconf 83' lang='lat' dir='ltr'><strong>Ad</strong></span> <span class='ocrx_word' id='word_1_76' title='bbox 889 965 1118 1025; x_wconf 79' lang='lat' dir='ltr'><strong>exhortationem</strong></span> <span class='ocrx_word' id='word_1_77' title='bbox 1128 979 1161 1031; x_wconf 83' lang='lat' dir='ltr'><strong>lo</strong></span> 
     </span>
     <span class='ocr_line' id='line_1_11' title="bbox 112 1045 1118 1128; baseline -0.002 -19"><span class='ocrx_word' id='word_1_78' title='bbox 112 1065 186 1109; x_wconf 83' lang='lat' dir='ltr'><strong>vero</strong></span> <span class='ocrx_word' id='word_1_79' title='bbox 207 1048 365 1128; x_wconf 89' lang='lat' dir='ltr'><strong>praecipue</strong></span> <span class='ocrx_word' id='word_1_80' title='bbox 383 1045 481 1106; x_wconf 85' lang='lat' dir='ltr'><strong>valent</strong></span> <span class='ocrx_word' id='word_1_81' title='bbox 501 1047 630 1124; x_wconf 85' lang='lat' dir='ltr'><strong>imparia.</strong></span> <span class='ocrx_word' id='word_1_82' title='bbox 673 1045 858 1108; x_wconf 82' lang='lat' dir='ltr'><strong>laudabilior</strong></span> <span class='ocrx_word' id='word_1_83' title='bbox 872 1051 901 1109; x_wconf 92' lang='lat' dir='ltr'><strong>in</strong></span> <span class='ocrx_word' id='word_1_84' title='bbox 915 1049 1020 1108; x_wconf 86' lang='lat' dir='ltr'><strong>femina</strong></span> <span class='ocrx_word' id='word_1_85' title='bbox 1035 1066 1118 1126; x_wconf 87' lang='lat' dir='ltr'><strong>quam</strong></span> 
     </span>
     <span class='ocr_line' id='line_1_12' title="bbox 113 1128 1119 1205; baseline -0.002 -13"><span class='ocrx_word' id='word_1_86' title='bbox 113 1132 226 1192; x_wconf 88' lang='lat' dir='ltr'><strong>inviro</strong></span> <span class='ocrx_word' id='word_1_87' title='bbox 249 1132 349 1190; x_wconf 87' lang='lat' dir='ltr'><strong>virtus.</strong></span> <span class='ocrx_word' id='word_1_88' title='bbox 396 1129 509 1205; x_wconf 82' lang='lat' dir='ltr'><strong>Quare,</strong></span> <span class='ocrx_word' id='word_1_89' title='bbox 539 1130 564 1189; x_wconf 93' lang='lat' dir='ltr'><strong>si</strong></span> <span class='ocrx_word' id='word_1_90' title='bbox 585 1128 621 1189; x_wconf 86' lang='lat' dir='ltr'><strong>ad</strong></span> <span class='ocrx_word' id='word_1_91' title='bbox 636 1130 751 1190; x_wconf 83' lang='lat' dir='ltr'><strong>fortiter</strong></span> <span class='ocrx_word' id='word_1_92' title='bbox 768 1131 929 1193; x_wconf 85' lang='lat' dir='ltr'><strong>laciendum</strong></span> <span class='ocrx_word' id='word_1_93' title='bbox 944 1131 1119 1193; x_wconf 87' lang='lat' dir='ltr'><strong>accendatur</strong></span> 
     </span>
     <span class='ocr_line' id='line_1_13' title="bbox 114 1213 1118 1294; baseline -0.002 -19"><span class='ocrx_word' id='word_1_94' title='bbox 114 1215 236 1294; x_wconf 86' lang='lat' dir='ltr'><strong>aliquis,</strong></span> <span class='ocrx_word' id='word_1_95' title='bbox 267 1230 324 1273; x_wconf 91' lang='lat' dir='ltr'><strong>non</strong></span> <span class='ocrx_word' id='word_1_96' title='bbox 345 1221 452 1273; x_wconf 87' lang='lat' dir='ltr'><strong>tantum</strong></span> <span class='ocrx_word' id='word_1_97' title='bbox 470 1213 592 1273; x_wconf 85' lang='lat' dir='ltr'><strong>afferent</strong></span> <span class='ocrx_word' id='word_1_98' title='bbox 606 1215 743 1273; x_wconf 90' lang='lat' dir='ltr'><strong>momenti</strong></span> <span class='ocrx_word' id='word_1_99' title='bbox 759 1213 894 1275; x_wconf 90' lang='lat' dir='ltr'><strong>Horatius</strong></span> <span class='ocrx_word' id='word_1_100' title='bbox 911 1225 939 1275; x_wconf 92' lang='lat' dir='ltr'><strong>et</strong></span> <span class='ocrx_word' id='word_1_101' title='bbox 954 1214 1118 1292; x_wconf 88' lang='lat' dir='ltr'><strong>Torquatus</strong></span> 
     </span>
     <span class='ocr_line' id='line_1_14' title="bbox 115 1296 1119 1378; baseline -0.001 -20"><span class='ocrx_word' id='word_1_102' title='bbox 115 1308 250 1378; x_wconf 88' lang='lat' dir='ltr'><strong>quantum</strong></span> <span class='ocrx_word' id='word_1_103' title='bbox 265 1297 314 1358; x_wconf 91' lang='lat' dir='ltr'><strong>illa</strong></span> <span class='ocrx_word' id='word_1_104' title='bbox 329 1297 448 1372; x_wconf 86' lang='lat' dir='ltr'><strong>mulier,</strong></span> <span class='ocrx_word' id='word_1_105' title='bbox 479 1298 559 1356; x_wconf 90' lang='lat' dir='ltr'><strong>cuius</strong></span> <span class='ocrx_word' id='word_1_106' title='bbox 574 1313 657 1356; x_wconf 87' lang='lat' dir='ltr'><strong>manu</strong></span> <span class='ocrx_word' id='word_1_107' title='bbox 675 1296 801 1372; x_wconf 79' lang='lat' dir='ltr'><strong>Pyrrhus</strong></span> <span class='ocrx_word' id='word_1_108' title='bbox 818 1307 863 1358; x_wconf 85' lang='lat' dir='ltr'><strong>est</strong></span> <span class='ocrx_word' id='word_1_109' title='bbox 878 1298 1062 1365; x_wconf 63' lang='lat' dir='ltr'><strong>interiectum</strong></span> <span class='ocrx_word' id='word_1_110' title='bbox 1090 1306 1119 1357; x_wconf 90' lang='lat' dir='ltr'><strong>et</strong></span> 
     </span>
     <span class='ocr_line' id='line_1_15' title="bbox 114 1378 1119 1458; baseline -0.002 -16"><span class='ocrx_word' id='word_1_111' title='bbox 114 1381 150 1442; x_wconf 92' lang='lat' dir='ltr'><strong>ad</strong></span> <span class='ocrx_word' id='word_1_112' title='bbox 173 1380 350 1441; x_wconf 89' lang='lat' dir='ltr'><strong>moriendum</strong></span> <span class='ocrx_word' id='word_1_113' title='bbox 370 1397 427 1439; x_wconf 91' lang='lat' dir='ltr'><strong>nou</strong></span> <span class='ocrx_word' id='word_1_114' title='bbox 442 1389 499 1440; x_wconf 88' lang='lat' dir='ltr'><strong>tam</strong></span> <span class='ocrx_word' id='word_1_115' title='bbox 515 1378 587 1439; x_wconf 80' lang='lat' dir='ltr'><strong>Cato</strong></span> <span class='ocrx_word' id='word_1_116' title='bbox 608 1388 637 1439; x_wconf 87' lang='lat' dir='ltr'><strong>et</strong></span> <span class='ocrx_word' id='word_1_117' title='bbox 652 1380 753 1458; x_wconf 84' lang='lat' dir='ltr'><strong>Scipio</strong></span> <span class='ocrx_word' id='word_1_118' title='bbox 769 1398 853 1458; x_wconf 86' lang='lat' dir='ltr'><strong>quam</strong></span> <span class='ocrx_word' id='word_1_119' title='bbox 867 1381 1017 1448; x_wconf 89' lang='lat' dir='ltr'><strong>Lucretia;</strong></span> <span class='ocrx_word' id='word_1_120' title='bbox 1042 1381 1119 1458; x_wconf 87' lang='lat' dir='ltr'><strong>quod</strong></span> 
     </span>
     <span class='ocr_line' id='line_1_16' title="bbox 113 1463 1159 1544; baseline -0.002 -19"><span class='ocrx_word' id='word_1_121' title='bbox 113 1467 208 1544; x_wconf 86' lang='lat' dir='ltr'><strong>ipsum</strong></span> <span class='ocrx_word' id='word_1_122' title='bbox 234 1473 279 1524; x_wconf 88' lang='lat' dir='ltr'><strong>est</strong></span> <span class='ocrx_word' id='word_1_123' title='bbox 305 1482 342 1523; x_wconf 84' lang='lat' dir='ltr'><strong>ex</strong></span> <span class='ocrx_word' id='word_1_124' title='bbox 368 1463 522 1523; x_wconf 86' lang='lat' dir='ltr'><strong>maioribus</strong></span> <span class='ocrx_word' id='word_1_125' title='bbox 550 1463 586 1524; x_wconf 87' lang='lat' dir='ltr'><strong>ad</strong></span> <span class='ocrx_word' id='word_1_126' title='bbox 609 1464 728 1524; x_wconf 85' lang='lat' dir='ltr'><strong>minora.</strong></span> <span class='ocrx_word' id='word_1_127' title='bbox 774 1465 894 1542; x_wconf 75' lang='lat' dir='ltr'><strong>Singula</strong></span> <span class='ocrx_word' id='word_1_128' title='bbox 914 1465 1001 1542; x_wconf 87' lang='lat' dir='ltr'><strong>igitur</strong></span> <span class='ocrx_word' id='word_1_129' title='bbox 1017 1464 1159 1531; x_wconf 81' lang='lat' dir='ltr'><strong>horumll</strong></span> 
     </span>
     <span class='ocr_line' id='line_1_17' title="bbox 113 1544 1116 1628; baseline -0.002 -20"><span class='ocrx_word' id='word_1_130' title='bbox 113 1566 253 1626; x_wconf 76' lang='lat' dir='ltr'><strong>generum</strong></span> <span class='ocrx_word' id='word_1_131' title='bbox 268 1566 306 1607; x_wconf 81' lang='lat' dir='ltr'><strong>en</strong></span> <span class='ocrx_word' id='word_1_132' title='bbox 322 1544 465 1607; x_wconf 82' lang='lat' dir='ltr'><strong>Cicerone</strong></span> <span class='ocrx_word' id='word_1_133' title='bbox 478 1546 557 1626; x_wconf 90' lang='lat' dir='ltr'><strong>(nam</strong></span> <span class='ocrx_word' id='word_1_134' title='bbox 573 1547 648 1607; x_wconf 89' lang='lat' dir='ltr'><strong>unde</strong></span> <span class='ocrx_word' id='word_1_135' title='bbox 665 1549 760 1626; x_wconf 87' lang='lat' dir='ltr'><strong>potius</strong></span> <span class='ocrx_word' id='word_1_136' title='bbox 767 1545 798 1628; x_wconf 83' lang='lat' dir='ltr'><strong>i)</strong></span> <span class='ocrx_word' id='word_1_137' title='bbox 817 1549 952 1626; x_wconf 88' lang='lat' dir='ltr'><strong>exempla</strong></span> <span class='ocrx_word' id='word_1_138' title='bbox 967 1564 1116 1626; x_wconf 86' lang='lat' dir='ltr'><strong>ponamus.</strong></span> 
     </span>
     <span class='ocr_line' id='line_1_18' title="bbox 114 1627 1119 1711; baseline -0.002 -18"><span class='ocrx_word' id='word_1_139' title='bbox 114 1632 214 1693; x_wconf 86' lang='lat' dir='ltr'><strong>Simile</strong></span> <span class='ocrx_word' id='word_1_140' title='bbox 236 1630 359 1691; x_wconf 82' lang='lat' dir='ltr'><strong>esthon</strong></span> <span class='ocrx_word' id='word_1_141' title='bbox 380 1646 433 1709; x_wconf 88' lang='lat' dir='ltr'><strong>pro</strong></span> <span class='ocrx_word' id='word_1_142' title='bbox 458 1628 591 1706; x_wconf 88' lang='lat' dir='ltr'><strong>llurena,</strong></span> <span class='ocrx_word' id='word_1_143' title='bbox 621 1627 741 1693; x_wconf 81' lang='lat' dir='ltr'><strong>Etenim</strong></span> <span class='ocrx_word' id='word_1_144' title='bbox 762 1633 836 1694; x_wconf 82' lang='lat' dir='ltr'><strong>miii</strong></span> <span class='ocrx_word' id='word_1_145' title='bbox 853 1634 914 1711; x_wconf 82' lang='lat' dir='ltr'><strong>ipsi</strong></span> <span class='ocrx_word' id='word_1_146' title='bbox 932 1633 1064 1708; x_wconf 85' lang='lat' dir='ltr'><strong>accidit,</strong></span> <span class='ocrx_word' id='word_1_147' title='bbox 1087 1640 1119 1692; x_wconf 87' lang='lat' dir='ltr'><strong>at</strong></span> 
     </span>
     <span class='ocr_line' id='line_1_19' title="bbox 115 1714 1118 1795; baseline -0.001 -18"><span class='ocrx_word' id='word_1_148' title='bbox 115 1736 184 1777; x_wconf 83' lang='lat' dir='ltr'><strong>cunc</strong></span> <span class='ocrx_word' id='word_1_149' title='bbox 200 1715 319 1777; x_wconf 77' lang='lat' dir='ltr'><strong>anatur</strong></span> <span class='ocrx_word' id='word_1_150' title='bbox 331 1714 489 1793; x_wconf 80' lang='lat' dir='ltr'><strong>patriciis,</strong></span> <span class='ocrx_word' id='word_1_151' title='bbox 511 1716 608 1776; x_wconf 87' lang='lat' dir='ltr'><strong>attero</strong></span> <span class='ocrx_word' id='word_1_152' title='bbox 619 1715 841 1795; x_wconf 83' lang='lat' dir='ltr'><strong>improbissimo</strong></span> <span class='ocrx_word' id='word_1_153' title='bbox 852 1717 949 1778; x_wconf 89' lang='lat' dir='ltr'><strong>altero</strong></span> <span class='ocrx_word' id='word_1_154' title='bbox 959 1716 1118 1780; x_wconf 78' lang='lat' dir='ltr'><strong>modestis-</strong></span> 
     </span>
     <span class='ocr_line' id='line_1_20' title="bbox 114 1798 1118 1878; baseline -0.002 -17"><span class='ocrx_word' id='word_1_155' title='bbox 114 1801 190 1861; x_wconf 74' lang='lat' dir='ltr'><strong>amc</strong></span> <span class='ocrx_word' id='word_1_156' title='bbox 211 1806 303 1876; x_wconf 81' lang='lat' dir='ltr'><strong>atque</strong></span> <span class='ocrx_word' id='word_1_157' title='bbox 324 1798 434 1877; x_wconf 86' lang='lat' dir='ltr'><strong>optimo</strong></span> <span class='ocrx_word' id='word_1_158' title='bbox 453 1799 537 1873; x_wconf 82' lang='lat' dir='ltr'><strong>ciro,</strong></span> <span class='ocrx_word' id='word_1_159' title='bbox 557 1807 711 1876; x_wconf 68' lang='lat' dir='ltr'><strong>peterem</strong></span> <span class='ocrx_word' id='word_1_160' title='bbox 732 1801 879 1878; x_wconf 71' lang='lat' dir='ltr'><strong>mperaoi</strong></span> <span class='ocrx_word' id='word_1_161' title='bbox 899 1807 999 1861; x_wconf 90' lang='lat' dir='ltr'><strong>tamen</strong></span> <span class='ocrx_word' id='word_1_162' title='bbox 1017 1800 1118 1878; x_wconf 72' lang='lat' dir='ltr'><strong>diani-</strong></span> 
     </span>
     <span class='ocr_line' id='line_1_21' title="bbox 115 1879 1160 1962; baseline -0.003 -18"><span class='ocrx_word' id='word_1_163' title='bbox 115 1892 176 1944; x_wconf 83' lang='lat' dir='ltr'><strong>tate</strong></span> <span class='ocrx_word' id='word_1_164' title='bbox 193 1879 368 1957; x_wconf 79' lang='lat' dir='ltr'><strong>Catilinam,</strong></span> <span class='ocrx_word' id='word_1_165' title='bbox 381 1882 487 1960; x_wconf 74' lang='lat' dir='ltr'><strong>aratia</strong></span> <span class='ocrx_word' id='word_1_166' title='bbox 497 1880 636 1943; x_wconf 82' lang='lat' dir='ltr'><strong>Galbam.</strong></span> <span class='ocrx_word' id='word_1_167' title='bbox 681 1881 773 1943; x_wconf 87' lang='lat' dir='ltr'><strong>llaius</strong></span> <span class='ocrx_word' id='word_1_168' title='bbox 784 1884 919 1959; x_wconf 89' lang='lat' dir='ltr'><strong>minoris,</strong></span> <span class='ocrx_word' id='word_1_169' title='bbox 936 1881 1160 1962; x_wconf 74' lang='lat' dir='ltr'><strong>prullilone,1s</strong></span> 
     </span>
     <span class='ocr_line' id='line_1_22' title="bbox 115 1964 1118 2045; baseline 0.002 -19"><span class='ocrx_word' id='word_1_170' title='bbox 115 1964 252 2045; x_wconf 73' lang='lat' dir='ltr'><strong>Negant,</strong></span> <span class='ocrx_word' id='word_1_171' title='bbox 274 1966 387 2026; x_wconf 83' lang='lat' dir='ltr'><strong>intueri</strong></span> <span class='ocrx_word' id='word_1_172' title='bbox 404 1966 502 2027; x_wconf 85' lang='lat' dir='ltr'><strong>lacem</strong></span> <span class='ocrx_word' id='word_1_173' title='bbox 525 1983 592 2027; x_wconf 81' lang='lat' dir='ltr'><strong>cese</strong></span> <span class='ocrx_word' id='word_1_174' title='bbox 608 1965 662 2044; x_wconf 83' lang='lat' dir='ltr'><strong>fas</strong></span> <span class='ocrx_word' id='word_1_175' title='bbox 680 1967 723 2042; x_wconf 86' lang='lat' dir='ltr'><strong>ei,</strong></span> <span class='ocrx_word' id='word_1_176' title='bbox 745 1968 797 2045; x_wconf 81' lang='lat' dir='ltr'><strong>qai</strong></span> <span class='ocrx_word' id='word_1_177' title='bbox 814 1985 835 2028; x_wconf 92' lang='lat' dir='ltr'><strong>a</strong></span> <span class='ocrx_word' id='word_1_178' title='bbox 849 1986 883 2028; x_wconf 84' lang='lat' dir='ltr'><strong>se</strong></span> <span class='ocrx_word' id='word_1_179' title='bbox 900 1967 1048 2028; x_wconf 85' lang='lat' dir='ltr'><strong>iominem</strong></span> <span class='ocrx_word' id='word_1_180' title='bbox 1065 1985 1118 2029; x_wconf 92' lang='lat' dir='ltr'><strong>oc·</strong></span> 
     </span>
     <span class='ocr_line' id='line_1_23' title="bbox 115 2046 1119 2127; baseline 0 -17"><span class='ocrx_word' id='word_1_181' title='bbox 115 2052 212 2111; x_wconf 76' lang='lat' dir='ltr'><strong>ciram</strong></span> <span class='ocrx_word' id='word_1_182' title='bbox 234 2067 302 2111; x_wconf 80' lang='lat' dir='ltr'><strong>esse</strong></span> <span class='ocrx_word' id='word_1_183' title='bbox 323 2048 471 2127; x_wconf 82' lang='lat' dir='ltr'><strong>fateatur.</strong></span> <span class='ocrx_word' id='word_1_184' title='bbox 520 2046 558 2110; x_wconf 86' lang='lat' dir='ltr'><strong>ln</strong></span> <span class='ocrx_word' id='word_1_185' title='bbox 579 2064 641 2126; x_wconf 80' lang='lat' dir='ltr'><strong>qna</strong></span> <span class='ocrx_word' id='word_1_186' title='bbox 664 2051 787 2113; x_wconf 86' lang='lat' dir='ltr'><strong>tandem</strong></span> <span class='ocrx_word' id='word_1_187' title='bbox 809 2051 886 2112; x_wconf 85' lang='lat' dir='ltr'><strong>arbe</strong></span> <span class='ocrx_word' id='word_1_188' title='bbox 908 2050 964 2112; x_wconf 82' lang='lat' dir='ltr'><strong>ltoc</strong></span> <span class='ocrx_word' id='word_1_189' title='bbox 985 2051 1119 2112; x_wconf 82' lang='lat' dir='ltr'><strong>domines</strong></span> 
     </span>
     <span class='ocr_line' id='line_1_24' title="bbox 114 2133 1119 2212; baseline -0.001 -18"><span class='ocrx_word' id='word_1_190' title='bbox 114 2133 281 2195; x_wconf 68' lang='lat' dir='ltr'><strong>strnostmt</strong></span> <span class='ocrx_word' id='word_1_191' title='bbox 295 2134 476 2210; x_wconf 78' lang='lat' dir='ltr'><strong>disputanti</strong></span> <span class='ocrx_word' id='word_1_192' title='bbox 496 2151 603 2211; x_wconf 79' lang='lat' dir='ltr'><strong>nempe</strong></span> <span class='ocrx_word' id='word_1_193' title='bbox 616 2134 648 2194; x_wconf 90' lang='lat' dir='ltr'><strong>in</strong></span> <span class='ocrx_word' id='word_1_194' title='bbox 664 2150 719 2211; x_wconf 85' lang='lat' dir='ltr'><strong>ea,</strong></span> <span class='ocrx_word' id='word_1_195' title='bbox 738 2150 818 2212; x_wconf 79' lang='lat' dir='ltr'><strong>qaae</strong></span> <span class='ocrx_word' id='word_1_196' title='bbox 827 2136 960 2212; x_wconf 62' lang='lat' dir='ltr'><strong>ommam</strong></span> <span class='ocrx_word' id='word_1_197' title='bbox 970 2135 1119 2196; x_wconf 84' lang='lat' dir='ltr'><strong>indiciam</strong></span> 
     </span>
     <span class='ocr_line' id='line_1_25' title="bbox 116 2213 1119 2295; baseline -0.002 -16"><span class='ocrx_word' id='word_1_198' title='bbox 116 2220 155 2280; x_wconf 89' lang='lat' dir='ltr'><strong>de</strong></span> <span class='ocrx_word' id='word_1_199' title='bbox 176 2217 276 2294; x_wconf 81' lang='lat' dir='ltr'><strong>capite</strong></span> <span class='ocrx_word' id='word_1_200' title='bbox 296 2217 373 2277; x_wconf 83' lang='lat' dir='ltr'><strong>vidit</strong></span> <span class='ocrx_word' id='word_1_201' title='bbox 396 2213 438 2277; x_wconf 87' lang='grc' dir='ltr'><strong>Μ.</strong></span> <span class='ocrx_word' id='word_1_202' title='bbox 462 2214 597 2291; x_wconf 82' lang='lat' dir='ltr'><strong>Horatii,</strong></span> <span class='ocrx_word' id='word_1_203' title='bbox 623 2216 783 2295; x_wconf 77' lang='lat' dir='ltr'><strong>fortissimi</strong></span> <span class='ocrx_word' id='word_1_204' title='bbox 805 2219 882 2293; x_wconf 86' lang='lat' dir='ltr'><strong>oiri,</strong></span> <span class='ocrx_word' id='word_1_205' title='bbox 913 2219 1119 2295; x_wconf 79' lang='lat' dir='ltr'><strong>qainondam</strong></span> 
     </span>
     <span class='ocr_line' id='line_1_26' title="bbox 114 2300 1118 2378; baseline -0.003 -16"><span class='ocrx_word' id='word_1_206' title='bbox 114 2302 214 2363; x_wconf 84' lang='lat' dir='ltr'><strong>libera</strong></span> <span class='ocrx_word' id='word_1_207' title='bbox 231 2300 354 2362; x_wconf 86' lang='lat' dir='ltr'><strong>cioitate</strong></span> <span class='ocrx_word' id='word_1_208' title='bbox 375 2307 476 2362; x_wconf 86' lang='lat' dir='ltr'><strong>tamen</strong></span> <span class='ocrx_word' id='word_1_209' title='bbox 488 2301 595 2378; x_wconf 82' lang='lat' dir='ltr'><strong>popuii</strong></span> <span class='ocrx_word' id='word_1_210' title='bbox 609 2300 740 2362; x_wconf 84' lang='lat' dir='ltr'><strong>Romani</strong></span> <span class='ocrx_word' id='word_1_211' title='bbox 755 2302 883 2362; x_wconf 80' lang='lat' dir='ltr'><strong>comitiis</strong></span> <span class='ocrx_word' id='word_1_212' title='bbox 897 2302 1048 2362; x_wconf 84' lang='lat' dir='ltr'><strong>liberatas</strong></span> <span class='ocrx_word' id='word_1_213' title='bbox 1063 2308 1118 2374; x_wconf 81' lang='lat' dir='ltr'><strong>est,</strong></span> 
     </span>
     <span class='ocr_line' id='line_1_27' title="bbox 116 2382 1117 2462; baseline -0.005 -16"><span class='ocrx_word' id='word_1_214' title='bbox 116 2403 184 2446; x_wconf 85' lang='lat' dir='ltr'><strong>cnm</strong></span> <span class='ocrx_word' id='word_1_215' title='bbox 198 2402 257 2445; x_wconf 83' lang='lat' dir='ltr'><strong>saa</strong></span> <span class='ocrx_word' id='word_1_216' title='bbox 275 2403 367 2445; x_wconf 86' lang='lat' dir='ltr'><strong>mana</strong></span> <span class='ocrx_word' id='word_1_217' title='bbox 381 2402 517 2446; x_wconf 84' lang='lat' dir='ltr'><strong>sororem</strong></span> <span class='ocrx_word' id='word_1_218' title='bbox 534 2401 599 2446; x_wconf 80' lang='lat' dir='ltr'><strong>esse</strong></span> <span class='ocrx_word' id='word_1_219' title='bbox 613 2384 806 2461; x_wconf 76' lang='lat' dir='ltr'><strong>interfectam</strong></span> <span class='ocrx_word' id='word_1_220' title='bbox 819 2385 981 2462; x_wconf 80' lang='lat' dir='ltr'><strong>fateretur.</strong></span> <span class='ocrx_word' id='word_1_221' title='bbox 1025 2382 1117 2442; x_wconf 81' lang='lat' dir='ltr'><strong>Minus</strong></span> 
     </span>
     <span class='ocr_line' id='line_1_28' title="bbox 115 2465 1117 2546; baseline -0.001 -17"><span class='ocrx_word' id='word_1_222' title='bbox 115 2468 247 2529; x_wconf 88' lang='lat' dir='ltr'><strong>maioris:</strong></span> <span class='ocrx_word' id='word_1_223' title='bbox 280 2465 405 2544; x_wconf 81' lang='lat' dir='ltr'><strong>Occidi,</strong></span> <span class='ocrx_word' id='word_1_224' title='bbox 433 2465 659 2546; x_wconf 69' lang='lat' dir='ltr'><strong>conspertum</strong></span> <span class='ocrx_word' id='word_1_225' title='bbox 682 2465 842 2544; x_wconf 83' lang='lat' dir='ltr'><strong>Maelium,</strong></span> <span class='ocrx_word' id='word_1_226' title='bbox 870 2468 923 2546; x_wconf 86' lang='lat' dir='ltr'><strong>qai</strong></span> <span class='ocrx_word' id='word_1_227' title='bbox 937 2484 1060 2528; x_wconf 89' lang='lat' dir='ltr'><strong>annana</strong></span> <span class='ocrx_word' id='word_1_228' title='bbox 1074 2467 1117 2528; x_wconf 89' lang='lat' dir='ltr'><strong>ie-</strong></span> 
     </span>
     <span class='ocr_line' id='line_1_29' title="bbox 114 2550 1117 2630; baseline -0.006 -16"><span class='ocrx_word' id='word_1_229' title='bbox 114 2552 221 2614; x_wconf 86' lang='lat' dir='ltr'><strong>aanda</strong></span> <span class='ocrx_word' id='word_1_230' title='bbox 236 2553 425 2629; x_wconf 79' lang='lat' dir='ltr'><strong>iacturisque</strong></span> <span class='ocrx_word' id='word_1_231' title='bbox 440 2553 488 2612; x_wconf 86' lang='lat' dir='ltr'><strong>rei</strong></span> <span class='ocrx_word' id='word_1_232' title='bbox 500 2551 682 2630; x_wconf 79' lang='lat' dir='ltr'><strong>familiaris,</strong></span> <span class='ocrx_word' id='word_1_233' title='bbox 705 2552 779 2629; x_wconf 87' lang='lat' dir='ltr'><strong>qaia</strong></span> <span class='ocrx_word' id='word_1_234' title='bbox 793 2552 884 2613; x_wconf 84' lang='lat' dir='ltr'><strong>nimie</strong></span> <span class='ocrx_word' id='word_1_235' title='bbox 898 2551 1041 2629; x_wconf 79' lang='lat' dir='ltr'><strong>amplecti</strong></span> <span class='ocrx_word' id='word_1_236' title='bbox 1051 2550 1117 2628; x_wconf 77' lang='lat' dir='ltr'><strong>plc-</strong></span> 
     </span>
     <span class='ocr_line' id='line_1_30' title="bbox 115 2633 1117 2717; baseline -0.007 -20"><span class='ocrx_word' id='word_1_237' title='bbox 115 2637 182 2698; x_wconf 80' lang='lat' dir='ltr'><strong>bern</strong></span> <span class='ocrx_word' id='word_1_238' title='bbox 198 2636 377 2712; x_wconf 80' lang='lat' dir='ltr'><strong>videbator,</strong></span> <span class='ocrx_word' id='word_1_239' title='bbox 395 2637 427 2696; x_wconf 90' lang='lat' dir='ltr'><strong>in</strong></span> <span class='ocrx_word' id='word_1_240' title='bbox 437 2635 641 2713; x_wconf 61' lang='lat' dir='ltr'><strong>carmeianen</strong></span> <span class='ocrx_word' id='word_1_241' title='bbox 652 2635 759 2696; x_wconf 85' lang='lat' dir='ltr'><strong>incidit</strong></span> <span class='ocrx_word' id='word_1_242' title='bbox 769 2636 858 2713; x_wconf 70' lang='lat' dir='ltr'><strong>regni</strong></span> <span class='ocrx_word' id='word_1_243' title='bbox 867 2633 1044 2717; x_wconf 77' lang='lat' dir='ltr'><strong>affectandi,</strong></span> <span class='ocrx_word' id='word_1_244' title='bbox 1060 2640 1117 2692; x_wconf 85' lang='lat' dir='ltr'><strong>etc.</strong></span> 
     </span>
     <span class='ocr_line' id='line_1_31' title="bbox 115 2717 1118 2799; baseline -0.004 -18"><span class='ocrx_word' id='word_1_245' title='bbox 115 2718 235 2794; x_wconf 88' lang='lat' dir='ltr'><strong>deinde,</strong></span> <span class='ocrx_word' id='word_1_246' title='bbox 258 2717 323 2780; x_wconf 84' lang='lat' dir='ltr'><strong>Sed</strong></span> <span class='ocrx_word' id='word_1_247' title='bbox 340 2738 408 2780; x_wconf 87' lang='lat' dir='ltr'><strong>enm</strong></span> <span class='ocrx_word' id='word_1_248' title='bbox 425 2719 656 2799; x_wconf 86' lang='lat' dir='ltr'><strong>(anderetenim</strong></span> <span class='ocrx_word' id='word_1_249' title='bbox 668 2718 787 2795; x_wconf 86' lang='lat' dir='ltr'><strong>dicere,</strong></span> <span class='ocrx_word' id='word_1_250' title='bbox 811 2738 879 2780; x_wconf 83' lang='lat' dir='ltr'><strong>canc</strong></span> <span class='ocrx_word' id='word_1_251' title='bbox 888 2718 1024 2797; x_wconf 79' lang='lat' dir='ltr'><strong>patriam</strong></span> <span class='ocrx_word' id='word_1_252' title='bbox 1034 2718 1118 2796; x_wconf 79' lang='lat' dir='ltr'><strong>peti-</strong></span> 
     </span>
     <span class='ocr_line' id='line_1_32' title="bbox 117 2801 1118 2880; baseline -0.003 -16"><span class='ocrx_word' id='word_1_253' title='bbox 117 2804 184 2864; x_wconf 85' lang='lat' dir='ltr'><strong>calo</strong></span> <span class='ocrx_word' id='word_1_254' title='bbox 209 2801 381 2879; x_wconf 83' lang='lat' dir='ltr'><strong>liberasset)</strong></span> <span class='ocrx_word' id='word_1_255' title='bbox 407 2803 496 2863; x_wconf 81' lang='lat' dir='ltr'><strong>cuias</strong></span> <span class='ocrx_word' id='word_1_256' title='bbox 519 2803 687 2879; x_wconf 76' lang='lat' dir='ltr'><strong>nefandam</strong></span> <span class='ocrx_word' id='word_1_257' title='bbox 715 2803 900 2864; x_wconf 80' lang='lat' dir='ltr'><strong>adulterinae</strong></span> <span class='ocrx_word' id='word_1_258' title='bbox 922 2802 954 2862; x_wconf 85' lang='lat' dir='ltr'><strong>in</strong></span> <span class='ocrx_word' id='word_1_259' title='bbox 975 2801 1118 2880; x_wconf 68' lang='lat' dir='ltr'><strong>prinna-</strong></span> 
     </span>
     <span class='ocr_line' id='line_1_33' title="bbox 117 2883 1160 2964; baseline -0.005 -17"><span class='ocrx_word' id='word_1_260' title='bbox 117 2888 219 2962; x_wconf 67' lang='lat' dir='ltr'><strong>abac,</strong></span> <span class='ocrx_word' id='word_1_261' title='bbox 243 2894 272 2945; x_wconf 92' lang='lat' dir='ltr'><strong>et</strong></span> <span class='ocrx_word' id='word_1_262' title='bbox 288 2894 364 2945; x_wconf 88' lang='lat' dir='ltr'><strong>totus</strong></span> <span class='ocrx_word' id='word_1_263' title='bbox 381 2887 408 2944; x_wconf 96' lang='lat' dir='ltr'><strong>in</strong></span> <span class='ocrx_word' id='word_1_264' title='bbox 421 2883 554 2945; x_wconf 81' lang='lat' dir='ltr'><strong>Clodium</strong></span> <span class='ocrx_word' id='word_1_265' title='bbox 566 2885 659 2945; x_wconf 85' lang='lat' dir='ltr'><strong>locus.</strong></span> <span class='ocrx_word' id='word_1_266' title='bbox 691 2884 886 2946; x_wconf 84' lang='lat' dir='ltr'><strong>Dissimile</strong></span> <span class='ocrx_word' id='word_1_267' title='bbox 903 2885 1003 2964; x_wconf 87' lang='lat' dir='ltr'><strong>plures</strong></span> <span class='ocrx_word' id='word_1_268' title='bbox 1017 2900 1119 2944; x_wconf 84' lang='lat' dir='ltr'><strong>causas</strong></span> <span class='ocrx_word' id='word_1_269' title='bbox 1128 2902 1160 2955; x_wconf 87' lang='lat'><strong>13</strong></span> 
     </span>
     <span class='ocr_line' id='line_1_34' title="bbox 116 2969 1119 3046; baseline -0.004 -18"><span class='ocrx_word' id='word_1_270' title='bbox 116 2969 215 3044; x_wconf 87' lang='lat' dir='ltr'><strong>habet,</strong></span> <span class='ocrx_word' id='word_1_271' title='bbox 232 2969 263 3029; x_wconf 92' lang='lat' dir='ltr'><strong>ilt</strong></span> <span class='ocrx_word' id='word_1_272' title='bbox 274 2969 348 3028; x_wconf 91' lang='lat' dir='ltr'><strong>enim</strong></span> <span class='ocrx_word' id='word_1_273' title='bbox 360 2986 487 3046; x_wconf 81' lang='lat' dir='ltr'><strong>genere,</strong></span> <span class='ocrx_word' id='word_1_274' title='bbox 506 2969 602 3044; x_wconf 89' lang='lat' dir='ltr'><strong>modo,</strong></span> <span class='ocrx_word' id='word_1_275' title='bbox 621 2976 770 3046; x_wconf 87' lang='lat' dir='ltr'><strong>tempore,</strong></span> <span class='ocrx_word' id='word_1_276' title='bbox 792 2970 859 3029; x_wconf 91' lang='lat' dir='ltr'><strong>loco</strong></span> <span class='ocrx_word' id='word_1_277' title='bbox 872 2969 1048 3045; x_wconf 88' lang='lat' dir='ltr'><strong>ceterisque,</strong></span> <span class='ocrx_word' id='word_1_278' title='bbox 1066 2984 1119 3045; x_wconf 89' lang='lat' dir='ltr'><strong>per</strong></span> 
     </span>
     <span class='ocr_line' id='line_1_35' title="bbox 116 3048 1118 3132; baseline -0.003 -20"><span class='ocrx_word' id='word_1_279' title='bbox 116 3071 190 3132; x_wconf 84' lang='lat' dir='ltr'><strong>quae</strong></span> <span class='ocrx_word' id='word_1_280' title='bbox 214 3051 278 3112; x_wconf 86' lang='lat' dir='ltr'><strong>iere</strong></span> <span class='ocrx_word' id='word_1_281' title='bbox 294 3054 387 3112; x_wconf 89' lang='lat' dir='ltr'><strong>omnia</strong></span> <span class='ocrx_word' id='word_1_282' title='bbox 406 3048 511 3112; x_wconf 81' lang='lat' dir='ltr'><strong>Cicero</strong></span> <span class='ocrx_word' id='word_1_283' title='bbox 529 3051 722 3130; x_wconf 88' lang='lat' dir='ltr'><strong>praeiudicia,</strong></span> <span class='ocrx_word' id='word_1_284' title='bbox 747 3070 821 3131; x_wconf 89' lang='lat' dir='ltr'><strong>quae</strong></span> <span class='ocrx_word' id='word_1_285' title='bbox 836 3052 872 3112; x_wconf 89' lang='lat' dir='ltr'><strong>de</strong></span> <span class='ocrx_word' id='word_1_286' title='bbox 889 3049 1023 3112; x_wconf 77' lang='lat' dir='ltr'><strong>Cluentio</strong></span> <span class='ocrx_word' id='word_1_287' title='bbox 1039 3050 1118 3111; x_wconf 87' lang='lat' dir='ltr'><strong>vide·</strong></span> 
     </span>
     <span class='ocr_line' id='line_1_36' title="bbox 116 3134 1119 3214; baseline -0.003 -19"><span class='ocrx_word' id='word_1_288' title='bbox 116 3136 220 3196; x_wconf 86' lang='lat' dir='ltr'><strong>bantur</strong></span> <span class='ocrx_word' id='word_1_289' title='bbox 232 3136 324 3211; x_wconf 87' lang='lat' dir='ltr'><strong>iacta,</strong></span> <span class='ocrx_word' id='word_1_290' title='bbox 342 3135 496 3203; x_wconf 80' lang='lat' dir='ltr'><strong>subvertit3</strong></span> <span class='ocrx_word' id='word_1_291' title='bbox 517 3137 708 3195; x_wconf 89' lang='lat' dir='ltr'><strong>contrario</strong></span> <span class='ocrx_word' id='word_1_292' title='bbox 724 3153 796 3196; x_wconf 92' lang='lat' dir='ltr'><strong>vero</strong></span> <span class='ocrx_word' id='word_1_293' title='bbox 809 3134 944 3214; x_wconf 82' lang='lat' dir='ltr'><strong>exemplo</strong></span> <span class='ocrx_word' id='word_1_294' title='bbox 959 3136 1119 3195; x_wconf 89' lang='lat' dir='ltr'><strong>censoriam</strong></span> 
     </span>
     <span class='ocr_line' id='line_1_37' title="bbox 116 3218 1119 3298; baseline 0 -20"><span class='ocrx_word' id='word_1_295' title='bbox 116 3228 214 3279; x_wconf 87' lang='lat' dir='ltr'><strong>notam</strong></span> <span class='ocrx_word' id='word_1_296' title='bbox 236 3219 378 3281; x_wconf 87' lang='lat' dir='ltr'><strong>laudando</strong></span> <span class='ocrx_word' id='word_1_297' title='bbox 401 3235 552 3279; x_wconf 88' lang='lat' dir='ltr'><strong>censorem</strong></span> <span class='ocrx_word' id='word_1_298' title='bbox 567 3218 749 3296; x_wconf 82' lang='lat' dir='ltr'><strong>Africanum,</strong></span> <span class='ocrx_word' id='word_1_299' title='bbox 773 3221 916 3298; x_wconf 86' lang='lat' dir='ltr'><strong>quicum,</strong></span> <span class='ocrx_word' id='word_1_300' title='bbox 940 3235 1025 3297; x_wconf 88' lang='lat' dir='ltr'><strong>quem</strong></span> <span class='ocrx_word' id='word_1_301' title='bbox 1040 3219 1119 3296; x_wconf 88' lang='lat' dir='ltr'><strong>peie-</strong></span> 
     </span>
     <span class='ocr_line' id='line_1_38' title="bbox 116 3301 1119 3382; baseline 0 -20"><span class='ocrx_word' id='word_1_302' title='bbox 116 3322 200 3364; x_wconf 90' lang='lat' dir='ltr'><strong>rasse</strong></span> <span class='ocrx_word' id='word_1_303' title='bbox 218 3304 369 3382; x_wconf 88' lang='lat' dir='ltr'><strong>conceptis</strong></span> <span class='ocrx_word' id='word_1_304' title='bbox 381 3302 479 3362; x_wconf 89' lang='lat' dir='ltr'><strong>verbis</strong></span> <span class='ocrx_word' id='word_1_305' title='bbox 493 3302 588 3381; x_wconf 88' lang='lat' dir='ltr'><strong>palam</strong></span> <span class='ocrx_word' id='word_1_306' title='bbox 600 3301 734 3378; x_wconf 86' lang='lat' dir='ltr'><strong>dixisset,</strong></span> <span class='ocrx_word' id='word_1_307' title='bbox 755 3304 946 3363; x_wconf 89' lang='lat' dir='ltr'><strong>testimonium</strong></span> <span class='ocrx_word' id='word_1_308' title='bbox 958 3303 1044 3362; x_wconf 87' lang='lat' dir='ltr'><strong>etiam</strong></span> <span class='ocrx_word' id='word_1_309' title='bbox 1056 3301 1119 3381; x_wconf 90' lang='lat' dir='ltr'><strong>pol·</strong></span> 
     </span>
     <span class='ocr_line' id='line_1_39' title="bbox 116 3385 1119 3466; baseline -0.001 -19"><span class='ocrx_word' id='word_1_310' title='bbox 116 3386 232 3462; x_wconf 88' lang='lat' dir='ltr'><strong>licitus,</strong></span> <span class='ocrx_word' id='word_1_311' title='bbox 260 3387 371 3466; x_wconf 88' lang='lat' dir='ltr'><strong>siquis</strong></span> <span class='ocrx_word' id='word_1_312' title='bbox 395 3386 641 3460; x_wconf 88' lang='lat' dir='ltr'><strong>contradiceret,</strong></span> <span class='ocrx_word' id='word_1_313' title='bbox 669 3385 748 3446; x_wconf 93' lang='lat' dir='ltr'><strong>nullo</strong></span> <span class='ocrx_word' id='word_1_314' title='bbox 769 3395 940 3462; x_wconf 85' lang='lat' dir='ltr'><strong>accusante,</strong></span> <span class='ocrx_word' id='word_1_315' title='bbox 967 3387 1119 3446; x_wconf 86' lang='lat' dir='ltr'><strong>traducere</strong></span> 
     </span>
    </p>
   </div>
   <div class='ocr_carea' id='block_1_3' title="bbox 0 0 1290 4026">
    <p class='ocr_par' dir='ltr' id='par_1_4' title="bbox 0 0 1290 4026">
     <span class='ocr_line' id='line_1_40' title="bbox 0 0 1290 4026; baseline 0 0"><span class='ocrx_word' id='word_1_316' title='bbox 0 0 1290 4026; x_wconf 95' lang='lat' dir='ltr'><strong> </strong></span> 
     </span>
    </p>
   </div>
  </div>
 </body>
</html>
