2574 3998
157 137 198 195 40
470 150 506 196 ur.
525 149 604 196 rus.
623 149 842 209 Qururrmnur

107 302 324 382 ltamphibolla
346 320 404 362 non
430 312 485 363 est.
529 302 733 380 Amphiholiae
754 314 849 364 autem
871 307 960 365 omnis
987 307 1041 367 erit
1061 309 1091 366 in
1113 308 1154 369 his

151 389 299 466 quaestio;
320 387 489 466 aliquando,
504 394 570 444 uter
581 389 617 445 sit
630 387 786 446 secundum
801 398 929 450 naturam
940 393 1032 468 magis
1044 406 1153 457 sermo:

150 489 281 549 semper,
304 480 397 530 utrum
415 472 451 530 sit
469 471 605 547 aequius;
632 479 724 529 utrum
743 473 783 547 is,
807 475 855 550 qni
878 476 994 552 scripsit
1017 493 1051 535 ac
1074 475 1153 549 dixit,

148 555 284 614 voluerit.
331 554 456 628 Quarum
476 555 504 612 in
518 563 667 631 utramque
683 564 794 632 partem
812 558 881 615 satis
898 574 936 617 ex
950 559 1010 635 his,
1028 575 1100 637 quae
1118 557 1155 616 de

151 640 317 700 oonieotura
334 638 512 717 etqualitate
528 636 666 714 diximus,
684 649 874 718 praeceptum
892 651 947 700 εει.

302 790 345 839 DE
362 787 618 840 PRAEDIGTORUM
635 788 790 841 STATUUM
808 790 1021 843 COGNATIONE.

233 883 269 944 X.
300 884 354 946 ltst
370 895 464 945 autem
483 885 624 964 quaedam
639 887 714 945 inter
728 885 782 946 hos
799 895 890 946 status
904 887 1049 962 cognatio.
1081 886 1155 947 Nam

150 979 180 1028 ει
201 970 229 1027 in
251 970 395 1045 linitione,
413 987 487 1048 quae
511 971 548 1029 sit
567 969 702 1029 voluntas
725 972 860 1046 nominis,
890 971 1052 1049 quaeritur,
1077 980 1105 1029 et
1128 974 1154 1032 in

149 1053 339 1130 syllogismo,
359 1054 407 1133 qui
423 1052 567 1113 sccundus
586 1070 602 1112 a
617 1054 744 1113 linitione
761 1063 851 1113 status
869 1063 932 1128 est,
955 1055 1021 1131 quia
1038 1063 1150 1132 specta-

149 1146 210 1211 tur,
241 1137 308 1215 quid
329 1138 455 1197 voluerit
476 1139 618 1215 scriptor;
651 1139 863 1198 et'oontrarias
885 1136 970 1213 leges
992 1138 1064 1197 duos
1088 1157 1156 1197 esse

150 1222 250 1298 scripti
277 1230 305 1280 et
326 1220 482 1281 voluntatis
509 1229 600 1280 status
626 1231 756 1300 apparet.
802 1221 912 1280 Rursus
931 1230 960 1280 et
977 1222 1066 1280 linitio
1083 1239 1154 1300 quo·

152 1303 302 1364 dammodo
328 1314 373 1365 est
393 1304 585 1383 amphibolia,
612 1322 676 1381 oum
696 1306 723 1364 in
745 1305 814 1365 duas
834 1313 932 1383 partes
949 1304 1098 1364 diducatur
1113 1308 1154 1365 in·

123 1387 288 1448 ttetteoms
304 1390 436 1449 nominis.
476 1389 620 1466 Scriptum
637 1398 665 1448 et
679 1389 813 1449 voluntas
825 1388 912 1449 habet
927 1391 955 1448 in
970 1388 1068 1448 verbis
1084 1390 1155 1448 iuris

151 1474 367 1550 quaestionem,
394 1472 471 1551 quod
494 1473 569 1532 idem
586 1474 737 1532 antinomia
754 1473 870 1550 petitur.
909 1472 1039 1550 ldeoqne
1061 1475 1155 1533 omnia

150 1555 223 1615 haec
250 1557 364 1634 quidam
385 1558 524 1634 scriptum
550 1564 579 1615 et
599 1556 777 1615 voluntatem
794 1574 861 1615 esse
882 1556 1030 1632 dixerunt,
1057 1556 1106 1616 alii
1126 1559 1153 1617 in

150 1640 259 1716 scripto
282 1649 310 1699 et
324 1640 473 1700 voluntate
495 1639 697 1718 amphiboliam
713 1658 797 1714 esse,
823 1657 897 1718 quae
916 1640 985 1701 lacit
1008 1642 1153 1719 quaestio·

151 1740 225 1781 nem.
260 1722 319 1783 Sed
335 1724 469 1783 distincta
482 1733 556 1782 suut.
595 1722 681 1782 Aliud
698 1733 742 1783 est
757 1726 830 1783 enim
847 1724 1002 1785 obscurum
1016 1727 1060 1783 ius
1076 1723 1153 1784 aliud

122 1803 323 1884 3ambiguum.
353 1806 445 1884 lgitur
458 1807 548 1867 linitio
565 1806 592 1865 in
613 1816 713 1867 natura
735 1810 798 1886 ipsa
814 1810 936 1868 nominis
952 1809 1153 1886 quaestionem

150 1888 237 1950 habet
251 1890 436 1968 generalem,
460 1900 489 1951 et
507 1908 581 1969 quae
603 1908 670 1950 esse
691 1891 776 1951 etiam
794 1893 865 1952 citra
885 1892 1069 1970 complexum
1088 1910 1154 1950 oau-

150 1989 202 2032 sae
219 1976 327 2052 possit;
346 1978 484 2053 seriptum
500 1984 529 2034 ει
546 1974 680 2034 voluntas
698 1975 734 2035 de
755 1992 790 2035 eo
808 1976 934 2053 disputat
949 1976 1057 2050 verbo,
1077 1975 1155 2053 quod

151 2067 196 2116 εει
211 2059 239 2117 in
254 2059 338 2136 lege,
355 2059 543 2136 syllogismus
558 2058 594 2118 de
611 2077 664 2135 eo,
687 2059 765 2137 quod
780 2077 837 2118 non
855 2069 909 2119 est.
951 2058 1155 2137 Amphiboliae

150 2140 186 2200 lis
205 2143 233 2202 in
249 2142 394 2202 diversum
408 2142 509 2218 trahit,
533 2142 630 2221 legum
646 2145 852 2203 contrariarum
869 2162 906 2203 ex
922 2143 1037 2203 diverso
1059 2160 1156 2220 pugna

122 2234 205 2289 sest.
241 2225 345 2306 Neque
368 2228 509 2287 immerito
536 2235 565 2286 et
586 2237 707 2306 recepta
723 2237 769 2286 est
786 2246 802 2287 a
817 2227 993 2288 doctissimis
1011 2227 1085 2286 haec
1100 2225 1154 2286 dii-

151 2309 274 2371 ferentia
298 2320 327 2370 et
351 2310 427 2390 apud
445 2310 584 2390 plurimos
601 2329 635 2372 ao
651 2311 889 2390 prudentissimos
912 2312 1004 2371 durat.
1144 2312 1147 2317 ’

472 2461 515 2511 DE
530 2462 565 2512 Vl
582 2460 825 2512 DISPOSITIONIS.

232 2556 270 2619 Et
292 2557 407 2617 de'hoo
434 2559 548 2637 quidem
570 2577 681 2636 genere
709 2557 923 2637 dispositionis,
961 2556 1073 2617 etiamsi
1099 2575 1157 2616 non

53 2714 56 2723 Ι
123 2644 259 2718 somnia,
281 2642 354 2702 tradi
375 2651 470 2702 tamen
488 2643 585 2721 aliqua
605 2651 770 2721 potuerunt.
800 2644 871 2701 Sunt
892 2640 965 2716 alia,
991 2658 1081 2719 quae,
1103 2641 1158 2700 nisi

151 2727 318 2805 proposita,
338 2726 375 2785 de
391 2743 448 2803 qua
463 2726 615 2787 dicendum
631 2735 691 2802 cst,
707 2727 844 2800 materia,
868 2725 944 2785 viam
959 2724 1083 2784 docendi
1098 2742 1156 2783 non

151 2809 320 2888 praebeant.
353 2808 419 2867 Non
435 2812 510 2869 enim
526 2828 613 2870 causa
629 2811 763 2870 universa
778 2811 806 2868 in
821 2809 1008 2887 quaestiones
1023 2826 1058 2868 ac
1072 2807 1157 2867 locos

152 2893 313 2954 diducenda
334 2900 395 2968 est,
417 2893 470 2953 sed
491 2893 547 2954 hae
565 2896 648 2972 ipsae
668 2902 767 2971 partes
787 2892 894 2952 habent
910 2911 1010 2951 rursus
1029 2891 1158 2950 ordinem

152 2995 242 3037 suum.
287 2974 360 3036 Nam
377 2985 406 3035 et
422 2977 449 3035 in
465 2979 617 3055 prooemio
633 2978 753 3055 primum
774 2985 819 3036 est
833 2974 941 3054 aliquid
957 2985 986 3036 et
1001 2975 1158 3035 secundum

152 3079 187 3120 ac
205 3060 364 3138 deinceps,
391 3069 420 3119 ει
435 3062 569 3140 quaestio
591 3062 682 3120 omnis
704 3079 739 3120 ac
753 3061 837 3120 locus
856 3058 944 3120 habet
959 3077 1039 3118 suam
1060 3059 1158 3137 dispo·

124 3145 287 3207 ositionem
306 3152 337 3203 ut
352 3143 452 3204 theses
471 3145 557 3205 etiam
572 3144 730 3222 simplices.
771 3142 834 3203 Nisi
851 3144 928 3204 forte
948 3145 1018 3203 satis
1043 3144 1097 3202 erit
1117 3142 1158 3202 di·

152 3227 267 3290 videndi
287 3229 414 3306 peritus,
442 3230 489 3307 qui
516 3229 743 3288 controversiam
769 3230 798 3288 in
823 3226 898 3288 lraec
923 3226 1082 3301 diduxerit,
1113 3226 1159 3284 An

154 3326 238 3369 omne
260 3313 418 3389 praemium
442 3312 575 3372 viroiorti
602 3311 723 3373 dandum
749 3314 803 3388 sit,
830 3329 866 3371 an
890 3328 927 3369 err
951 3313 1080 3389 privato;
1113 3309 1159 3368 An

152 3394 285 3472 nuptiae,
301 3413 337 3454 an
349 3396 428 3473 eius,
446 3414 519 3475 quae
531 3405 618 3476 nupta
628 3397 682 3472 sit,
699 3413 735 3455 an
745 3391 839 3456 hacc‘l
859 3393 980 3470 deinde,
997 3413 1060 3455 oum
1072 3393 1159 3455 inerit
