2566 4026
365 184 454 232 msr.
479 181 628 231 orauere.
651 181 720 228 um.
743 180 781 247 r,
802 176 827 230 6.
841 174 867 230 t.
1060 165 1119 227 195

118 358 224 419 quere,
249 357 285 398 an
307 339 455 417 peierarit.
495 337 554 397 Sed
577 335 660 395 uobis
684 332 919 394 adolescentibus
941 335 1074 394 seniores
1093 336 1148 400 iuo

116 423 230 501 agendo
257 423 328 482 iacti
352 421 526 500 praecipere
547 419 697 493 solebant,
719 436 755 476 ne
776 434 901 496 unquam
926 418 1120 480 iusiurandum

116 508 314 581 deferremus,
339 507 414 564 sicut
431 521 527 582 neque
547 505 627 581 optio
650 501 753 561 iudicis
771 501 938 562 adversario
958 512 1038 562 esset
1053 520 1120 581 per-

114 591 252 651 mittenda
273 607 329 648 nec
353 608 390 648 ex
412 589 561 648 advocatis
578 586 668 665 partis
684 584 826 645 adversae
846 585 933 645 iudex
952 585 1120 662 eligendus3

113 693 188 750 nam,
211 676 236 732 si
258 673 357 732 dicere
374 673 517 732 contraria
527 680 612 749 turpe
624 669 766 730 advocato
777 670 941 744 videretur,
966 677 1047 729 certe
1062 677 1120 730 tur·

114 759 177 836 pius
194 756 372 832 habendum,
388 756 487 815 iacere
508 755 586 833 quod
601 763 716 813 noceat.

505 908 549 956 ott
565 904 730 959 TESTIBUS.

197 1005 261 1065 vll.
290 1003 431 1063 Maximus
447 1013 540 1064 tamen
557 1005 685 1082 patronis
702 1005 779 1063 circa
800 1003 1011 1063 testimonia
1032 1001 1121 1064 sudor

115 1099 169 1149 est.
200 1088 244 1148 Ea
262 1088 393 1149 dicuntur
409 1097 456 1147 aut
477 1106 546 1166 per
564 1087 714 1147 tabulas
737 1096 785 1146 aut
806 1104 822 1146 a
842 1086 1118 1165 praesentibus.

114 1172 280 1250 Simplicior
307 1180 407 1231 contra
432 1171 546 1231 tabulas
568 1189 674 1250 pugna.
709 1169 781 1230 Nam
806 1180 835 1230 et
857 1171 948 1230 minus
970 1171 1120 1231 obstitisse

113 1256 228 1316 videtur
243 1255 336 1334 pudor
353 1257 428 1315 inter
444 1272 554 1333 paucos
571 1256 753 1332 signatores,
773 1263 802 1314 et
814 1271 868 1333 pro
883 1255 1042 1316 diiiideutia
1053 1272 1119 1334 pre·

113 1341 199 1400 mitur
219 1339 360 1399 absentia.
389 1339 420 1399 Si
437 1339 697 1418 reprehensionem
719 1355 775 1397 non
796 1340 873 1416 capit
892 1341 955 1417 ipsa
975 1356 1119 1417 persona:

114 1422 252 1484 infamare
268 1425 433 1501 signatores
450 1423 529 1482 licet.
553 1422 652 1483 Tacita
664 1431 818 1501 praeterea
830 1423 970 1500 quaedam
981 1424 1147 1501 cogitatioa

114 1509 280 1584 refragatur
300 1507 344 1565 lris
366 1505 513 1582 omuibus,
535 1507 612 1585 quod
632 1523 715 1566 nemo
732 1525 786 1585 per
800 1505 912 1567 tabulas
928 1507 976 1566 dat
990 1509 1119 1568 testimo-

114 1593 190 1651 nium
212 1592 266 1650 nisi
288 1608 339 1650 sna
360 1590 523 1659 voluntate;
547 1607 604 1668 quo
626 1592 691 1669 ipso
713 1608 770 1650 nou
796 1608 863 1650 esse
887 1592 1007 1652 amicum
1028 1591 1055 1650 ei
1074 1610 1119 1669 se,

117 1684 217 1735 contra
237 1692 324 1754 quem
347 1674 432 1749 dicit,
455 1674 571 1734 fatetur.
603 1672 706 1753 Neque
728 1684 823 1735 tamen
843 1677 973 1753 protinus
997 1677 1120 1735 cesserit

116 1768 231 1834 orator,
255 1775 311 1835 quo
336 1759 426 1817 miuus
449 1767 478 1817 et
499 1759 608 1818 amicus
630 1776 683 1836 pro
706 1761 799 1818 amico
820 1767 849 1817 et
870 1760 1000 1819 inimicus
1020 1768 1120 1819 eontra

115 1843 256 1901 inimicum
276 1843 371 1919 possit
391 1860 508 1917 verum,
532 1844 556 1900 si
576 1844 689 1919 integra
707 1841 893 1919 sicelides,
916 1843 1024 1903 dicere.
1059 1842 1119 1903 Sed

115 1926 173 1985 late
190 1925 272 1984 locus
289 1934 413 2003 uterque
428 1934 577 1985 tractatur.

201 2006 271 2069 Cum
286 2008 551 2087 praesentibus
566 2026 639 2069 uero
651 2011 753 2087 ingens
767 2010 910 2070 dimicatio
924 2018 979 2085 est,
992 2009 1146 2087 ideoque3

113 2092 195 2152 velut
214 2091 323 2171 duplici
345 2101 445 2153 eontra
467 2109 519 2152 eos
535 2110 647 2172 proque
663 2095 698 2153 iis
715 2095 778 2154 acie
795 2093 959 2171 confligitur
975 2095 1119 2155 actionum

115 2186 144 2236 et
160 2177 427 2253 interrogationum.
457 2175 491 2236 ln
512 2176 719 2237 actionibus
736 2179 855 2256 primurn
870 2177 1050 2255 generaliter
1063 2194 1117 2256 pro

114 2259 236 2320 testibus
258 2269 345 2339 atque
368 2261 397 2319 iu
417 2269 509 2320 testes
528 2261 584 2322 dici
605 2262 692 2322 solet.
720 2260 773 2321 Est
788 2261 835 2321 lric
851 2264 1007 2321 communis
1022 2261 1146 2340 loeus,4

115 2362 179 2403 cum
194 2362 262 2422 pars
276 2344 368 2405 altera
381 2344 489 2404 nullam
502 2343 656 2403 firmiorem
668 2343 869 2421 probationem
880 2362 947 2404 esse
960 2346 1118 2422 contendit,

115 2445 199 2505 quam
217 2445 292 2505 quae
308 2430 345 2487 sit
360 2429 504 2489 hominum
520 2429 642 2487 scientia
656 2429 739 2495 uixa;
755 2427 847 2487 altera
861 2428 897 2487 ad
914 2428 1120 2489 detrahendam

114 2511 171 2571 illis
195 2510 281 2571 fidem
302 2513 411 2588 omnia,
441 2530 494 2590 per
516 2529 590 2589 quae
613 2511 676 2570 lieri
702 2511 817 2571 soleant
843 2511 917 2571 falsa
944 2513 1119 2588 testimonia,

116 2604 273 2654 enumerat.
312 2596 445 2673 Sequens
464 2596 538 2654 ratio
563 2603 623 2672 est,
649 2613 712 2655 cum
735 2594 905 2673 specialiter
928 2596 1043 2675 quidem
1067 2596 1144 2656 sedi

114 2689 209 2738 tamen
224 2679 330 2738 multos
342 2681 451 2757 pariter
463 2680 601 2740 invadere
613 2680 725 2758 patroni
737 2678 842 2739 solent.
866 2677 939 2739 Nam
952 2690 981 2740 et
992 2681 1119 2758 gentium

114 2762 198 2822 simul
214 2764 413 2822 universarum
429 2763 544 2823 elevata
561 2765 723 2824 testimonia
740 2763 954 2823 adoratoribus
970 2765 1075 2823 seimus
1090 2771 1120 2824 et

115 2855 176 2905 tota
202 2863 311 2923 genera
336 2848 580 2907 testimoniorum:
614 2857 645 2906 ut
664 2848 701 2907 de
725 2847 931 2917 auditionibus;
964 2865 1022 2907 non
1045 2849 1119 2907 enim

114 2932 195 3009 ipsos
219 2948 287 2989 esse
308 2938 399 2989 testes
416 2931 468 2991 sed
484 2932 668 2991 iniuratorum
684 2932 790 2991 afferre
804 2949 910 3001 voces;
934 2941 964 2991 ut
979 2933 1008 2991 iu
1023 2933 1118 2992 causis

115 3013 356 3092 repetundarum,
374 3017 421 3092 qui
437 3033 470 3074 se
485 3032 538 3076 reo
555 3033 724 3075 numerasse
741 3018 879 3093 pecunias
895 3017 1005 3092 iurant,
1023 3015 1117 3094 litiga-

115 3107 208 3158 torum
227 3114 285 3158 non
302 3101 416 3159 testium
430 3099 580 3159 habendos
595 3099 673 3159 loco.
699 3098 817 3159 Interim
831 3099 971 3160 adversus
987 3099 1146 3177 singulosd

114 3182 246 3260 dirigitur
261 3184 351 3252 actio;
374 3182 450 3262 quod
466 3184 663 3243 insectationis
681 3201 774 3260 genus
788 3193 818 3244 et
833 3184 1003 3262 permixtum
1018 3182 1117 3244 deien-

115 3267 189 3326 sioni
210 3267 333 3344 legimus
356 3267 384 3326 in
408 3266 585 3326 orationibus
608 3266 738 3345 plurimis
763 3277 792 3328 et
817 3269 973 3348 separatim
1000 3268 1117 3339 editum,

114 3353 189 3410 sieut
214 3354 242 3411 iu
259 3349 403 3409 Vatinium
424 3359 537 3410 testem.
577 3349 680 3409 Totum
700 3352 788 3428 igitur
808 3353 984 3412 excutiamus
1009 3351 1116 3428 locum,

115 3434 229 3512 quando
246 3434 409 3493 universam
424 3435 630 3494 institutionem
646 3437 780 3513 aggressi
795 3454 901 3496 sumus.
927 3435 1117 3503 Suiliciebant

890 3516 951 3581 13*
