2566 4026
104 138 123 200 6
426 151 789 210 nr.uuu.ournr1u1uu1

60 308 147 370 tosio
169 323 295 385 corpore
319 305 478 383 operienda
501 315 576 365 sunt.
622 305 751 384 Ideoque
777 325 830 366 nos
858 326 915 367 non
939 309 1109 387 particulam

103 391 193 465 illam,
210 392 284 450 siout
299 389 450 468 plerique,
466 391 518 450 sed
535 390 672 468 quidquid
688 391 758 450 utile
774 392 808 451 ad
825 394 1028 453 instituendum
1044 410 1108 453 ora-

103 484 198 534 torem
220 473 405 553 putabamus,
428 476 457 532 in
479 474 533 533 hos
557 474 711 534 duodecim
731 474 823 534 libros
847 478 1019 536 contulimus
1042 477 1109 537 bre-

103 561 178 618 viter
203 560 296 618 omnia
320 559 551 617 demonstraturi.
583 556 655 618 Nam
677 561 702 618 si
724 568 858 637 quantum
880 562 915 621 de
939 578 1109 638 quoquere

61 653 95 707 26
106 642 162 702 dici
182 651 281 721 potest
300 660 529 720 persequamur,
552 642 615 701 finis
632 645 730 721 operis
747 661 804 703 non
824 647 999 723 reperietur.
1032 643 1109 704 Illud

104 729 247 786 tamenin
269 727 367 804 primis
389 725 551 786 testandum
573 736 633 802 est,
654 726 723 786 nihil
747 738 906 806 praecepta
927 739 1013 806 atque
1030 738 1109 788 artes

104 810 204 871 valere
220 812 274 869 uisi
296 810 449 870 adiuvante
470 818 580 869 natura.
614 809 801 889 Quapropter
818 814 862 889 ei,
888 815 933 872 cui
956 813 1049 872 deerit
1067 814 1108 872 in-

103 897 233 972 genium,
251 911 308 953 non
323 896 415 970 magis
436 894 633 976 haecqscripta
653 896 709 953 sint
724 913 807 973 quam
829 896 864 956 de
881 915 1015 973 agrorum
1031 895 1109 955 cultu

60 988 93 1042 at
104 978 251 1038 sterilibus
272 980 367 1037 terris.
401 979 472 1038 Sunt
496 987 525 1037 et
544 978 601 1038 alia
622 980 750 1055 ingenita
772 980 911 1057 quaedam
935 981 1107 1056 adiumenta,

103 1081 177 1139 vox,
206 1063 280 1122 latus
307 1063 419 1140 patiens
447 1062 575 1139 laboris,
604 1062 760 1138 valetudo,
794 1066 970 1139 constantia,
1000 1065 1107 1131 decom

104 1164 178 1226 qnae
206 1149 230 1205 si
251 1147 365 1206 modica
388 1146 570 1223 obtigerunt,
600 1155 723 1224 possunt
745 1149 857 1207 ratione
885 1148 1033 1227 ampliari,
1057 1148 1109 1208 sed

103 1249 305 1309 nonuunquam
320 1233 360 1290 ita
375 1230 496 1308 desum,
516 1239 546 1290 ut
563 1230 640 1291 hona
658 1232 743 1290 etiam
758 1233 865 1308 ingenii
882 1233 1027 1308 studiique
1044 1248 1108 1291 cor-

104 1324 248 1393 rumpant;
272 1317 347 1374 sicut
364 1323 393 1373 et
408 1314 482 1375 haec
497 1316 560 1393 ipsa
578 1317 640 1374 sine
657 1315 779 1374 doctore
794 1318 905 1393 perito,
929 1316 1024 1375 studio
1043 1334 1108 1393 per-

103 1402 208 1474 tinaci,
234 1397 396 1473 scribendi,
417 1398 553 1474 legendi,
577 1398 691 1458 dicendi
707 1399 796 1458 multa
815 1409 844 1458 et
867 1401 1000 1460 contiuua
1024 1416 1108 1458 exer·

105 1484 242 1542 citatione
264 1500 317 1559 per
335 1498 368 1540 se
386 1481 456 1540 nihil
472 1490 602 1560 prosunt.

169 1633 425 1696 QUEMADMODUM
444 1634 547 1684 PRIMA
566 1633 744 1684 ELEMENTA
762 1636 944 1686 TRADENDA
960 1635 1044 1689 SINT.

188 1737 211 1798 Ι.
255 1736 345 1814 Igitur
366 1745 433 1795 nato
458 1736 517 1796 lrlio
542 1746 627 1815 pater
646 1756 728 1816 spem
750 1737 786 1796 de
809 1737 860 1797 illo
883 1740 1003 1817 primum
1025 1756 1109 1816 quam

105 1824 240 1901 optimam
263 1822 373 1899 capiat,
397 1823 436 1880 ita
452 1820 619 1898 diligentior
640 1840 655 1881 a
672 1823 822 1900 principiis
843 1822 901 1880 liet
932 1821 1018 1882 Falsa
1034 1824 1109 1881 enim

106 1916 151 1967 cst
173 1905 310 1985 querela,
335 1907 516 1982 paucissimis
542 1905 702 1965 hominibus
729 1909 786 1964 vim
811 1906 1008 1984 percipiendi,
1033 1925 1107 1984 quae

105 1990 269 2065 tradantur,
286 2007 353 2048 esse
369 2006 556 2064 concessam,
579 1989 740 2068 plerosque
754 2007 827 2049 vero
843 1990 972 2049 laborem
989 2008 1023 2049 ac
1038 2000 1108 2048 tem-

105 2092 177 2154 pora
198 2074 332 2133 tarditate
355 2073 461 2150 ingenii
480 2073 616 2151 perdere.
650 2073 721 2133 Nam
737 2083 838 2134 contra
856 2074 956 2152 plnres
976 2076 1108 2152 reperias

106 2168 134 2219 et
149 2158 252 2218 laciles
268 2159 296 2215 iu
315 2158 509 2233 excogitando
527 2160 605 2219 etad
622 2158 788 2219 discendum
803 2168 964 2238 promptos.
993 2157 1108 2236 Quippe

104 2243 198 2304 idest
220 2242 326 2301 homini
348 2240 493 2310 naturale;
518 2259 552 2301 ac
573 2244 647 2302 sicut
665 2261 734 2302 aves
756 2244 792 2304 ad
817 2242 960 2317 volatum,
985 2244 1051 2320 eqni
1073 2241 1109 2301 ud

107 2344 235 2402 cursum,
257 2326 292 2385 ad
309 2327 457 2385 saevitiam
473 2325 554 2385 ierac
571 2328 741 2403 gignuntur:
768 2331 807 2387 ita
829 2327 913 2386 nobis
928 2327 1046 2405 propria
1063 2333 1109 2384 est

104 2412 206 2470 mentis
229 2411 348 2486 agitatio
371 2420 457 2488 atque
480 2410 626 2486 sollertia,
655 2412 730 2472 unde
752 2414 836 2488 origo
860 2413 944 2471 animi
968 2409 1108 2470 coelestis

78 2495 243 2562 noreditur.
283 2492 413 2554 Hebetes
437 2512 509 2552 uero
535 2503 564 2554 et
588 2495 730 2556 indociles
756 2513 813 2555 uon
838 2497 929 2571 magis
951 2493 1109 2553 secundum

105 2588 233 2639 naturam
248 2578 378 2638 homines
396 2579 518 2638 eduntur
539 2597 622 2656 quam
644 2581 813 2658 prodigiosa
829 2594 955 2655 corpora
977 2585 1006 2635 et
1027 2593 1106 2635 mou·

105 2664 172 2723 stris
194 2664 335 2739 insignia,
358 2662 411 2722 sed
432 2662 460 2721 hi
480 2665 565 2740 pauci
586 2663 745 2723 admodum.
777 2661 875 2721 Fuerit
897 2669 1105 2736 argumentum,

106 2747 183 2826 quod
202 2749 231 2807 iu
247 2748 345 2824 pueris
368 2746 465 2806 elucet
481 2765 550 2824 spes
567 2747 769 2825 plurimorum,
794 2762 950 2822 quaecum
970 2746 1108 2804 emoritur

105 2839 216 2906 aetate,
237 2830 417 2889 manifestum
440 2839 499 2906 est,
527 2848 583 2889 nou
609 2841 736 2890 naturam
756 2830 902 2889 deiecisse
925 2831 977 2890 sed
1001 2846 1106 2889 curam.

78 2922 95 2974 3
107 2914 238 2974 Praestat
252 2923 346 2973 tamen
358 2917 475 2992 iugenio
488 2915 561 2974 alius
573 2916 667 2975 alium.
685 2912 839 2983 Goucedo;
854 2914 906 2974 sed
919 2914 985 2992 plus
999 2913 1109 2972 eliciet

106 3007 153 3056 aut
174 2999 281 3066 minus;
305 3016 389 3058 neruo
411 3000 571 3078 reperitur,
596 3002 642 3078 qui
663 3001 699 3058 sit
719 3000 814 3059 studio
836 2998 904 3058 nihil
921 3005 1106 3057 consecutus.

105 3081 169 3142 Hoc
194 3083 241 3159 qui
267 3085 442 3160 perviderit,
472 3085 603 3162 protinus
626 3093 656 3143 ut
681 3085 736 3144 erit
761 3101 865 3163 parens
892 3083 985 3143 lactus
1011 3098 1108 3140 acrem

107 3184 191 3244 quam
205 3168 327 3226 maxime
346 3184 442 3226 curam
458 3169 523 3246 spei
539 3168 625 3228 luturi
645 3170 769 3229 oratoris
786 3166 940 3246 impendat.
1007 3153 1015 3178 ⁴

79 3257 96 3308 4
189 3249 266 3308 Ante
282 3253 426 3311 omniane
442 3253 478 3311 sit
489 3253 611 3311 vitiosus
625 3269 721 3311 sermo
735 3251 905 3326 nutricibus,
921 3267 992 3328 quas
1008 3249 1108 3307 silleri

106 3341 209 3412 posset
227 3335 374 3412 sapientes
396 3333 577 3413 Chrysippus
597 3337 721 3414 optavit,
742 3345 823 3395 certe
845 3342 980 3412 quantum
993 3351 1042 3394 res
1058 3350 1108 3412 pa·

107 3425 218 3477 teretur
237 3421 359 3498 optimas
379 3420 447 3497 eligi
468 3419 570 3478 voluit.
608 3418 645 3478 Et
662 3435 770 3479 morum
791 3419 905 3498 quidem
925 3420 954 3479 in
974 3419 1019 3479 his
1034 3417 1108 3477 haud
