2566 4026
194 165 252 226 162
499 180 535 227 u.
558 178 637 226 uas.
661 178 882 238 qusurmrnru

192 341 325 412 quantum
345 331 380 391 ab
403 332 461 392 illis
481 341 588 392 tantum
609 332 644 391 ab
666 332 785 393 Horatio
806 333 961 410 dissentio,
989 337 1038 413 qui
1059 335 1205 399 Lucilium

188 415 286 496 fluere
307 417 483 478 lutulentum
507 425 536 475 et
556 435 624 477 essa
639 419 774 494 aliquid,
799 419 880 494 quod
895 420 999 479 tollere
1011 423 1133 498 possis,
1151 441 1205 501 pu·

189 510 239 562 tat.
280 499 352 560 Nam
368 499 490 559 eruditio
512 501 540 559 in
555 517 591 559 eo
604 501 674 559 mira
691 510 719 560 et
735 500 854 560 libertas
867 509 954 579 atque
969 502 1036 563 inde
1053 505 1205 566 acerbitas

189 594 219 645 et
243 583 415 644 abundantia
440 584 519 644 salis.
566 583 686 644 lllultum
715 593 760 643 est
786 586 893 644 tersior
920 602 954 645 ac
986 604 1075 664 purus
1107 592 1205 668 magis

188 669 363 729 Horatius
391 677 436 743 et,
458 685 515 727 non
537 667 620 728 labor
643 669 705 727 eius
723 686 838 744 amore,
860 670 1048 748 praecipuus.
1079 670 1205 733 Multum

189 763 218 812 et
233 770 322 812 verae
338 752 451 830 gloriae
473 753 603 830 quamvis
626 769 683 811 nno
706 751 780 812 libro
800 752 953 813 Persius
974 756 1089 814 meruit.
1129 758 1204 816 Sunt

144 837 259 902 boclari
278 836 424 914 hodieque
441 844 470 895 et
487 837 535 914 qui
552 836 620 896 olim
631 835 859 896 nominabuntur.
886 835 1018 897 Alterum
1030 837 1103 898 illud
1115 843 1204 900 etiam

187 921 266 999 prius
285 921 391 979 satirae
407 938 500 997 genus
516 919 569 980 sed
592 938 649 980 uon
665 920 729 980 sola
751 922 905 980 carminum
921 921 1064 981 varietate
1081 925 1203 983 mixtum

188 1003 315 1063 condidit
331 1002 533 1063 'l'erentius
548 1003 681 1079 Varro,
707 1005 751 1063 vir
767 1002 962 1064 Romanorum
978 1006 1201 1067 eruditissimus.

186 1087 328 1148 Plurimos
350 1087 397 1146 hic
421 1088 512 1147 libros
538 1097 567 1147 et
591 1087 775 1147 doctissimos
804 1090 984 1166 composuit,
1006 1091 1202 1167 peritissimus

186 1172 303 1248 linguae
328 1171 445 1231 Latinae
470 1181 499 1231 et
529 1173 620 1232 omnis
647 1172 822 1249 antiquitatis
849 1180 879 1230 et
904 1190 1000 1231 rerum
1023 1171 1202 1234 Graecarum

185 1265 418 1333 nostrarumque,
436 1255 502 1334 plus
519 1264 614 1315 tamen
629 1256 769 1315 scientiae
781 1254 940 1315 collaturus
957 1274 1041 1333 quam
1058 1257 1201 1336 eloquen-

143 1341 253 1406 96tiae.
292 1338 436 1400 Iambus
460 1356 518 1399 non
543 1357 613 1399 sane
635 1356 652 1398 a
673 1337 809 1398 Romanis
832 1338 997 1399 celebratus
1020 1350 1113 1400 estut
1131 1359 1201 1420 pro·

185 1425 278 1502 prium
299 1440 390 1502 opus,
413 1422 582 1502 quibusdam
605 1423 809 1501 interpositum
831 1423 911 1482 cuius
928 1423 1073 1483 acerbitas
1088 1426 1118 1483 in
1135 1423 1201 1485 Ga-

185 1508 301 1582 tullo,
322 1507 521 1584 Bibaculo,
538 1506 712 1581 Horatio,
738 1523 898 1584 quanquam
918 1505 961 1566 illi
979 1507 1092 1585 epodos
1110 1508 1200 1569 inter-

184 1593 299 1665 veniat,
323 1592 497 1669 repcrietur.
534 1591 572 1650 At
594 1590 811 1666 Lyricorum
832 1589 907 1648 idem
931 1589 1111 1650 Horatius
1135 1592 1200 1652 iere

185 1675 266 1734 solus
284 1673 343 1751 legi
361 1673 475 1751 dignus.
513 1673 585 1734 Nam
608 1683 637 1734 et
658 1674 780 1750 insurgit
804 1672 958 1750 aliquando
986 1683 1016 1733 et
1031 1675 1137 1752 plenus
1154 1687 1200 1736 est

185 1756 368 1817 iucunditatis
392 1766 421 1818 et
441 1759 552 1835 gratiae
575 1767 604 1817 et
623 1759 712 1818 variis
735 1757 835 1834 liguris
857 1766 886 1816 et
912 1757 1010 1817 verbis
1026 1757 1199 1819 felicissirne

149 1912 152 1919 Ι
186 1840 289 1901 audax.
329 1841 360 1900 Si
384 1858 469 1919 quem
490 1841 617 1901 adiicere
635 1842 726 1915 velis,
748 1842 773 1899 is
790 1842 844 1901 erit
861 1838 1018 1900 Caesius
1036 1841 1197 1919 Bassus,

186 1942 271 2002 quem
287 1925 528 2002 nupervidimns;
552 1923 605 1984 sed
631 1943 695 1984 eum
717 1925 806 2002 longe
828 1924 1007 2002 praecedunt
1024 1926 1140 2002 ingenia
1155 1929 1197 1986 vi·

142 2009 319 2068 caventium.
355 2005 596 2085 Tragoediae
619 2011 781 2087 scriptores
801 2017 932 2067 veterum
952 2008 1081 2067 Attius
1109 2019 1198 2087 atque

184 2092 363 2153 Pacuvius
385 2092 537 2152 clarissimi
551 2094 695 2171 gnaritate
709 2093 930 2167 sententiarum,
952 2091 1108 2151 verborum
1124 2111 1197 2171 pon·

185 2177 271 2246 dere,
296 2178 468 2236 auctoritate
491 2193 690 2254 personarum.
727 2171 862 2235 Ceterum
881 2177 957 2235 nitor
982 2184 1011 2234 et
1034 2194 1143 2237 summa
1168 2179 1197 2236 in

185 2259 356 2320 excolendis
381 2260 520 2338 operibus
547 2277 646 2320 manus
668 2260 758 2336 magis
781 2258 874 2318 videri
896 2267 994 2337 potest
1013 2261 1197 2336 temporibus

185 2359 269 2423 quam
282 2344 354 2422 ipsis
373 2345 513 2404 dcluisse.
552 2343 662 2403 Vinium
684 2351 778 2402 tamen
794 2341 873 2402 Attio
890 2343 956 2420 plus
972 2341 1120 2411 tribuitur;
1143 2345 1195 2404 Pa·

184 2430 297 2488 cuvium
318 2429 410 2488 videri
435 2427 612 2502 doctiorem,
637 2427 774 2503 quiesse
799 2426 877 2485 docti
899 2426 1053 2501 affectant,
1080 2426 1193 2487 volunt.

141 2511 241 2573 981am
262 2511 367 2571 Varii
391 2511 535 2586 Thyestes
559 2509 678 2570 cuilibet
704 2509 877 2569 Graecarum
899 2511 1060 2587 comparari
1082 2519 1193 2588 potest.

184 2593 306 2656 Ovidii
323 2593 427 2654 Medea
442 2595 555 2654 videtur
567 2593 633 2653 mibi
648 2592 814 2668 ostendere,
834 2602 968 2670 quantum
981 2593 1032 2652 ille
1046 2595 1091 2653 vir
1109 2612 1194 2672 prae·

183 2687 262 2738 stare
279 2679 424 2756 potuerit,
447 2680 472 2737 si
495 2679 611 2754 ingenio
632 2693 685 2736 suo
708 2678 851 2754 imperare
868 2693 951 2753 quam
967 2677 1119 2754 indulgere
1135 2697 1194 2739 ma·

182 2763 294 2822 luisset.
332 2760 440 2820 Eorum
463 2779 536 2840 quos
557 2760 677 2820 viderim
700 2760 788 2837 longe
811 2761 948 2839 princeps
970 2760 1194 2839 Pomponius

183 2845 393 2921 Secundus,
414 2863 499 2923 quem
518 2862 606 2905 senes
628 2843 742 2922 quidem
762 2862 862 2922 parum
885 2845 1026 2921 tragicum
1041 2845 1192 2922 putabant,

139 2936 175 2993 99
183 2930 345 2989 eruditione
360 2947 395 2989 ac
410 2931 503 2989 nitore
519 2937 669 3008 praestare
686 2927 905 2987 confitebantur.
941 2926 973 2986 ln
1000 2929 1193 2989 comoedia

183 3015 308 3073 maxime
330 3012 537 3088 claudicamus,
555 3013 624 3072 licet
638 3010 732 3071 Varro
748 3009 870 3088 Musas,
892 3010 970 3071 Aelii
989 3011 1109 3071 Stilonis
1125 3031 1192 3072 sen-

183 3098 288 3173 tentia,
311 3095 451 3159 Plautino
473 3097 550 3158 dicat
562 3115 701 3158 sermome
719 3098 877 3158 locuturos
895 3095 1009 3174 fuisse,
1036 3095 1066 3155 si
1080 3093 1194 3158 Latine

183 3182 265 3259 loqui
291 3181 418 3256 cellcul,
448 3181 517 3241 licet
544 3179 746 3241 Caecilium
778 3187 897 3239 veteres
925 3177 1056 3238 laudibus
1084 3178 1191 3257 ierant,

185 3263 255 3322 licet
273 3262 440 3325 Terentii
463 3267 571 3343 scripta
593 3263 629 3324 ad
645 3264 810 3341 Scipionem
826 3261 993 3323 Africanum
1007 3261 1189 3332 referentum

184 3364 258 3423 quae
275 3356 370 3406 tamen
391 3357 456 3408 sunt
477 3350 504 3408 in
528 3349 585 3408 hoc
603 3365 713 3425 genere
734 3347 949 3425 elegantissima
971 3355 1000 3405 et
1013 3345 1079 3423 plus
1096 3346 1191 3406 adhuc

143 3429 330 3493 loohabitura
351 3432 478 3509 gratiae,
505 3433 530 3491 si
556 3433 628 3492 intra
645 3448 748 3490 versus
769 3434 915 3493 trimetros
937 3431 1096 3490 stetissent.
1132 3430 1192 3490 Vix
