2566 4026
235 164 293 225 122
556 179 917 239 n.rne.ournu1n1nu1

232 330 411 416 quomodo?
432 335 460 392 in
472 333 560 392 rebus
578 335 789 409 coniecturam,
808 334 885 411 quod
903 325 963 394 κατ’
976 336 1119 412 αἴσθησιν
1135 347 1232 413 vocat,

232 429 261 479 et
276 418 457 496 qualitatem,
482 425 511 476 et
527 417 701 492 linitionem,
726 420 771 477 cui
787 434 891 476 nornen
907 418 954 479 dat
970 407 1033 479 κατ’
1049 418 1182 498 ἔννοιαν,
1205 431 1232 480 et

231 503 266 563 ad
287 500 403 579 aliquid.
441 499 524 561 Unde
547 511 576 560 et
597 501 647 561 illa
670 500 772 561 divisio
798 509 859 577 cst,
884 501 940 562 alia
962 520 1029 561 esse
1051 504 1160 581 scripta
1178 505 1233 564 alia

188 587 378 663 38inscripta.
418 581 524 644 Celsus
542 582 696 644 Cornelius
719 585 791 644 duos
812 586 926 664 etipse
947 587 1018 646 lecit
1036 596 1127 647 status
1143 604 1232 663 gene·

229 670 326 744 rales,
355 686 390 728 an
416 665 473 728 sit?
503 669 589 746 quale
616 665 673 728 sit?
700 669 793 729 Priori
818 667 943 730 subiecit
964 671 1138 747 linitionem,
1168 675 1232 751 quia

230 771 323 832 aeque
345 760 517 830 quaeratur,
541 771 576 812 an
597 754 634 812 sit
657 753 835 830 sacrilegus,
859 756 907 831 qui
931 755 1001 814 nihil
1022 772 1055 814 se
1078 757 1232 816 sustulisse

229 839 266 900 de
283 836 392 915 templo
415 837 499 912 dicit,
525 838 619 915 etqui
640 838 780 916 privatam
799 839 951 916 pecuniam
968 839 1123 899 confltetur
1138 850 1232 900 sustu-

229 922 310 981 lisse.
349 919 523 994 Qualitatem
544 922 572 980 in
588 939 649 980 rem
668 930 696 981 et
714 923 852 999 scriptum
868 921 978 982 dividit.
1016 923 1132 1002 scripto
1152 935 1231 1002 quat·

229 1015 294 1065 tuor
321 1014 419 1083 partes
442 1004 575 1082 legales,
605 1005 725 1064 exclusa
749 1005 955 1074 translatione;
990 1009 1177 1084 quantitatem
1204 1019 1232 1067 et

185 1091 331 1161 asmentia
354 1090 552 1166 quaestionem
575 1091 761 1150 coniecturae
784 1088 917 1149 subiecit.
955 1089 1009 1149 Est
1025 1092 1110 1151 etiam
1126 1092 1183 1151 alia
1203 1095 1223 1150 ia

228 1172 468 1237 duos-dividendi
493 1183 583 1232 status
605 1174 695 1249 ratio,
721 1191 794 1251 quae
818 1172 921 1250 docet,
945 1183 993 1234 aut
1014 1174 1050 1234 de
1072 1176 1231 1235 substantia

229 1258 458 1320 controversiam
472 1275 550 1334 esse,
568 1266 616 1317 aut
629 1257 665 1317 de
682 1257 834 1334 qualitatc;
852 1259 945 1336 ipsam
959 1275 1049 1337 porro
1066 1259 1231 1337 qualitatem

184 1353 275 1411 4oaut
295 1346 324 1403 in
346 1358 455 1402 summo
477 1359 588 1418 genere
612 1343 773 1401 consistere
796 1343 891 1401 autin
914 1342 1148 1403 succedentibus.
1185 1343 1231 1403 De

228 1427 386 1487 substantia
411 1434 457 1486 est
478 1427 654 1485 coniectura.
695 1424 836 1498 Quaestio
862 1427 937 1485 enim
959 1435 1098 1486 tractatur
1119 1428 1178 1502 rei,
1197 1446 1232 1486 an

226 1511 303 1570 lacta
327 1507 384 1570 siti
412 1527 448 1570 an
469 1507 538 1569 ilat?
566 1527 602 1569 an
628 1511 722 1570 futura
749 1506 807 1568 siti
834 1511 977 1570 interdurn
1004 1512 1089 1571 etiam
1111 1513 1230 1579 mentis;

227 1594 314 1672 idque
340 1593 459 1670 melius,
490 1610 573 1672 quam
596 1594 674 1672 quod
697 1595 731 1653 iis
755 1593 881 1673 placuit,
906 1596 955 1672 qui
981 1604 1085 1655 statum
1109 1595 1231 1655 eundem

227 1677 296 1737 facti
311 1679 547 1753 nominaverunt,
569 1687 703 1756 tanquam
723 1677 759 1738 de
774 1679 934 1756 praeterito
952 1687 1059 1738 tantum
1080 1688 1109 1739 et
1125 1688 1230 1738 tautum

183 1773 216 1826 tl
228 1761 264 1820 de
284 1761 362 1821 facto
386 1771 584 1840 quaereretur.
623 1762 692 1821 Pars
711 1762 875 1840 qualitatis,
901 1780 976 1841 quae
997 1771 1043 1822 est
1062 1763 1098 1823 de
1121 1778 1230 1821 summo

226 1863 347 1922 genere,
366 1862 432 1905 raro
449 1848 477 1905 in
493 1847 627 1906 iudicium
639 1847 728 1922 venit,
746 1846 832 1924 quale
849 1854 905 1922 cst,
923 1849 997 1908 idme
1010 1849 1050 1907 sit
1063 1848 1229 1922 humectum,

228 1932 311 2007 quod
331 1931 420 2007 culpo
441 1931 610 2000 laudatam
638 1931 856 1990 succedentium
879 1938 974 1989 autem
996 1931 1071 1991 aliae
1094 1930 1131 1990 de
1153 1947 1229 1989 com·

226 2015 301 2073 muni
319 2014 532 2093 appellatione,
555 2023 587 2075 ut
607 2017 686 2076 sitae
706 2015 894 2091 sacratoque,
917 2016 970 2092 qui
984 2017 1151 2093 pecuniam
1165 2016 1230 2092 pri·

225 2106 329 2159 vatam
351 2117 391 2160 em
413 2099 522 2177 templo
540 2100 666 2178 furatus
689 2101 756 2159 est?
782 2107 830 2158 aut
850 2097 886 2156 de
908 2116 941 2157 re
963 2099 1159 2173 denominata,
1182 2097 1230 2156 ubi

228 2190 256 2240 et
270 2181 377 2241 iactum
393 2199 461 2242 esse
479 2191 588 2242 certum
605 2191 650 2242 est
665 2201 720 2242 nec
740 2182 900 2256 dubitatur,
925 2181 993 2259 quid
1014 2183 1067 2258 sit,
1092 2182 1168 2260 quod
1188 2180 1230 2239 fa-

228 2274 304 2324 ctum
320 2274 374 2324 est.
411 2263 463 2326 Oui
481 2265 631 2326 subiacent
649 2284 748 2326 omnes
765 2266 801 2326 de
816 2266 964 2340 honestis,
987 2266 1087 2342 iustis,
1111 2265 1230 2324 utilibus

184 2361 218 2417 42
229 2350 425 2427 quaestiones.
464 2349 514 2410 llis
533 2352 617 2411 etiam
634 2353 725 2410 ceteri
740 2359 833 2410 status
849 2351 989 2409 contineri
1006 2349 1148 2425 dicuntur,
1164 2351 1230 2427 quia

228 2442 257 2492 et
273 2435 414 2511 quantitas
431 2435 517 2495 modo
535 2434 571 2495 ad
586 2438 783 2497 coniecturam
798 2433 957 2507 referatur,
980 2442 1011 2492 ut
1026 2432 1166 2495 maiorue
1185 2434 1231 2494 sol

227 2533 318 2596 quam
333 2521 441 2579 terro?
459 2519 546 2579 modo
561 2519 596 2579 ad
612 2520 787 2598 qualitatem,
805 2516 929 2590 Quanto
940 2537 1043 2597 poema
1058 2518 1229 2596 quempiam

227 2610 377 2680 quantove
394 2606 534 2680 praemio
553 2605 592 2664 sit
613 2604 700 2682 affici
720 2605 856 2664 iustum?
879 2611 908 2662 et
925 2601 1075 2661 translatio
1094 2608 1228 2659 versetur

185 2688 306 2752 43circa
324 2685 508 2764 qualitatem,
532 2695 561 2747 et
583 2687 711 2747 delinitio
733 2705 801 2765 pars
824 2689 862 2746 sit
882 2686 1092 2751 translationis;
1115 2685 1182 2762 quin
1199 2690 1228 2741 et

228 2771 391 2831 contrariae
408 2771 492 2847 leges
514 2780 543 2830 et
560 2773 775 2831 ratiocinativus
790 2780 897 2847 status,
918 2769 946 2829 id
968 2777 1012 2828 est
1027 2768 1227 2846 syllogismos,

228 2862 258 2914 et
273 2853 444 2933 plerumque
459 2857 560 2934 scripti
575 2864 604 2914 et
619 2856 775 2915 voluntatis
796 2871 891 2934 aequo
907 2855 1046 2922 nitantur;
1066 2853 1136 2931 (nisi
1151 2850 1229 2930 qnod

226 2938 274 2997 hie
290 2940 391 2998 tertius
408 2939 562 3017 aliqnando
579 2941 776 3000 coniecturam
789 2940 912 3017 accipit,
930 2938 997 3016 quid
1013 2938 1138 2997 senserit
1152 2936 1229 3013 legis

228 3024 421 3103 constitutor)
453 3022 668 3100 ambiguitatem
693 3041 765 3082 vcro
794 3041 910 3102 semper
940 3022 1108 3082 coniectura
1136 3019 1227 3098 expli·

228 3107 288 3163 cari
303 3123 429 3166 necesse
445 3108 497 3183 sit,
519 3109 601 3186 quia,
621 3126 684 3167 cum
702 3109 738 3167 sit
752 3107 951 3183 manufestum,
974 3105 1130 3166 verborum
1144 3103 1215 3164 intel

226 3187 333 3247 lectum
350 3208 418 3250 esse
433 3190 594 3269 duplicem,
617 3191 653 3252 dc
670 3191 734 3251 sola
753 3193 900 3270 quaeritur
915 3191 1075 3251 voluntate.
1245 3199 1247 3203 ’

184 3277 220 3331 44
312 3269 483 3350 Aplurimis
502 3284 578 3335 tres
601 3284 666 3334 sunt
680 3276 750 3336 iacti
765 3274 921 3353 generales
945 3283 1055 3350 status,
1079 3273 1182 3352 quibus
1200 3281 1229 3331 et

228 3350 334 3413 Cicero
349 3357 378 3414 in
394 3355 519 3418 Oratore
537 3360 640 3436 utitur,
663 3369 692 3419 et
714 3361 823 3437 omnia,
846 3376 921 3438 quac
941 3360 1037 3418 autin
1058 3367 1228 3418 controver-

228 3437 299 3497 siam
320 3448 368 3499 aut
388 3442 416 3499 in
434 3444 650 3503 contentionem
667 3445 799 3520 veniant,
824 3444 966 3504 contineri
981 3451 1080 3521 putat,
1103 3437 1229 3502 Sitne?
