2566 4026
367 168 828 262 '‘rusr.osnron.r.m.x1,o.
1056 180 1118 242 229

118 355 231 433 legere.
261 351 392 431 Namque
408 353 437 411 in
451 351 496 412 his
509 349 640 410 omnibus
657 358 687 409 et
701 350 745 408 vis
760 348 810 409 illa
826 348 941 409 dicendi
957 349 1078 409 solvitur
1092 359 1121 410 et
1128 359 1178 415 133

118 438 251 515 frigescit
273 436 395 496 allectus
414 444 443 495 et
466 435 554 495 iudex
575 451 676 512 parum
693 432 749 492 sibi
772 434 915 511 praestari
934 435 1119 494 reverentiae

119 522 221 582 credit.
260 520 395 581 Transire
422 521 450 578 in
476 519 592 579 diversa
616 516 771 594 subsellia,
798 534 898 594 parurn
922 516 1119 576 verecundum

118 613 172 665 est.
205 602 279 663 Nam
299 613 329 664 et
351 601 468 663 Cassius
491 603 619 663 Severus
640 600 751 661 urbane
774 600 915 660 adversus
937 599 995 660 boc
1010 598 1119 661 iacien-

116 698 175 749 tem
191 688 282 747 lineas
298 687 443 766 poposcit.
470 685 508 746 itt
523 687 548 745 si
562 684 715 763 aliquando
733 684 877 744 concitate
891 685 961 744 itur:
978 700 1120 761 nunquam

116 790 175 832 non
189 771 294 848 frigide
309 770 428 831 reditur.
456 768 573 830 lllultum
590 787 628 828 ex
642 769 688 844 iis,
704 786 780 847 quae
797 767 1002 846 praecipimus,
1019 767 1120 826 mutari
1129 771 1179 825 134

116 872 243 916 neccsse
260 864 305 914 est
325 853 361 914 ab
379 855 431 930 iis,
454 855 503 933 qui
524 853 621 913 dicunt
635 852 711 931 apud
726 850 889 911 tribunalia.
921 849 994 911 Nam
1012 859 1041 910 et
1057 850 1119 911 rul-

116 948 163 1000 tns
179 939 322 1014 erectior,
338 947 369 998 nt
385 956 465 1014 eum,
485 936 560 1016 apud
576 953 663 1016 quem
678 935 795 1012 dicitur,
812 944 943 1014 speotet;
961 943 990 994 et
1004 942 1119 1012 gestus,

114 1033 146 1082 ut
161 1023 198 1083 ad
214 1022 337 1083 eundern
352 1021 491 1097 tendens,
508 1021 613 1081 elatior
627 1021 678 1096 sit,
694 1037 820 1079 necesse
837 1028 896 1088 est;
914 1028 943 1079 et
958 1018 1025 1093 alia,
1045 1035 1120 1099 quae

116 1124 275 1167 occurrere
297 1107 384 1165 etiam
406 1124 452 1165 me
474 1112 591 1165 tacente
614 1103 746 1164 omnibus
767 1112 899 1181 possunt.
930 1103 1062 1182 ltemqne
1083 1100 1120 1162 ab

113 1192 167 1266 fis,
192 1190 241 1269 qui
260 1190 400 1249 sedentes
425 1197 520 1266 agent.
551 1186 625 1249 Nam
641 1196 670 1247 et
684 1188 748 1247 iere
764 1187 795 1247 lit
808 1187 908 1257 hocin
922 1186 1012 1247 rebus
1029 1186 1119 1245 mino·

115 1272 213 1348 ribus,
236 1282 265 1332 et
279 1272 368 1333 iidem
386 1274 510 1351 impetus
526 1273 649 1333 actionis
665 1289 733 1331 esse
750 1289 808 1331 nou
822 1279 961 1349 possunt,
985 1278 1014 1329 et
1030 1287 1119 1349 qnae·

116 1357 181 1417 dam
195 1357 264 1417 vitia
280 1357 349 1417 liunt
363 1356 541 1417 necessaria.
565 1355 637 1417 Nam
652 1364 682 1416 et
697 1355 802 1416 dexter
816 1373 871 1434 pes
887 1374 903 1416 a
918 1355 1003 1415 laeva
1018 1353 1178 1415 iudicis135

116 1441 231 1501 sedenti
246 1441 440 1518 proferendus
462 1449 523 1516 est,
548 1450 577 1500 et
595 1458 632 1500 ex
649 1439 740 1500 altera
756 1448 840 1517 parte
854 1439 934 1499 multi
951 1446 1053 1516 gestus
1068 1455 1118 1497 ne·

117 1542 203 1584 cesse
221 1525 310 1584 estin
330 1525 474 1584 sinistrum
490 1534 571 1600 eant,
595 1532 626 1583 ut
650 1523 685 1584 ad
707 1523 831 1583 iudicem
853 1531 997 1602 spectent.
1030 1521 1119 1600 Equi-

115 1608 181 1668 dem
201 1607 362 1688 plercsque
384 1616 413 1668 ct
433 1608 469 1669 ad
491 1607 619 1685 singulas
641 1608 847 1668 sententiarum
871 1606 1016 1668 clausulas
1029 1605 1118 1665 video

116 1700 304 1766 assurgentes
328 1701 357 1751 et
380 1692 535 1753 nonnullos
562 1690 685 1752 subinde
706 1691 814 1770 aliquid
838 1692 923 1752 etiam
946 1690 1117 1769 spatiantes,

116 1775 194 1854 quod
210 1793 245 1834 an
263 1775 384 1853 deceat,
406 1777 461 1855 ipsi
476 1777 616 1844 viderint;
641 1794 704 1836 cum
720 1775 748 1835 id
764 1775 886 1852 iaciunt,
907 1792 965 1835 non
980 1773 1118 1834 sedentes

115 1865 210 1935 agunt.
248 1858 356 1920 Bibere
377 1869 425 1921 ant
446 1862 532 1921 etiam
553 1878 621 1920 esse
645 1861 720 1920 inter
742 1859 901 1937 agendum,
924 1858 1002 1940 qnod
1023 1857 1178 1920 multis136

113 1943 201 2001 moris
227 1942 279 2003 luit
299 1952 328 2003 et
349 1953 394 2003 est
416 1944 602 2023 quibusdam,
625 1944 661 2005 ab
686 1953 803 2005 oratore
823 1961 890 2004 meo
911 1942 1016 2023 procul
1032 1941 1117 2004 absit.

113 2024 186 2084 Nam
202 2027 226 2084 si
243 2027 305 2104 quis
323 2026 409 2086 aliter
424 2028 539 2087 dicendi
555 2045 644 2088 onera
660 2027 795 2105 perferre
810 2044 869 2087 non
883 2028 988 2108 possit,
1006 2027 1119 2086 nonita

113 2108 250 2166 miserum
267 2116 313 2166 est
330 2126 387 2167 non
410 2127 500 2185 agere
522 2112 676 2188 potiusque
698 2110 788 2170 multo
811 2128 896 2188 quarn
918 2119 947 2170 et
968 2110 1068 2189 operis
1090 2117 1119 2167 et

114 2190 259 2249 hominnm
276 2199 470 2268 contemptum
487 2192 589 2251 lateri.

201 2270 333 2333 Cultus
356 2292 414 2334 uon
435 2283 480 2334 est
501 2276 638 2353 proprius
653 2275 776 2335 oratoris
794 2275 897 2352 aliquis
912 2276 966 2335 scd
983 2275 1075 2350 magis
1091 2274 1176 2331 insat

115 2365 233 2418 oratore
256 2359 444 2437 conspicitur.
480 2357 578 2431 Quare
595 2359 647 2435 sit,
673 2367 703 2418 ut
725 2357 858 2419 omnibus
878 2357 1008 2417 honestis
1030 2354 1119 2416 debet

115 2460 198 2517 esse,
216 2441 386 2521 splendidus
402 2451 432 2503 et
446 2442 548 2501 virilis.
580 2440 653 2502 Nam
670 2451 700 2502 et
714 2450 784 2520 toga
802 2450 831 2501 et
847 2440 966 2501 calceus
982 2449 1011 2500 et
1027 2440 1118 2518 capil-

113 2526 159 2586 lus
186 2533 243 2586 tam
267 2528 352 2588 nimia
380 2546 449 2588 cura
468 2545 552 2606 quarn
577 2526 756 2605 negligentia
779 2534 844 2585 sunt
864 2524 1117 2604 reprehendenda.

113 2608 167 2669 Est
182 2609 290 2688 aliquid
306 2614 334 2670 in
349 2613 465 2688 amictu,
482 2611 560 2690 quod
575 2613 668 2691 ipsum
680 2611 862 2690 aliquatenus
873 2618 1036 2688 temporum
1050 2625 1117 2696 cqu-

115 2693 230 2755 dicione
251 2705 386 2756 mutatum
409 2705 463 2756 est.
498 2693 572 2756 Nam
593 2695 744 2756 veteribus
764 2694 835 2754 nulli
859 2695 954 2770 siuns,
976 2709 1118 2773 perquam

113 2777 221 2837 breves
243 2788 311 2857 post
331 2779 399 2839 illos
420 2781 545 2840 fuerunt.
581 2779 683 2858 ltaque
705 2780 791 2840 etiam
813 2787 899 2856 gestu
921 2795 1046 2837 necesse
1073 2780 1176 2835 est138

113 2878 184 2921 usos
211 2880 279 2922 esse
302 2864 331 2923 in
353 2864 503 2943 principiis
527 2881 580 2923 eos
607 2863 682 2940 alio,
709 2880 831 2942 quorum
852 2860 1016 2936 brachium,
1043 2861 1118 2920 sicut

114 2943 308 3023 Graecorum,
335 2956 420 3007 veste
448 2947 658 3008 continebatur.
695 2947 753 3007 Sed
776 2963 831 3007 nos
854 2944 891 3005 de
912 2943 1117 3025 praesentibus

113 3027 266 3106 loquimur.
303 3028 356 3091 Cui
371 3031 422 3091 lati
438 3030 513 3091 clavi
528 3031 572 3090 ius
586 3048 644 3090 ucn
660 3031 724 3108 erit,
742 3032 781 3091 ita
797 3031 939 3106 cingatur,
955 3039 986 3090 nt
1002 3029 1117 3088 tunicae

114 3112 260 3188 prioribus
284 3117 344 3174 oris
359 3115 433 3176 inira
449 3132 543 3192 genua
560 3115 691 3193 paulum,
715 3113 927 3193 posterioribus
948 3113 984 3175 ad
1003 3111 1117 3173 medios

114 3194 242 3271 poplites
262 3216 355 3276 usque
376 3200 557 3277 perveniant.
590 3198 663 3260 Nam
685 3199 760 3259 inira
776 3199 927 3259 mulierum
944 3206 1005 3274 est,
1029 3213 1117 3275 snpra

114 3281 323 3340 centurionum.
357 3281 396 3342 Ut
417 3277 544 3361 purpura
566 3291 649 3344 recte
672 3283 848 3358 descendat,
874 3283 949 3343 levis
970 3300 1039 3342 cura
1056 3285 1175 3348 est;139

112 3369 228 3422 notatur
252 3366 365 3425 interim
384 3367 572 3444 negligentia.
604 3366 704 3428 Latum
730 3367 897 3429 habentium
923 3366 1036 3427 clarum
1054 3381 1116 3425 mc-

112 3443 165 3505 dus
184 3455 245 3526 est,
269 3456 299 3506 nt
320 3451 356 3510 sit
372 3450 488 3530 paulurn
505 3451 605 3511 cinctis
624 3453 812 3512 summissior.
844 3450 940 3532 lpsam
955 3460 1054 3529 togam
1068 3467 1116 3510 ro·
