2566 4026
213 121 272 183 116
526 129 907 215 unamquruummuq

207 291 352 371 portibus
372 296 516 368 spectans
538 288 583 348 ud
598 287 803 364 quaestionem
809 309 822 356 ,·
845 295 907 346 aut:
933 283 1039 349 Cornan
1059 295 1104 350 est
1124 307 1213 366 neqo-

211 377 300 450 tr'nm,
325 376 413 434 cuim
430 373 502 452 finis
520 379 564 433 est
582 372 801 433 controuersia.
836 369 932 448 lpsum
949 370 1053 431 deinde
1069 376 1216 448 negotium

211 462 254 518 sic
269 459 344 518 linit:
367 455 526 536 Nepotinm
547 465 592 517 eet
610 455 807 535 conpreqote‘o
825 473 1047 533 personarum,
1071 457 1217 534 locorum,

211 557 394 622 temporum,
417 559 601 617 cuneorum,
620 541 794 615 modorum,
816 558 960 613 cunnum,
979 541 1151 618 factorum,
1170 544 1218 603 r'n-

210 635 465 698 strumentorum,
486 643 676 701 sermonum,
695 625 882 703 scriptorum
900 630 929 686 et
942 643 1003 686 non
1022 628 1218 705 scriptorum.

168 709 336 774 lssGausam
362 729 437 769 nunc
459 709 654 785 intelligamus
676 701 839 784 ὑπόθεσιν,
868 710 1016 786 negotium
1038 711 1218 791 περίστασιν.

211 795 270 855 Sed
293 805 321 853 et
337 797 428 873 ipsam
447 811 563 853 causam
579 792 694 871 quidam
716 792 848 851 similiter
871 793 1019 869 linierunt,
1040 804 1071 852 ut
1094 795 1218 874 Apollo-

211 879 298 938 dorus
315 880 472 956 negotium.
506 877 653 937 Isocrates
670 886 765 936 autem
784 894 898 935 causam
923 895 990 937 esse
1013 879 1052 936 ait
1068 881 1219 956 quaestio-

210 983 278 1024 nem
301 963 419 1041 placitum
445 963 564 1023 ciuilem
586 970 641 1022 unt
665 979 769 1024 rerum
791 964 1030 1023 controuersiam
1055 965 1087 1023 in
1106 984 1219 1042 perso-

209 1067 321 1109 narum
334 1047 490 1125 fimturnm
502 1046 681 1124 completum·
698 1043 804 1104 Cicero
818 1044 862 1104 his
875 1045 989 1105 verbis:
1007 1043 1112 1109 Canen
1126 1051 1218 1109 certis

206 1135 367 1212 personis,
384 1132 474 1208 lucie,
496 1131 697 1210 temporibus,
717 1130 907 1206 actionibus,
924 1131 1052 1208 neqotn'a
1068 1134 1216 1207 cernitur,

210 1225 265 1277 aut
283 1217 315 1276 r‘n
336 1216 475 1277 onrrtons
497 1224 551 1277 ant
567 1216 599 1275 in
619 1215 776 1293 plerisque
797 1233 911 1275 eornm.

534 1367 623 1426 QUID
647 1368 707 1418 SIT
732 1366 893 1419 STATUS.

294 1464 344 1523 Vl.
382 1464 463 1542 Ergo
488 1483 551 1524 cum
574 1467 665 1524 omnis
689 1482 776 1524 causa
802 1466 983 1524 contineatur
1006 1465 1103 1542 aliquo
1130 1475 1216 1542 statu,

211 1551 379 1627 priusquam
396 1547 495 1608 dicere
512 1549 686 1626 aggredior,
711 1566 767 1626 quo
785 1549 871 1608 modo
888 1567 980 1626 genus
997 1549 1134 1627 quodque
1152 1569 1217 1609 caar-

211 1646 262 1692 s'ae
286 1635 323 1691 sit
345 1633 539 1693 tractandum:
562 1633 590 1692 id
613 1633 690 1711 quod
713 1642 758 1692 est
779 1650 931 1692 commune
957 1633 1104 1709 omnibus,
1131 1635 1216 1713 quid

211 1718 260 1776 sit
281 1725 400 1776 status
424 1726 453 1776 et
475 1717 569 1777 unde
589 1717 747 1777 ducatur
768 1726 797 1776 et
819 1725 911 1795 quot
934 1725 963 1777 et
983 1718 1042 1795 qui
1063 1721 1152 1794 sint,
1176 1721 1216 1776 in-

210 1800 347 1860 tuendum
369 1810 448 1879 puto.
486 1800 655 1879 Quanquam
677 1801 704 1860 id
728 1801 858 1860 nonnulli
880 1800 914 1860 ad
935 1801 1087 1869 iudiciales
1108 1812 1216 1861 tantum

210 1887 358 1964 pertinere
373 1887 509 1946 materias
527 1893 715 1964 putaverunt,
734 1903 855 1964 quorum
872 1886 1025 1961 inscitiam,
1044 1904 1106 1945 cum
1123 1889 1216 1946 omnia

185 1971 262 2029 utria
292 1987 402 2046 genera
429 1970 512 2029 luero
539 1979 697 2046 executus,
727 1987 775 2029 res
799 1971 861 2048 ipsa
885 1969 1094 2047 deprehendet.
1132 1970 1217 2043 erod

210 2071 263 2113 nos
280 2063 392 2114 ctutum
409 2054 436 2113 id
457 2054 571 2132 quidam
587 2056 827 2116 constitutionem
849 2063 972 2128 vocant,
995 2055 1043 2113 alii
1062 2057 1216 2133 qrrnestr'o-

209 2157 292 2213 nem,
316 2137 364 2196 alii
381 2140 463 2215 qnod
479 2157 519 2200 eu
537 2140 716 2217 quaestione
734 2147 906 2217 appareat,
930 2136 1102 2198 Theodorus
1124 2143 1217 2217 enpnt

210 2222 237 2281 id
262 2229 307 2279 est
330 2216 493 2298 κεφάλαιον
518 2215 729 2301 γενικώτατον,
760 2223 795 2283 ad
820 2222 897 2301 quod
921 2221 1085 2282 reserantur
1110 2225 1215 2282 omnia.

211 2305 340 2378 Qtrorum
357 2307 472 2365 diversa
489 2306 667 2385 appellatio,
690 2307 734 2365 vis
753 2306 855 2366 eadem
874 2315 934 2375 est;
957 2324 1012 2367 neo
1032 2309 1154 2367 interest
1176 2306 1216 2366 di·

212 2390 371 2465 scentium,
396 2389 498 2468 quibus
522 2390 648 2468 quidque
672 2391 834 2450 nominihus
861 2391 1044 2470 appelletur,
1075 2391 1139 2451 dum
1169 2411 1217 2451 res

186 2475 275 2553 eipsa
289 2473 441 2534 manifesta
464 2475 510 2535 sit.
548 2475 659 2535 Statum
676 2474 780 2535 Graeci
800 2469 903 2536 crolum
924 2485 1048 2552 vocant,
1073 2476 1150 2554 quod
1167 2494 1216 2535 no-

211 2576 276 2620 mcn
290 2576 349 2617 non
364 2561 486 2637 primum
501 2558 537 2618 ab
555 2557 735 2636 Hermagora
753 2559 888 2619 traditum
903 2569 1022 2638 putant,
1046 2560 1099 2618 sed
1115 2561 1163 2618 alii
1181 2561 1216 2619 ab

209 2641 373 2719 Naucrate,
401 2642 539 2702 Isocratis
565 2642 724 2721 discipulo,
757 2643 804 2703 alii
831 2663 846 2704 a
868 2643 986 2721 Zopyro
1012 2640 1214 2710 Clazomenim

211 2743 372 2804 quanquam
385 2726 500 2785 videtur
511 2726 675 2786 Aeschines
689 2745 807 2806 quoque
820 2729 848 2786 in
862 2728 992 2786 oratione
1010 2734 1109 2784 contra
1123 2723 1215 2784 Ctesi·

210 2810 348 2888 phontem
362 2812 402 2869 uti
417 2810 475 2869 hoe
490 2810 593 2886 verbo,
612 2829 675 2870 cum
692 2829 707 2871 a
722 2811 863 2872 iudicibus
879 2811 962 2888 petit,
977 2827 1014 2869 ne
1026 2807 1216 2888 Demostheni

210 2896 376 2972 permittant
401 2897 519 2972 evagari
540 2895 592 2955 sed
619 2914 682 2955 eum
699 2896 798 2956 dicere
815 2894 850 2953 de
870 2897 935 2973 ipso
952 2911 1058 2954 causae
1075 2904 1149 2954 statu
1166 2912 1214 2954 co·

183 2986 288 3054 egunt.
330 2978 412 3051 Quae
431 2978 590 3057 appellatio
610 2980 714 3039 dicitur
735 2979 820 3039 ducta
836 2979 884 3038 vel
903 2997 940 3038 ex
956 2997 1009 3056 eo,
1032 2978 1163 3057 quodibi
1179 2981 1215 3038 sit

210 3064 319 3138 primus
336 3080 442 3123 causae
463 3081 657 3141 congressus,
681 3063 730 3123 vel
747 3063 824 3142 quod
840 3064 868 3122 in
885 3064 943 3124 hoc
960 3082 1046 3125 causa
1066 3065 1214 3124 consistat.

210 3142 248 3202 Et
274 3148 395 3206 nominis
421 3148 536 3225 quidem
558 3148 633 3207 haec
662 3150 764 3225 origo;
786 3167 862 3209 nuno
889 3149 973 3228 quid
1005 3151 1062 3208 sit.
1106 3149 1215 3210 Statum

212 3229 325 3306 quidam
351 3229 485 3291 dixerunt
504 3235 639 3311 primam
669 3252 838 3296 censorum
870 3231 1110 3311 conflictionem·
1142 3250 1215 3310 quos

183 3321 293 3374 duecte
317 3316 461 3392 sensisse,
485 3334 585 3395 parum
609 3315 743 3377 elocutos
766 3327 847 3397 puto.
885 3315 950 3375 Non
968 3318 1040 3375 enim
1058 3325 1103 3374 est
1124 3325 1215 3376 status

209 3398 298 3475 prima
316 3398 478 3477 conflictio,
499 3401 618 3480 fecisti,
637 3420 698 3462 raon
715 3401 799 3480 sen,-
822 3400 874 3460 sed
890 3400 1023 3478 quodex
1039 3400 1129 3477 prima
1146 3414 1214 3478 cons
