<?xml version="1.0" encoding="UTF-8"?>
<!DOCTYPE html PUBLIC "-//W3C//DTD XHTML 1.0 Transitional//EN"
    "http://www.w3.org/TR/xhtml1/DTD/xhtml1-transitional.dtd">
<html xmlns="http://www.w3.org/1999/xhtml" xml:lang="en" lang="en">
 <head>
  <title>
</title>
<meta http-equiv="Content-Type" content="text/html;charset=utf-8" />
  <meta name='ocr-system' content='tesseract 3.04.00' />
  <meta name='ocr-capabilities' content='ocr_page ocr_carea ocr_par ocr_line ocrx_word'/>
</head>
<body>
  <div class='ocr_page' id='page_1' title='image "./mfabiiquintilia00bonngoog/mfabiiquintilia00bonngoog_0340.png"; bbox 0 0 2566 4026; ppageno 0'>
   <div class='ocr_carea' id='block_1_1' title="bbox 358 171 1075 242">
    <p class='ocr_par' dir='ltr' id='par_1_1' title="bbox 358 171 1075 242">
     <span class='ocr_line' id='line_1_1' title="bbox 358 171 1075 242; baseline 0.001 -20"><span class='ocrx_word' id='word_1_1' title='bbox 358 175 811 242; x_wconf 78' lang='lat' dir='ltr'>1nsr.oanron.nr1s.vu1,1.</span> <span class='ocrx_word' id='word_1_2' title='bbox 1057 171 1075 229; x_wconf 87' lang='lat'>9</span> 
     </span>
    </p>
   </div>
   <div class='ocr_carea' id='block_1_2' title="bbox 65 328 1128 3256">
    <p class='ocr_par' dir='ltr' id='par_1_2' title="bbox 65 328 1128 3256">
     <span class='ocr_line' id='line_1_2' title="bbox 71 328 1077 409; baseline 0.001 -21"><span class='ocrx_word' id='word_1_3' title='bbox 71 347 172 389; x_wconf 87' lang='lat' dir='ltr'>omnes</span> <span class='ocrx_word' id='word_1_4' title='bbox 195 331 411 409; x_wconf 75' lang='lat' dir='ltr'>complectitur,</span> <span class='ocrx_word' id='word_1_5' title='bbox 435 329 505 389; x_wconf 89' lang='lat' dir='ltr'>nihil</span> <span class='ocrx_word' id='word_1_6' title='bbox 520 330 661 408; x_wconf 90' lang='lat' dir='ltr'>proderit.</span> <span class='ocrx_word' id='word_1_7' title='bbox 700 328 879 402; x_wconf 82' lang='lat' dir='ltr'>Quaeramus</span> <span class='ocrx_word' id='word_1_8' title='bbox 896 346 987 407; x_wconf 80' lang='lat' dir='ltr'>ergo,</span> <span class='ocrx_word' id='word_1_9' title='bbox 1011 348 1077 389; x_wconf 92' lang='lat' dir='ltr'>num</span> 
     </span>
     <span class='ocr_line' id='line_1_3' title="bbox 71 413 1076 492; baseline 0 -20"><span class='ocrx_word' id='word_1_10' title='bbox 71 413 206 472; x_wconf 88' lang='lat' dir='ltr'>infirmari</span> <span class='ocrx_word' id='word_1_11' title='bbox 222 416 250 472; x_wconf 96' lang='lat' dir='ltr'>in</span> <span class='ocrx_word' id='word_1_12' title='bbox 273 415 396 492; x_wconf 85' lang='lat' dir='ltr'>aliquam</span> <span class='ocrx_word' id='word_1_13' title='bbox 412 423 523 491; x_wconf 89' lang='lat' dir='ltr'>partem</span> <span class='ocrx_word' id='word_1_14' title='bbox 544 413 594 472; x_wconf 88' lang='lat' dir='ltr'>lex</span> <span class='ocrx_word' id='word_1_15' title='bbox 614 413 717 490; x_wconf 77' lang='lat' dir='ltr'>possit.</span> <span class='ocrx_word' id='word_1_16' title='bbox 756 413 831 487; x_wconf 85' lang='lat' dir='ltr'>Quid</span> <span class='ocrx_word' id='word_1_17' title='bbox 848 413 925 474; x_wconf 85' lang='lat' dir='ltr'>aliud</span> <span class='ocrx_word' id='word_1_18' title='bbox 941 415 1076 492; x_wconf 89' lang='lat' dir='ltr'>(saepius</span> 
     </span>
     <span class='ocr_line' id='line_1_4' title="bbox 72 497 1076 576; baseline 0 -20"><span class='ocrx_word' id='word_1_19' title='bbox 72 498 181 576; x_wconf 89' lang='lat' dir='ltr'>dicam)</span> <span class='ocrx_word' id='word_1_20' title='bbox 199 507 299 557; x_wconf 87' lang='lat' dir='ltr'>natura</span> <span class='ocrx_word' id='word_1_21' title='bbox 314 499 466 575; x_wconf 85' lang='lat' dir='ltr'>permittit,</span> <span class='ocrx_word' id='word_1_22' title='bbox 485 515 569 574; x_wconf 92' lang='lat' dir='ltr'>quam</span> <span class='ocrx_word' id='word_1_23' title='bbox 584 505 630 572; x_wconf 92' lang='lat' dir='ltr'>ut,</span> <span class='ocrx_word' id='word_1_24' title='bbox 648 514 711 555; x_wconf 90' lang='lat' dir='ltr'>cum</span> <span class='ocrx_word' id='word_1_25' title='bbox 726 497 816 556; x_wconf 89' lang='lat' dir='ltr'>verba</span> <span class='ocrx_word' id='word_1_26' title='bbox 834 505 935 556; x_wconf 90' lang='lat' dir='ltr'>contra</span> <span class='ocrx_word' id='word_1_27' title='bbox 950 499 1022 571; x_wconf 87' lang='lat' dir='ltr'>sint,</span> <span class='ocrx_word' id='word_1_28' title='bbox 1040 499 1076 556; x_wconf 88' lang='lat' dir='ltr'>de</span> 
     </span>
     <span class='ocr_line' id='line_1_5' title="bbox 70 578 1077 659; baseline 0 -20"><span class='ocrx_word' id='word_1_29' title='bbox 70 581 220 640; x_wconf 91' lang='lat' dir='ltr'>voluntate</span> <span class='ocrx_word' id='word_1_30' title='bbox 242 578 417 659; x_wconf 82' lang='lat' dir='ltr'>quaeratur?</span> <span class='ocrx_word' id='word_1_31' title='bbox 463 579 613 640; x_wconf 84' lang='lat' dir='ltr'>Generalis</span> <span class='ocrx_word' id='word_1_32' title='bbox 636 580 722 656; x_wconf 83' lang='lat' dir='ltr'>igitur</span> <span class='ocrx_word' id='word_1_33' title='bbox 744 582 893 658; x_wconf 88' lang='lat' dir='ltr'>quaestio,</span> <span class='ocrx_word' id='word_1_34' title='bbox 916 579 1015 639; x_wconf 88' lang='lat' dir='ltr'>verbis</span> <span class='ocrx_word' id='word_1_35' title='bbox 1042 598 1077 639; x_wconf 93' lang='lat' dir='ltr'>an</span> 
     </span>
     <span class='ocr_line' id='line_1_6' title="bbox 70 664 1077 724; baseline 0 -1"><span class='ocrx_word' id='word_1_36' title='bbox 70 665 220 723; x_wconf 89' lang='lat' dir='ltr'>voluntate</span> <span class='ocrx_word' id='word_1_37' title='bbox 240 667 277 722; x_wconf 89' lang='lat' dir='ltr'>sit</span> <span class='ocrx_word' id='word_1_38' title='bbox 298 665 437 724; x_wconf 90' lang='lat' dir='ltr'>standum.</span> <span class='ocrx_word' id='word_1_39' title='bbox 477 665 536 724; x_wconf 89' lang='lat' dir='ltr'>Sed</span> <span class='ocrx_word' id='word_1_40' title='bbox 556 665 630 722; x_wconf 89' lang='lat' dir='ltr'>enim</span> <span class='ocrx_word' id='word_1_41' title='bbox 651 665 680 722; x_wconf 94' lang='lat' dir='ltr'>in</span> <span class='ocrx_word' id='word_1_42' title='bbox 698 681 847 723; x_wconf 90' lang='lat' dir='ltr'>commune</span> <span class='ocrx_word' id='word_1_43' title='bbox 863 664 899 723; x_wconf 87' lang='lat' dir='ltr'>de</span> <span class='ocrx_word' id='word_1_44' title='bbox 916 664 978 722; x_wconf 90' lang='lat' dir='ltr'>iure</span> <span class='ocrx_word' id='word_1_45' title='bbox 1000 667 1077 724; x_wconf 93' lang='lat' dir='ltr'>omni</span> 
     </span>
     <span class='ocr_line' id='line_1_7' title="bbox 72 746 1076 826; baseline -0.001 -19"><span class='ocrx_word' id='word_1_46' title='bbox 72 747 274 826; x_wconf 87' lang='lat' dir='ltr'>disputandum</span> <span class='ocrx_word' id='word_1_47' title='bbox 288 765 405 826; x_wconf 88' lang='lat' dir='ltr'>semper</span> <span class='ocrx_word' id='word_1_48' title='bbox 420 765 475 806; x_wconf 89' lang='lat' dir='ltr'>nec</span> <span class='ocrx_word' id='word_1_49' title='bbox 492 764 616 826; x_wconf 90' lang='lat' dir='ltr'>unquam</span> <span class='ocrx_word' id='word_1_50' title='bbox 631 749 700 806; x_wconf 88' lang='lat' dir='ltr'>satis</span> <span class='ocrx_word' id='word_1_51' title='bbox 718 747 872 807; x_wconf 90' lang='lat' dir='ltr'>iudicatum</span> <span class='ocrx_word' id='word_1_52' title='bbox 888 755 943 805; x_wconf 88' lang='lat' dir='ltr'>est.</span> <span class='ocrx_word' id='word_1_53' title='bbox 980 746 1076 820; x_wconf 86' lang='lat' dir='ltr'>Quae·</span> 
     </span>
     <span class='ocr_line' id='line_1_8' title="bbox 71 830 1074 909; baseline 0 -19"><span class='ocrx_word' id='word_1_54' title='bbox 71 833 191 891; x_wconf 90' lang='lat' dir='ltr'>rendum</span> <span class='ocrx_word' id='word_1_55' title='bbox 207 833 294 908; x_wconf 83' lang='lat' dir='ltr'>igitur</span> <span class='ocrx_word' id='word_1_56' title='bbox 308 834 336 890; x_wconf 95' lang='lat' dir='ltr'>in</span> <span class='ocrx_word' id='word_1_57' title='bbox 353 831 408 891; x_wconf 92' lang='lat' dir='ltr'>hac</span> <span class='ocrx_word' id='word_1_58' title='bbox 424 833 505 909; x_wconf 92' lang='lat' dir='ltr'>ipsa,</span> <span class='ocrx_word' id='word_1_59' title='bbox 523 848 578 908; x_wconf 90' lang='lat' dir='ltr'>qua</span> <span class='ocrx_word' id='word_1_60' title='bbox 600 832 799 907; x_wconf 92' lang='lat' dir='ltr'>consistimus,</span> <span class='ocrx_word' id='word_1_61' title='bbox 822 849 857 890; x_wconf 95' lang='lat' dir='ltr'>an</span> <span class='ocrx_word' id='word_1_62' title='bbox 873 830 981 908; x_wconf 90' lang='lat' dir='ltr'>aliquid</span> <span class='ocrx_word' id='word_1_63' title='bbox 996 832 1074 890; x_wconf 92' lang='lat' dir='ltr'>inve-</span> 
     </span>
     <span class='ocr_line' id='line_1_9' title="bbox 69 912 1117 993; baseline 0.005 -20"><span class='ocrx_word' id='word_1_64' title='bbox 69 917 124 973; x_wconf 92' lang='lat' dir='ltr'>niri</span> <span class='ocrx_word' id='word_1_65' title='bbox 149 917 257 993; x_wconf 82' lang='lat' dir='ltr'>possit,</span> <span class='ocrx_word' id='word_1_66' title='bbox 281 915 358 992; x_wconf 90' lang='lat' dir='ltr'>quod</span> <span class='ocrx_word' id='word_1_67' title='bbox 381 917 490 992; x_wconf 92' lang='lat' dir='ltr'>scripto</span> <span class='ocrx_word' id='word_1_68' title='bbox 512 912 704 974; x_wconf 87' lang='lat' dir='ltr'>adversetur?</span> <span class='ocrx_word' id='word_1_69' title='bbox 742 914 840 991; x_wconf 80' lang='lat' dir='ltr'>Ergo,</span> <span class='ocrx_word' id='word_1_70' title='bbox 869 916 998 992; x_wconf 89' lang='lat' dir='ltr'>quisquis</span> <span class='ocrx_word' id='word_1_71' title='bbox 1021 925 1117 979; x_wconf 75' lang='lat' dir='ltr'>nonii</span> 
     </span>
     <span class='ocr_line' id='line_1_10' title="bbox 70 995 1076 1076; baseline 0 -18"><span class='ocrx_word' id='word_1_72' title='bbox 70 998 201 1073; x_wconf 86' lang='lat' dir='ltr'>affuerit,</span> <span class='ocrx_word' id='word_1_73' title='bbox 224 998 349 1058; x_wconf 86' lang='lat' dir='ltr'>exheres</span> <span class='ocrx_word' id='word_1_74' title='bbox 371 995 445 1057; x_wconf 91' lang='lat' dir='ltr'>erit?</span> <span class='ocrx_word' id='word_1_75' title='bbox 473 998 622 1075; x_wconf 90' lang='lat' dir='ltr'>quisquis,</span> <span class='ocrx_word' id='word_1_76' title='bbox 645 999 707 1057; x_wconf 90' lang='lat' dir='ltr'>sine</span> <span class='ocrx_word' id='word_1_77' title='bbox 730 995 927 1076; x_wconf 80' lang='lat' dir='ltr'>exceptione?</span> <span class='ocrx_word' id='word_1_78' title='bbox 961 997 1019 1058; x_wconf 88' lang='lat' dir='ltr'>lam</span> <span class='ocrx_word' id='word_1_79' title='bbox 1043 1017 1076 1058; x_wconf 90' lang='lat' dir='ltr'>se</span> 
     </span>
     <span class='ocr_line' id='line_1_11' title="bbox 69 1079 1077 1158; baseline 0.001 -17"><span class='ocrx_word' id='word_1_80' title='bbox 69 1081 120 1141; x_wconf 90' lang='lat' dir='ltr'>illa</span> <span class='ocrx_word' id='word_1_81' title='bbox 137 1081 187 1140; x_wconf 86' lang='lat' dir='ltr'>vel</span> <span class='ocrx_word' id='word_1_82' title='bbox 205 1081 281 1141; x_wconf 87' lang='lat' dir='ltr'>ultro</span> <span class='ocrx_word' id='word_1_83' title='bbox 301 1082 425 1142; x_wconf 84' lang='lat' dir='ltr'>offerent</span> <span class='ocrx_word' id='word_1_84' title='bbox 447 1089 630 1158; x_wconf 79' lang='lat' dir='ltr'>argumenta:</span> <span class='ocrx_word' id='word_1_85' title='bbox 652 1080 689 1141; x_wconf 85' lang='lat' dir='ltr'>Et</span> <span class='ocrx_word' id='word_1_86' title='bbox 710 1079 825 1141; x_wconf 90' lang='lat' dir='ltr'>inians?</span> <span class='ocrx_word' id='word_1_87' title='bbox 849 1082 924 1144; x_wconf 90' lang='lat' dir='ltr'>iilius</span> <span class='ocrx_word' id='word_1_88' title='bbox 941 1084 1015 1141; x_wconf 90' lang='lat' dir='ltr'>enim</span> <span class='ocrx_word' id='word_1_89' title='bbox 1032 1091 1077 1142; x_wconf 90' lang='lat' dir='ltr'>est</span> 
     </span>
     <span class='ocr_line' id='line_1_12' title="bbox 71 1165 1075 1243; baseline 0.001 -19"><span class='ocrx_word' id='word_1_90' title='bbox 71 1174 100 1224; x_wconf 90' lang='lat' dir='ltr'>et</span> <span class='ocrx_word' id='word_1_91' title='bbox 115 1182 173 1224; x_wconf 92' lang='lat' dir='ltr'>non</span> <span class='ocrx_word' id='word_1_92' title='bbox 192 1165 284 1235; x_wconf 65' lang='lat' dir='ltr'>allaim</span> <span class='ocrx_word' id='word_1_93' title='bbox 308 1176 337 1225; x_wconf 89' lang='lat' dir='ltr'>et</span> <span class='ocrx_word' id='word_1_94' title='bbox 353 1169 400 1243; x_wconf 94' lang='lat' dir='ltr'>qui</span> <span class='ocrx_word' id='word_1_95' title='bbox 419 1165 534 1240; x_wconf 88' lang='lat' dir='ltr'>aberat,</span> <span class='ocrx_word' id='word_1_96' title='bbox 557 1173 586 1224; x_wconf 91' lang='lat' dir='ltr'>et</span> <span class='ocrx_word' id='word_1_97' title='bbox 602 1166 650 1241; x_wconf 92' lang='lat' dir='ltr'>qui</span> <span class='ocrx_word' id='word_1_98' title='bbox 664 1165 819 1239; x_wconf 86' lang='lat' dir='ltr'>militabat,</span> <span class='ocrx_word' id='word_1_99' title='bbox 843 1174 872 1224; x_wconf 90' lang='lat' dir='ltr'>et</span> <span class='ocrx_word' id='word_1_100' title='bbox 888 1166 935 1242; x_wconf 95' lang='lat' dir='ltr'>qui</span> <span class='ocrx_word' id='word_1_101' title='bbox 951 1168 980 1224; x_wconf 94' lang='lat' dir='ltr'>in</span> <span class='ocrx_word' id='word_1_102' title='bbox 995 1165 1075 1242; x_wconf 83' lang='lat' dir='ltr'>lega·</span> 
     </span>
     <span class='ocr_line' id='line_1_13' title="bbox 69 1245 1076 1326; baseline 0 -18"><span class='ocrx_word' id='word_1_103' title='bbox 69 1250 149 1308; x_wconf 92' lang='lat' dir='ltr'>tione</span> <span class='ocrx_word' id='word_1_104' title='bbox 166 1245 249 1308; x_wconf 89' lang='lat' dir='ltr'>erat?</span> <span class='ocrx_word' id='word_1_105' title='bbox 286 1248 343 1310; x_wconf 88' lang='lat' dir='ltr'>lam</span> <span class='ocrx_word' id='word_1_106' title='bbox 364 1249 482 1309; x_wconf 93' lang='lat' dir='ltr'>multum</span> <span class='ocrx_word' id='word_1_107' title='bbox 501 1249 557 1307; x_wconf 87' lang='lat' dir='ltr'>acti</span> <span class='ocrx_word' id='word_1_108' title='bbox 574 1257 633 1306; x_wconf 90' lang='lat' dir='ltr'>est:</span> <span class='ocrx_word' id='word_1_109' title='bbox 657 1248 751 1326; x_wconf 91' lang='lat' dir='ltr'>possit</span> <span class='ocrx_word' id='word_1_110' title='bbox 767 1249 870 1326; x_wconf 90' lang='lat' dir='ltr'>aliquis</span> <span class='ocrx_word' id='word_1_111' title='bbox 886 1266 943 1308; x_wconf 96' lang='lat' dir='ltr'>non</span> <span class='ocrx_word' id='word_1_112' title='bbox 958 1249 1076 1310; x_wconf 84' lang='lat' dir='ltr'>affuisse</span> 
     </span>
     <span class='ocr_line' id='line_1_14' title="bbox 70 1331 1117 1410; baseline 0.006 -19"><span class='ocrx_word' id='word_1_113' title='bbox 70 1341 100 1391; x_wconf 94' lang='lat' dir='ltr'>et</span> <span class='ocrx_word' id='word_1_114' title='bbox 122 1332 210 1391; x_wconf 88' lang='lat' dir='ltr'>heres</span> <span class='ocrx_word' id='word_1_115' title='bbox 234 1351 311 1392; x_wconf 91' lang='lat' dir='ltr'>esse.</span> <span class='ocrx_word' id='word_1_116' title='bbox 352 1332 493 1392; x_wconf 82' lang='lat' dir='ltr'>Transeat</span> <span class='ocrx_word' id='word_1_117' title='bbox 513 1350 588 1390; x_wconf 93' lang='lat' dir='ltr'>nunc</span> <span class='ocrx_word' id='word_1_118' title='bbox 610 1331 686 1391; x_wconf 91' lang='lat' dir='ltr'>idem</span> <span class='ocrx_word' id='word_1_119' title='bbox 706 1331 774 1406; x_wconf 88' lang='lat' dir='ltr'>ille,</span> <span class='ocrx_word' id='word_1_120' title='bbox 798 1333 845 1409; x_wconf 92' lang='lat' dir='ltr'>qui</span> <span class='ocrx_word' id='word_1_121' title='bbox 867 1332 1022 1410; x_wconf 81' lang='lat' dir='ltr'>cogitavit,</span> <span class='ocrx_word' id='word_1_122' title='bbox 1043 1342 1073 1392; x_wconf 88' lang='lat' dir='ltr'>ut</span> <span class='ocrx_word' id='word_1_123' title='bbox 1085 1343 1117 1397; x_wconf 82' lang='lat'>51</span> 
     </span>
     <span class='ocr_line' id='line_1_15' title="bbox 69 1413 1075 1491; baseline 0.004 -17"><span class='ocrx_word' id='word_1_124' title='bbox 69 1417 109 1475; x_wconf 91' lang='lat' dir='ltr'>ait</span> <span class='ocrx_word' id='word_1_125' title='bbox 125 1413 247 1491; x_wconf 76' lang='lat' dir='ltr'>Cicero,</span> <span class='ocrx_word' id='word_1_126' title='bbox 272 1416 395 1476; x_wconf 87' lang='lat' dir='ltr'>tibicinis</span> <span class='ocrx_word' id='word_1_127' title='bbox 413 1416 504 1476; x_wconf 82' lang='lat' dir='ltr'>latini</span> <span class='ocrx_word' id='word_1_128' title='bbox 520 1416 605 1475; x_wconf 89' lang='lat' dir='ltr'>modo</span> <span class='ocrx_word' id='word_1_129' title='bbox 625 1415 661 1475; x_wconf 89' lang='lat' dir='ltr'>ad</span> <span class='ocrx_word' id='word_1_130' title='bbox 678 1415 824 1475; x_wconf 90' lang='lat' dir='ltr'>disertum.</span> <span class='ocrx_word' id='word_1_131' title='bbox 868 1414 905 1476; x_wconf 88' lang='lat' dir='ltr'>Ut</span> <span class='ocrx_word' id='word_1_132' title='bbox 924 1419 985 1478; x_wconf 82' lang='lat' dir='ltr'>isia</span> <span class='ocrx_word' id='word_1_133' title='bbox 1007 1437 1075 1478; x_wconf 89' lang='lat' dir='ltr'>con·</span> 
     </span>
     <span class='ocr_line' id='line_1_16' title="bbox 70 1499 1076 1578; baseline 0 -19"><span class='ocrx_word' id='word_1_134' title='bbox 70 1502 202 1560; x_wconf 83' lang='lat' dir='ltr'>cedam:</span> <span class='ocrx_word' id='word_1_135' title='bbox 225 1509 256 1560; x_wconf 85' lang='lat' dir='ltr'>tn</span> <span class='ocrx_word' id='word_1_136' title='bbox 275 1520 333 1562; x_wconf 90' lang='lat' dir='ltr'>nec</span> <span class='ocrx_word' id='word_1_137' title='bbox 354 1501 459 1578; x_wconf 77' lang='lat' dir='ltr'>infans</span> <span class='ocrx_word' id='word_1_138' title='bbox 480 1518 513 1560; x_wconf 89' lang='lat' dir='ltr'>es</span> <span class='ocrx_word' id='word_1_139' title='bbox 530 1519 587 1561; x_wconf 90' lang='lat' dir='ltr'>nec</span> <span class='ocrx_word' id='word_1_140' title='bbox 608 1499 734 1577; x_wconf 79' lang='lat' dir='ltr'>abfuisti</span> <span class='ocrx_word' id='word_1_141' title='bbox 748 1517 806 1560; x_wconf 90' lang='lat' dir='ltr'>nec</span> <span class='ocrx_word' id='word_1_142' title='bbox 823 1501 969 1561; x_wconf 81' lang='lat' dir='ltr'>militasti.</span> <span class='ocrx_word' id='word_1_143' title='bbox 1003 1500 1076 1560; x_wconf 90' lang='lat' dir='ltr'>Num</span> 
     </span>
     <span class='ocr_line' id='line_1_17' title="bbox 69 1580 1118 1662; baseline 0.005 -21"><span class='ocrx_word' id='word_1_144' title='bbox 69 1583 147 1642; x_wconf 91' lang='lat' dir='ltr'>aliud</span> <span class='ocrx_word' id='word_1_145' title='bbox 163 1585 290 1643; x_wconf 89' lang='lat' dir='ltr'>occurrit</span> <span class='ocrx_word' id='word_1_146' title='bbox 306 1603 390 1662; x_wconf 92' lang='lat' dir='ltr'>quam</span> <span class='ocrx_word' id='word_1_147' title='bbox 406 1583 493 1659; x_wconf 90' lang='lat' dir='ltr'>illud,</span> <span class='ocrx_word' id='word_1_148' title='bbox 509 1582 574 1644; x_wconf 82' lang='lat' dir='ltr'>Sed</span> <span class='ocrx_word' id='word_1_149' title='bbox 589 1584 724 1644; x_wconf 82' lang='lat' dir='ltr'>rasticns</span> <span class='ocrx_word' id='word_1_150' title='bbox 739 1585 828 1644; x_wconf 83' lang='lat' dir='ltr'>snm?</span> <span class='ocrx_word' id='word_1_151' title='bbox 857 1580 982 1659; x_wconf 80' lang='lat' dir='ltr'>Contra,</span> <span class='ocrx_word' id='word_1_152' title='bbox 1000 1582 1118 1662; x_wconf 69' lang='lat' dir='ltr'>quodni</span> 
     </span>
     <span class='ocr_line' id='line_1_18' title="bbox 69 1657 1075 1746; baseline 0.003 -21"><span class='ocrx_word' id='word_1_153' title='bbox 69 1666 163 1745; x_wconf 90' lang='lat' dir='ltr'>palam</span> <span class='ocrx_word' id='word_1_154' title='bbox 180 1677 240 1744; x_wconf 75' lang='lat' dir='ltr'>est,</span> <span class='ocrx_word' id='word_1_155' title='bbox 260 1668 344 1727; x_wconf 88' lang='lat' dir='ltr'>dicit:</span> <span class='ocrx_word' id='word_1_156' title='bbox 370 1666 409 1728; x_wconf 84' lang='lat' dir='ltr'>Ut</span> <span class='ocrx_word' id='word_1_157' title='bbox 423 1687 517 1746; x_wconf 79' lang='lat' dir='ltr'>apere</span> <span class='ocrx_word' id='word_1_158' title='bbox 530 1685 592 1728; x_wconf 92' lang='lat' dir='ltr'>non</span> <span class='ocrx_word' id='word_1_159' title='bbox 608 1667 759 1745; x_wconf 81' lang='lat' dir='ltr'>potnetis,</span> <span class='ocrx_word' id='word_1_160' title='bbox 780 1668 921 1729; x_wconf 80' lang='lat' dir='ltr'>assidere</span> <span class='ocrx_word' id='word_1_161' title='bbox 931 1657 1075 1746; x_wconf 81' lang='lat' dir='ltr'>pomisti;</span> 
     </span>
     <span class='ocr_line' id='line_1_19' title="bbox 70 1750 1074 1829; baseline 0.003 -21"><span class='ocrx_word' id='word_1_162' title='bbox 70 1758 100 1808; x_wconf 91' lang='lat' dir='ltr'>et</span> <span class='ocrx_word' id='word_1_163' title='bbox 115 1768 215 1809; x_wconf 90' lang='lat' dir='ltr'>verum</span> <span class='ocrx_word' id='word_1_164' title='bbox 237 1759 290 1809; x_wconf 93' lang='lat' dir='ltr'>est.</span> <span class='ocrx_word' id='word_1_165' title='bbox 334 1750 430 1824; x_wconf 80' lang='lat' dir='ltr'>Quare</span> <span class='ocrx_word' id='word_1_166' title='bbox 446 1751 623 1810; x_wconf 89' lang='lat' dir='ltr'>redeundum</span> <span class='ocrx_word' id='word_1_167' title='bbox 641 1752 749 1810; x_wconf 89' lang='lat' dir='ltr'>rustico</span> <span class='ocrx_word' id='word_1_168' title='bbox 770 1751 806 1811; x_wconf 88' lang='lat' dir='ltr'>ad</span> <span class='ocrx_word' id='word_1_169' title='bbox 822 1752 943 1811; x_wconf 91' lang='lat' dir='ltr'>animum</span> <span class='ocrx_word' id='word_1_170' title='bbox 965 1750 1074 1829; x_wconf 84' lang='lat' dir='ltr'>legum·</span> 
     </span>
     <span class='ocr_line' id='line_1_20' title="bbox 70 1833 1076 1914; baseline 0.003 -21"><span class='ocrx_word' id='word_1_171' title='bbox 70 1833 186 1894; x_wconf 88' lang='lat' dir='ltr'>latoris:</span> <span class='ocrx_word' id='word_1_172' title='bbox 216 1833 406 1913; x_wconf 81' lang='lat' dir='ltr'>impietatem</span> <span class='ocrx_word' id='word_1_173' title='bbox 425 1837 538 1913; x_wconf 85' lang='lat' dir='ltr'>pnnire</span> <span class='ocrx_word' id='word_1_174' title='bbox 559 1837 666 1911; x_wconf 84' lang='lat' dir='ltr'>coluit,</span> <span class='ocrx_word' id='word_1_175' title='bbox 691 1855 746 1914; x_wconf 76' lang='lat' dir='ltr'>eqo</span> <span class='ocrx_word' id='word_1_176' title='bbox 763 1843 866 1897; x_wconf 88' lang='lat' dir='ltr'>antem</span> <span class='ocrx_word' id='word_1_177' title='bbox 883 1836 994 1914; x_wconf 88' lang='lat' dir='ltr'>impias</span> <span class='ocrx_word' id='word_1_178' title='bbox 1016 1854 1076 1896; x_wconf 92' lang='lat' dir='ltr'>non</span> 
     </span>
     <span class='ocr_line' id='line_1_21' title="bbox 68 1915 1118 1998; baseline 0.006 -22"><span class='ocrx_word' id='word_1_179' title='bbox 68 1936 146 1977; x_wconf 87' lang='lat' dir='ltr'>snm.</span> <span class='ocrx_word' id='word_1_180' title='bbox 185 1915 292 1977; x_wconf 81' lang='lat' dir='ltr'>Contra</span> <span class='ocrx_word' id='word_1_181' title='bbox 309 1919 386 1996; x_wconf 91' lang='lat' dir='ltr'>quod</span> <span class='ocrx_word' id='word_1_182' title='bbox 401 1919 543 1994; x_wconf 85' lang='lat' dir='ltr'>disertus,</span> <span class='ocrx_word' id='word_1_183' title='bbox 569 1919 613 1980; x_wconf 81' lang='lat' dir='ltr'>Ta</span> <span class='ocrx_word' id='word_1_184' title='bbox 631 1920 723 1997; x_wconf 86' lang='lat' dir='ltr'>impie</span> <span class='ocrx_word' id='word_1_185' title='bbox 739 1920 856 1998; x_wconf 83' lang='lat' dir='ltr'>fecisti,</span> <span class='ocrx_word' id='word_1_186' title='bbox 878 1920 983 1997; x_wconf 91' lang='lat' dir='ltr'>inquit,</span> <span class='ocrx_word' id='word_1_187' title='bbox 1008 1928 1118 1981; x_wconf 71' lang='lat' dir='ltr'>onorii</span> 
     </span>
     <span class='ocr_line' id='line_1_22' title="bbox 69 2001 1078 2082; baseline 0 -20"><span class='ocrx_word' id='word_1_188' title='bbox 69 2001 336 2063; x_wconf 81' lang='lat' dir='ltr'>enieredationem</span> <span class='ocrx_word' id='word_1_189' title='bbox 352 2004 504 2079; x_wconf 84' lang='lat' dir='ltr'>mernisti,</span> <span class='ocrx_word' id='word_1_190' title='bbox 520 2004 591 2065; x_wconf 89' lang='lat' dir='ltr'>licet</span> <span class='ocrx_word' id='word_1_191' title='bbox 605 2011 633 2065; x_wconf 88' lang='lat' dir='ltr'>te</span> <span class='ocrx_word' id='word_1_192' title='bbox 648 2010 757 2082; x_wconf 83' lang='lat' dir='ltr'>postea</span> <span class='ocrx_word' id='word_1_193' title='bbox 771 2005 820 2064; x_wconf 86' lang='lat' dir='ltr'>oei</span> <span class='ocrx_word' id='word_1_194' title='bbox 832 2004 1016 2076; x_wconf 83' lang='lat' dir='ltr'>poenitentia</span> <span class='ocrx_word' id='word_1_195' title='bbox 1029 2005 1078 2063; x_wconf 86' lang='lat' dir='ltr'>cei</span> 
     </span>
     <span class='ocr_line' id='line_1_23' title="bbox 69 2085 1075 2166; baseline 0 -21"><span class='ocrx_word' id='word_1_196' title='bbox 69 2085 202 2146; x_wconf 80' lang='lat' dir='ltr'>ambitus</span> <span class='ocrx_word' id='word_1_197' title='bbox 221 2087 265 2148; x_wconf 86' lang='lat' dir='ltr'>ad</span> <span class='ocrx_word' id='word_1_198' title='bbox 282 2087 339 2147; x_wconf 81' lang='lat' dir='ltr'>lico</span> <span class='ocrx_word' id='word_1_199' title='bbox 355 2106 453 2165; x_wconf 71' lang='lat' dir='ltr'>penas</span> <span class='ocrx_word' id='word_1_200' title='bbox 467 2088 596 2166; x_wconf 82' lang='lat' dir='ltr'>optionis</span> <span class='ocrx_word' id='word_1_201' title='bbox 611 2088 789 2149; x_wconf 71' lang='lat' dir='ltr'>adduxerit.</span> <span class='ocrx_word' id='word_1_202' title='bbox 826 2085 995 2149; x_wconf 83' lang='lat' dir='ltr'>Praeterea</span> <span class='ocrx_word' id='word_1_203' title='bbox 1003 2105 1075 2165; x_wconf 83' lang='lat' dir='ltr'>pro·</span> 
     </span>
     <span class='ocr_line' id='line_1_24' title="bbox 65 2170 1128 2255; baseline 0.002 -27"><span class='ocrx_word' id='word_1_204' title='bbox 65 2176 137 2246; x_wconf 84' lang='lat' dir='ltr'>pter</span> <span class='ocrx_word' id='word_1_205' title='bbox 152 2178 181 2230; x_wconf 87' lang='lat' dir='ltr'>te</span> <span class='ocrx_word' id='word_1_206' title='bbox 196 2170 361 2231; x_wconf 84' lang='lat' dir='ltr'>damnatas</span> <span class='ocrx_word' id='word_1_207' title='bbox 376 2179 422 2232; x_wconf 88' lang='lat' dir='ltr'>est</span> <span class='ocrx_word' id='word_1_208' title='bbox 433 2180 542 2249; x_wconf 87' lang='lat' dir='ltr'>pater,</span> <span class='ocrx_word' id='word_1_209' title='bbox 563 2170 722 2232; x_wconf 78' lang='lat' dir='ltr'>videbaris</span> <span class='ocrx_word' id='word_1_210' title='bbox 734 2172 812 2231; x_wconf 85' lang='lat' dir='ltr'>enim</span> <span class='ocrx_word' id='word_1_211' title='bbox 830 2172 869 2231; x_wconf 82' lang='lat' dir='ltr'>de</span> <span class='ocrx_word' id='word_1_212' title='bbox 884 2187 984 2232; x_wconf 86' lang='lat' dir='ltr'>caasa</span> <span class='ocrx_word' id='word_1_213' title='bbox 1001 2188 1076 2249; x_wconf 87' lang='lat' dir='ltr'>pro·</span> <span class='ocrx_word' id='word_1_214' title='bbox 1125 2248 1128 2255; x_wconf 24' lang='grc' dir='ltr'>Ι</span> 
     </span>
     <span class='ocr_line' id='line_1_25' title="bbox 67 2253 1076 2315; baseline 0.001 -3"><span class='ocrx_word' id='word_1_215' title='bbox 67 2253 238 2314; x_wconf 79' lang='lat' dir='ltr'>nuntiasse.</span> <span class='ocrx_word' id='word_1_216' title='bbox 281 2253 327 2312; x_wconf 84' lang='lat' dir='ltr'>Ad</span> <span class='ocrx_word' id='word_1_217' title='bbox 347 2253 421 2313; x_wconf 92' lang='lat' dir='ltr'>haec</span> <span class='ocrx_word' id='word_1_218' title='bbox 445 2256 585 2313; x_wconf 90' lang='lat' dir='ltr'>rusticus:</span> <span class='ocrx_word' id='word_1_219' title='bbox 616 2253 659 2313; x_wconf 85' lang='lat' dir='ltr'>Ta</span> <span class='ocrx_word' id='word_1_220' title='bbox 680 2272 753 2315; x_wconf 85' lang='lat' dir='ltr'>cero</span> <span class='ocrx_word' id='word_1_221' title='bbox 771 2256 804 2314; x_wconf 90' lang='lat' dir='ltr'>in</span> <span class='ocrx_word' id='word_1_222' title='bbox 827 2271 926 2315; x_wconf 86' lang='lat' dir='ltr'>cansa</span> <span class='ocrx_word' id='word_1_223' title='bbox 948 2255 1076 2314; x_wconf 84' lang='lat' dir='ltr'>damna·</span> 
     </span>
     <span class='ocr_line' id='line_1_26' title="bbox 69 2337 1076 2420; baseline -0.001 -24"><span class='ocrx_word' id='word_1_224' title='bbox 69 2337 159 2397; x_wconf 84' lang='lat' dir='ltr'>tionis</span> <span class='ocrx_word' id='word_1_225' title='bbox 179 2337 282 2414; x_wconf 82' lang='lat' dir='ltr'>suisti,</span> <span class='ocrx_word' id='word_1_226' title='bbox 304 2339 412 2398; x_wconf 88' lang='lat' dir='ltr'>maltos</span> <span class='ocrx_word' id='word_1_227' title='bbox 425 2337 619 2420; x_wconf 78' lang='lat' dir='ltr'>offenderas,</span> <span class='ocrx_word' id='word_1_228' title='bbox 640 2338 819 2398; x_wconf 80' lang='lat' dir='ltr'>inimicitias</span> <span class='ocrx_word' id='word_1_229' title='bbox 834 2338 936 2398; x_wconf 82' lang='lat' dir='ltr'>domni</span> <span class='ocrx_word' id='word_1_230' title='bbox 953 2346 1076 2398; x_wconf 83' lang='lat' dir='ltr'>contra-</span> 
     </span>
     <span class='ocr_line' id='line_1_27' title="bbox 68 2418 1076 2498; baseline -0.002 -19"><span class='ocrx_word' id='word_1_231' title='bbox 68 2438 174 2480; x_wconf 83' lang='lat' dir='ltr'>aeras.</span> <span class='ocrx_word' id='word_1_232' title='bbox 209 2418 289 2480; x_wconf 82' lang='lat' dir='ltr'>llaec</span> <span class='ocrx_word' id='word_1_233' title='bbox 303 2421 519 2481; x_wconf 89' lang='lat' dir='ltr'>coniecturalia.</span> <span class='ocrx_word' id='word_1_234' title='bbox 552 2420 627 2481; x_wconf 91' lang='lat' dir='ltr'>Illud</span> <span class='ocrx_word' id='word_1_235' title='bbox 643 2436 776 2498; x_wconf 89' lang='lat' dir='ltr'>quoque,</span> <span class='ocrx_word' id='word_1_236' title='bbox 794 2419 871 2497; x_wconf 88' lang='lat' dir='ltr'>quod</span> <span class='ocrx_word' id='word_1_237' title='bbox 887 2419 995 2480; x_wconf 89' lang='lat' dir='ltr'>coloris</span> <span class='ocrx_word' id='word_1_238' title='bbox 1009 2419 1076 2479; x_wconf 89' lang='lat' dir='ltr'>loco</span> 
     </span>
     <span class='ocr_line' id='line_1_28' title="bbox 70 2503 1075 2582; baseline 0 -20"><span class='ocrx_word' id='word_1_239' title='bbox 70 2503 197 2562; x_wconf 90' lang='lat' dir='ltr'>rusticus</span> <span class='ocrx_word' id='word_1_240' title='bbox 213 2504 299 2579; x_wconf 89' lang='lat' dir='ltr'>dicit,</span> <span class='ocrx_word' id='word_1_241' title='bbox 315 2507 405 2582; x_wconf 87' lang='lat' dir='ltr'>patris</span> <span class='ocrx_word' id='word_1_242' title='bbox 420 2504 512 2564; x_wconf 85' lang='lat' dir='ltr'>fuisse</span> <span class='ocrx_word' id='word_1_243' title='bbox 530 2504 588 2563; x_wconf 92' lang='lat' dir='ltr'>tale</span> <span class='ocrx_word' id='word_1_244' title='bbox 605 2503 772 2578; x_wconf 89' lang='lat' dir='ltr'>consilium,</span> <span class='ocrx_word' id='word_1_245' title='bbox 794 2522 830 2562; x_wconf 95' lang='lat' dir='ltr'>ne</span> <span class='ocrx_word' id='word_1_246' title='bbox 847 2504 1009 2562; x_wconf 88' lang='lat' dir='ltr'>universam</span> <span class='ocrx_word' id='word_1_247' title='bbox 1026 2503 1075 2562; x_wconf 92' lang='lat' dir='ltr'>do·</span> 
     </span>
     <span class='ocr_line' id='line_1_29' title="bbox 69 2587 1077 2667; baseline 0 -23"><span class='ocrx_word' id='word_1_248' title='bbox 69 2604 143 2644; x_wconf 93' lang='lat' dir='ltr'>mum</span> <span class='ocrx_word' id='word_1_249' title='bbox 160 2587 294 2664; x_wconf 91' lang='lat' dir='ltr'>periculo</span> <span class='ocrx_word' id='word_1_250' title='bbox 317 2588 484 2648; x_wconf 90' lang='lat' dir='ltr'>subiiceret.</span> <span class='ocrx_word' id='word_1_251' title='bbox 525 2587 605 2648; x_wconf 90' lang='lat' dir='ltr'>Haec</span> <span class='ocrx_word' id='word_1_252' title='bbox 628 2587 718 2667; x_wconf 91' lang='lat' dir='ltr'>prima</span> <span class='ocrx_word' id='word_1_253' title='bbox 735 2588 906 2665; x_wconf 87' lang='lat' dir='ltr'>quaestione</span> <span class='ocrx_word' id='word_1_254' title='bbox 927 2587 1027 2664; x_wconf 89' lang='lat' dir='ltr'>scripti</span> <span class='ocrx_word' id='word_1_255' title='bbox 1049 2594 1077 2645; x_wconf 87' lang='lat' dir='ltr'>et</span> 
     </span>
     <span class='ocr_line' id='line_1_30' title="bbox 68 2669 1117 2732; baseline 0.004 -5"><span class='ocrx_word' id='word_1_256' title='bbox 68 2669 227 2729; x_wconf 86' lang='lat' dir='ltr'>voluntatis</span> <span class='ocrx_word' id='word_1_257' title='bbox 250 2674 441 2731; x_wconf 90' lang='lat' dir='ltr'>continentur.</span> <span class='ocrx_word' id='word_1_258' title='bbox 479 2672 661 2732; x_wconf 86' lang='lat' dir='ltr'>Intendamus</span> <span class='ocrx_word' id='word_1_259' title='bbox 682 2670 757 2730; x_wconf 91' lang='lat' dir='ltr'>ultra</span> <span class='ocrx_word' id='word_1_260' title='bbox 774 2671 895 2730; x_wconf 90' lang='lat' dir='ltr'>animum</span> <span class='ocrx_word' id='word_1_261' title='bbox 915 2670 1117 2731; x_wconf 76' lang='lat' dir='ltr'>videamus-54</span> 
     </span>
     <span class='ocr_line' id='line_1_31' title="bbox 70 2750 1077 2834; baseline 0 -23"><span class='ocrx_word' id='word_1_262' title='bbox 70 2771 144 2830; x_wconf 89' lang='lat' dir='ltr'>que,</span> <span class='ocrx_word' id='word_1_263' title='bbox 167 2771 202 2813; x_wconf 92' lang='lat' dir='ltr'>an</span> <span class='ocrx_word' id='word_1_264' title='bbox 219 2754 327 2832; x_wconf 87' lang='lat' dir='ltr'>aliquid</span> <span class='ocrx_word' id='word_1_265' title='bbox 342 2755 463 2815; x_wconf 92' lang='lat' dir='ltr'>inveniri</span> <span class='ocrx_word' id='word_1_266' title='bbox 478 2765 633 2834; x_wconf 89' lang='lat' dir='ltr'>praeterea</span> <span class='ocrx_word' id='word_1_267' title='bbox 648 2755 751 2832; x_wconf 88' lang='lat' dir='ltr'>possit.</span> <span class='ocrx_word' id='word_1_268' title='bbox 779 2754 844 2828; x_wconf 86' lang='lat' dir='ltr'>Quo</span> <span class='ocrx_word' id='word_1_269' title='bbox 860 2753 888 2813; x_wconf 92' lang='lat' dir='ltr'>id</span> <span class='ocrx_word' id='word_1_270' title='bbox 899 2753 985 2813; x_wconf 93' lang='lat' dir='ltr'>modo</span> <span class='ocrx_word' id='word_1_271' title='bbox 1008 2750 1077 2812; x_wconf 87' lang='lat' dir='ltr'>liet?</span> 
     </span>
     <span class='ocr_line' id='line_1_32' title="bbox 69 2836 1076 2917; baseline 0 -23"><span class='ocrx_word' id='word_1_272' title='bbox 69 2836 180 2896; x_wconf 89' lang='lat' dir='ltr'>Sedulo</span> <span class='ocrx_word' id='word_1_273' title='bbox 201 2839 296 2897; x_wconf 86' lang='lat' dir='ltr'>imitor</span> <span class='ocrx_word' id='word_1_274' title='bbox 318 2847 521 2916; x_wconf 86' lang='lat' dir='ltr'>quaerentem,</span> <span class='ocrx_word' id='word_1_275' title='bbox 542 2848 572 2900; x_wconf 88' lang='lat' dir='ltr'>ut</span> <span class='ocrx_word' id='word_1_276' title='bbox 594 2856 736 2917; x_wconf 89' lang='lat' dir='ltr'>quaerere</span> <span class='ocrx_word' id='word_1_277' title='bbox 759 2839 896 2913; x_wconf 90' lang='lat' dir='ltr'>doceam,</span> <span class='ocrx_word' id='word_1_278' title='bbox 920 2847 949 2897; x_wconf 93' lang='lat' dir='ltr'>et</span> <span class='ocrx_word' id='word_1_279' title='bbox 969 2837 1076 2897; x_wconf 90' lang='lat' dir='ltr'>omisso</span> 
     </span>
     <span class='ocr_line' id='line_1_33' title="bbox 70 2921 1075 2998; baseline -0.001 -21"><span class='ocrx_word' id='word_1_280' title='bbox 70 2921 254 2996; x_wconf 86' lang='lat' dir='ltr'>speciosiore</span> <span class='ocrx_word' id='word_1_281' title='bbox 280 2940 391 2998; x_wconf 83' lang='lat' dir='ltr'>genere</span> <span class='ocrx_word' id='word_1_282' title='bbox 416 2922 452 2982; x_wconf 90' lang='lat' dir='ltr'>ad</span> <span class='ocrx_word' id='word_1_283' title='bbox 475 2923 626 2982; x_wconf 90' lang='lat' dir='ltr'>utilitatem</span> <span class='ocrx_word' id='word_1_284' title='bbox 652 2941 698 2981; x_wconf 93' lang='lat' dir='ltr'>me</span> <span class='ocrx_word' id='word_1_285' title='bbox 724 2925 868 2982; x_wconf 90' lang='lat' dir='ltr'>summitto</span> <span class='ocrx_word' id='word_1_286' title='bbox 896 2922 1075 2981; x_wconf 88' lang='lat' dir='ltr'>discentium.</span> 
     </span>
     <span class='ocr_line' id='line_1_34' title="bbox 71 3001 1075 3084; baseline 0.001 -23"><span class='ocrx_word' id='word_1_287' title='bbox 71 3001 178 3063; x_wconf 90' lang='lat' dir='ltr'>Omnes</span> <span class='ocrx_word' id='word_1_288' title='bbox 201 3004 295 3064; x_wconf 89' lang='lat' dir='ltr'>adhuc</span> <span class='ocrx_word' id='word_1_289' title='bbox 314 3008 501 3083; x_wconf 91' lang='lat' dir='ltr'>quaestiones</span> <span class='ocrx_word' id='word_1_290' title='bbox 524 3025 561 3065; x_wconf 85' lang='lat' dir='ltr'>ex</span> <span class='ocrx_word' id='word_1_291' title='bbox 583 3023 709 3084; x_wconf 90' lang='lat' dir='ltr'>persona</span> <span class='ocrx_word' id='word_1_292' title='bbox 727 3007 862 3084; x_wconf 92' lang='lat' dir='ltr'>petitoris</span> <span class='ocrx_word' id='word_1_293' title='bbox 880 3007 976 3084; x_wconf 89' lang='lat' dir='ltr'>&#39;ipsius</span> <span class='ocrx_word' id='word_1_294' title='bbox 996 3004 1075 3064; x_wconf 86' lang='lat' dir='ltr'>duxi·</span> 
     </span>
     <span class='ocr_line' id='line_1_35' title="bbox 69 3087 1077 3168; baseline 0 -23"><span class='ocrx_word' id='word_1_295' title='bbox 69 3104 146 3156; x_wconf 91' lang='lat' dir='ltr'>mus;</span> <span class='ocrx_word' id='word_1_296' title='bbox 172 3106 223 3147; x_wconf 90' lang='lat' dir='ltr'>cur</span> <span class='ocrx_word' id='word_1_297' title='bbox 244 3106 302 3148; x_wconf 93' lang='lat' dir='ltr'>non</span> <span class='ocrx_word' id='word_1_298' title='bbox 326 3089 434 3167; x_wconf 88' lang='lat' dir='ltr'>aliquid</span> <span class='ocrx_word' id='word_1_299' title='bbox 457 3092 534 3150; x_wconf 90' lang='lat' dir='ltr'>circa</span> <span class='ocrx_word' id='word_1_300' title='bbox 556 3099 669 3168; x_wconf 89' lang='lat' dir='ltr'>patrem</span> <span class='ocrx_word' id='word_1_301' title='bbox 686 3087 870 3167; x_wconf 79' lang='lat' dir='ltr'>quaerimus?</span> <span class='ocrx_word' id='word_1_302' title='bbox 895 3089 1000 3148; x_wconf 91' lang='lat' dir='ltr'>dictum</span> <span class='ocrx_word' id='word_1_303' title='bbox 1019 3104 1077 3146; x_wconf 94' lang='lat' dir='ltr'>non</span> 
     </span>
     <span class='ocr_line' id='line_1_36' title="bbox 71 3169 1117 3256; baseline 0.001 -27"><span class='ocrx_word' id='word_1_304' title='bbox 71 3179 132 3246; x_wconf 93' lang='lat' dir='ltr'>est,</span> <span class='ocrx_word' id='word_1_305' title='bbox 158 3169 217 3232; x_wconf 80' lang='lat' dir='ltr'>Cui</span> <span class='ocrx_word' id='word_1_306' title='bbox 237 3175 305 3250; x_wconf 86' lang='lat' dir='ltr'>qais</span> <span class='ocrx_word' id='word_1_307' title='bbox 325 3193 385 3234; x_wconf 91' lang='lat' dir='ltr'>non</span> <span class='ocrx_word' id='word_1_308' title='bbox 406 3173 546 3256; x_wconf 78' lang='lat' dir='ltr'>affuerit,</span> <span class='ocrx_word' id='word_1_309' title='bbox 569 3175 698 3234; x_wconf 74' lang='lat' dir='ltr'>exheres</span> <span class='ocrx_word' id='word_1_310' title='bbox 720 3174 788 3234; x_wconf 81' lang='lat' dir='ltr'>erit.</span> <span class='ocrx_word' id='word_1_311' title='bbox 834 3171 893 3232; x_wconf 82' lang='lat' dir='ltr'>Gur</span> <span class='ocrx_word' id='word_1_312' title='bbox 911 3189 969 3232; x_wconf 93' lang='lat' dir='ltr'>non</span> <span class='ocrx_word' id='word_1_313' title='bbox 991 3179 1117 3232; x_wconf 73' lang='lat' dir='ltr'>conanti</span> 
     </span>
    </p>
   </div>
   <div class='ocr_carea' id='block_1_3' title="bbox 69 3255 1077 3503">
    <p class='ocr_par' dir='ltr' id='par_1_3' title="bbox 69 3255 1077 3503">
     <span class='ocr_line' id='line_1_37' title="bbox 69 3255 1076 3339; baseline 0 -25"><span class='ocrx_word' id='word_1_314' title='bbox 69 3273 132 3314; x_wconf 91' lang='lat' dir='ltr'>mur</span> <span class='ocrx_word' id='word_1_315' title='bbox 155 3264 184 3314; x_wconf 93' lang='lat' dir='ltr'>et</span> <span class='ocrx_word' id='word_1_316' title='bbox 206 3258 249 3315; x_wconf 92' lang='lat' dir='ltr'>sic</span> <span class='ocrx_word' id='word_1_317' title='bbox 272 3274 431 3334; x_wconf 87' lang='lat' dir='ltr'>quaerere,</span> <span class='ocrx_word' id='word_1_318' title='bbox 455 3255 551 3332; x_wconf 89' lang='lat' dir='ltr'>Nam,</span> <span class='ocrx_word' id='word_1_319' title='bbox 574 3259 745 3334; x_wconf 83' lang='lat' dir='ltr'>cnicnnqne</span> <span class='ocrx_word' id='word_1_320' title='bbox 766 3259 834 3334; x_wconf 85' lang='lat' dir='ltr'>qais</span> <span class='ocrx_word' id='word_1_321' title='bbox 851 3275 911 3317; x_wconf 90' lang='lat' dir='ltr'>non</span> <span class='ocrx_word' id='word_1_322' title='bbox 932 3256 1076 3339; x_wconf 77' lang='lat' dir='ltr'>affuerit?</span> 
     </span>
     <span class='ocr_line' id='line_1_38' title="bbox 69 3337 1077 3419; baseline 0.001 -23"><span class='ocrx_word' id='word_1_323' title='bbox 69 3337 202 3398; x_wconf 83' lang='lat' dir='ltr'>Facimus</span> <span class='ocrx_word' id='word_1_324' title='bbox 219 3339 275 3398; x_wconf 90' lang='lat' dir='ltr'>hoo</span> <span class='ocrx_word' id='word_1_325' title='bbox 288 3358 378 3417; x_wconf 90' lang='lat' dir='ltr'>saepe</span> <span class='ocrx_word' id='word_1_326' title='bbox 394 3341 472 3399; x_wconf 88' lang='lat' dir='ltr'>iniis</span> <span class='ocrx_word' id='word_1_327' title='bbox 489 3342 712 3416; x_wconf 91' lang='lat' dir='ltr'>controversiis,</span> <span class='ocrx_word' id='word_1_328' title='bbox 735 3342 764 3399; x_wconf 90' lang='lat' dir='ltr'>in</span> <span class='ocrx_word' id='word_1_329' title='bbox 780 3340 882 3418; x_wconf 91' lang='lat' dir='ltr'>quibus</span> <span class='ocrx_word' id='word_1_330' title='bbox 899 3349 1034 3419; x_wconf 87' lang='lat' dir='ltr'>petuntur</span> <span class='ocrx_word' id='word_1_331' title='bbox 1048 3340 1077 3398; x_wconf 93' lang='lat' dir='ltr'>in</span> 
     </span>
     <span class='ocr_line' id='line_1_39' title="bbox 69 3422 1075 3503; baseline 0.002 -23"><span class='ocrx_word' id='word_1_332' title='bbox 69 3422 201 3497; x_wconf 86' lang='lat' dir='ltr'>vincula,</span> <span class='ocrx_word' id='word_1_333' title='bbox 221 3424 269 3500; x_wconf 93' lang='lat' dir='ltr'>qui</span> <span class='ocrx_word' id='word_1_334' title='bbox 284 3434 419 3501; x_wconf 90' lang='lat' dir='ltr'>parentes</span> <span class='ocrx_word' id='word_1_335' title='bbox 436 3441 504 3483; x_wconf 93' lang='lat' dir='ltr'>suos</span> <span class='ocrx_word' id='word_1_336' title='bbox 522 3441 579 3483; x_wconf 94' lang='lat' dir='ltr'>non</span> <span class='ocrx_word' id='word_1_337' title='bbox 597 3425 690 3500; x_wconf 90' lang='lat' dir='ltr'>alunt,</span> <span class='ocrx_word' id='word_1_338' title='bbox 707 3434 737 3485; x_wconf 93' lang='lat' dir='ltr'>ut</span> <span class='ocrx_word' id='word_1_339' title='bbox 753 3443 834 3502; x_wconf 87' lang='lat' dir='ltr'>eam,</span> <span class='ocrx_word' id='word_1_340' title='bbox 858 3443 931 3503; x_wconf 89' lang='lat' dir='ltr'>quae</span> <span class='ocrx_word' id='word_1_341' title='bbox 947 3425 1075 3484; x_wconf 91' lang='lat' dir='ltr'>testimo·</span> 
     </span>
    </p>
   </div>
   <div class='ocr_carea' id='block_1_4' title="bbox 0 0 1288 4026">
    <p class='ocr_par' dir='ltr' id='par_1_4' title="bbox 0 0 1288 4026">
     <span class='ocr_line' id='line_1_40' title="bbox 0 0 1288 4026; baseline 0 0"><span class='ocrx_word' id='word_1_342' title='bbox 0 0 1288 4026; x_wconf 95' lang='lat' dir='ltr'> </span> 
     </span>
    </p>
   </div>
  </div>
 </body>
</html>
