2566 4026
388 191 882 281 1usr.onaron.n1n.xs1,s.-9.
1062 200 1123 265 259

118 371 368 447 consignationes,
385 370 480 448 ipsum
496 370 622 448 denique
639 368 836 428 adversarium
851 369 992 446 quaedam
1004 386 1062 430 non
1073 389 1123 432 ne·

116 464 259 535 getarum.
290 452 421 532 Ideoque
442 470 516 532 opus
533 462 579 512 est
593 452 697 513 intueri
713 469 798 512 omne
816 450 875 511 litis
889 453 1122 525 instrumentum
1133 468 1167 521 12

116 538 196 619 quod
215 538 317 599 videre
333 555 391 597 non
407 547 453 597 est
467 538 555 614 satis,
572 534 783 616 perlegendum
801 536 865 595 erit.
900 535 972 596 Nam
988 537 1124 618 frequen·

115 625 229 685 tissime
244 630 363 682 autnon
379 630 444 681 sunt
460 623 585 699 omnino,
602 637 678 699 quae
695 618 948 698 promittebantur,
967 629 1015 680 aut
1032 623 1124 682 minus

117 708 267 768 continent
287 715 336 766 aut
359 724 422 766 cum
449 705 507 767 alio
531 705 629 783 aliquo
656 705 789 764 nocituro
818 705 960 784 permixta
982 714 1049 765 sunt
1078 716 1126 766 aut

116 794 202 852 nimia
223 799 288 850 sunt
312 799 340 850 et
361 789 447 850 fidem
469 790 527 850 boc
549 791 614 868 ipso
637 788 821 864 detractura,
851 788 929 867 quod
946 806 1004 848 non
1018 788 1127 850 habent

115 876 241 936 modum.
274 874 408 953 Denique
428 875 516 935 linum
533 882 647 951 ruptum
663 881 711 933 aut
727 872 870 932 turbatam
885 891 983 934 ceram
998 883 1047 933 aut
1062 876 1125 934 sine
1134 885 1167 939 13

115 961 250 1038 agnitore
271 959 354 1036 signa
375 958 546 1037 frequenter
566 959 712 1025 invenies;
737 975 830 1036 quae,
854 957 910 1017 nisi
925 957 1002 1019 domi
1018 976 1124 1019 excus-

116 1046 210 1120 seris,
234 1044 263 1102 in
278 1043 345 1102 ioro
366 1043 513 1121 inopinata
532 1042 697 1120 decipient,
719 1040 845 1120 plusque
868 1042 1016 1102 nocebunt
1035 1042 1123 1103 desti·

116 1139 176 1189 tuta
195 1145 279 1206 quam
299 1144 358 1187 non
374 1128 518 1206 promissa
533 1127 712 1186 nocuissent.
741 1123 832 1185 Multa
848 1127 952 1202 etiam,
975 1144 1051 1206 quae
1068 1126 1123 1187 liti·

115 1221 203 1291 gator
219 1211 290 1271 nihil
310 1211 346 1272 ad
362 1229 477 1272 eausam
493 1211 641 1291 pertinere
666 1209 840 1286 crediderit,
866 1218 1004 1289 patronus
1029 1219 1123 1287 eruet,

114 1294 203 1356 modo
218 1313 272 1376 per
291 1312 402 1373 omnes,
419 1312 494 1375 quos
510 1294 688 1369 tradidimus,
710 1302 945 1373 argumentorum
961 1295 1046 1356 locos
1065 1302 1121 1355 cat.

83 1389 87 1393 ’
116 1381 199 1454 Quos
220 1388 251 1439 ut
273 1381 518 1458 circumspectare
539 1381 568 1439 in
585 1377 698 1457 agendo
716 1386 745 1438 et
761 1387 903 1438 attentare
925 1378 1056 1457 singulos
1072 1380 1166 1444 mill

115 1466 190 1524 nime
210 1465 360 1540 convenit,
379 1474 500 1543 propter
517 1482 588 1545 quas
604 1462 726 1523 diximus
746 1480 865 1522 causas:
882 1463 921 1523 ita
937 1464 966 1522 in
983 1462 1122 1524 discendo

116 1548 212 1610 rimari
228 1549 426 1609 necessarium
442 1558 502 1625 est,
520 1566 595 1628 quae
611 1563 773 1626 personae,
795 1564 870 1625 quae
886 1555 1029 1627 tempora,
1048 1565 1123 1627 quae

117 1631 201 1706 loca,
224 1633 369 1707 instituta,
390 1633 593 1708 instrumenta,
617 1640 791 1710 ceteraque,
817 1649 855 1691 ex
871 1632 974 1710 quibus
990 1650 1048 1693 non
1063 1641 1123 1692 tan·

116 1725 175 1775 tum
190 1715 271 1791 illud,
289 1715 367 1794 quod
384 1725 430 1777 est
445 1716 596 1778 artificiale
614 1716 794 1796 probationis
810 1734 920 1794 genus,
937 1716 1037 1796 colligi
1054 1733 1123 1796 pns-

115 1800 171 1874 sit,
195 1800 247 1861 sed
263 1802 311 1878 qui
326 1803 472 1863 metuendi
488 1810 597 1878 testes,
621 1800 768 1880 quomodo
782 1800 840 1860 sint
854 1801 1020 1863 refellendi.
1051 1800 1123 1861 Nam

114 1883 268 1964 plurimum
284 1885 392 1962 refert,
414 1884 519 1948 invidia
536 1903 605 1947 reus
621 1905 657 1947 an
673 1885 745 1948 odio
760 1903 797 1947 an
812 1894 978 1966 contemptu
996 1884 1123 1962 laboret,

116 1985 239 2046 quorum
258 1969 322 2030 lere
344 1987 412 2047 pars
434 1971 526 2048 prima
545 1973 732 2050 superiores,
753 1971 885 2049 proxima
906 1988 1012 2050 pares,
1036 1971 1123 2030 tertia

114 2051 286 2111 humiliores
302 2054 416 2128 premit.
448 2053 499 2112 Sic
516 2070 633 2114 eausam
648 2063 864 2132 perscrutatus,
880 2055 1042 2133 propositis
1057 2062 1122 2113 ante
1131 2061 1165 2114 15

117 2132 221 2194 oculos
243 2132 391 2210 omnibus,
419 2153 494 2214 quae
516 2137 629 2215 prosint
643 2146 821 2212 noceantne,
845 2137 959 2196 tertiam
982 2137 1122 2215 deinceps

116 2234 273 2298 personam
293 2217 391 2278 induat
411 2218 531 2296 iudicis,
552 2219 699 2299 fingatque
715 2219 791 2298 apud
806 2237 840 2278 se
861 2220 908 2297 agi
924 2238 1056 2296 causam,
1082 2228 1122 2295 et,

117 2301 194 2380 quod
212 2303 306 2380 ipsum
320 2302 462 2363 movisset
476 2302 513 2364 de
533 2303 635 2365 eadem
649 2322 682 2363 re
698 2303 959 2383 pronuntiaturum,
976 2304 1004 2364 id
1020 2311 1123 2383 poten·

116 2387 265 2462 tissimum,
285 2386 361 2466 apud
375 2405 576 2467 quemcunque
594 2396 707 2465 agetur,
725 2387 880 2447 emistimet.
908 2387 958 2448 Sic
974 2406 1039 2447 eum
1055 2403 1123 2447 raro

116 2470 200 2531 fallet
218 2480 357 2550 eventus,
376 2482 425 2533 aut
442 2472 529 2552 culpa
544 2472 646 2533 iudicis
663 2473 727 2533 erit.

467 2626 554 2688 QUAE
573 2626 607 2678 IN
625 2625 774 2678 AGENDIS.

202 2730 252 2791 IX.
274 2729 356 2804 Quae
373 2731 430 2790 sint
446 2730 482 2788 in
499 2729 641 2808 agendo
658 2728 856 2804 servanda,
872 2734 935 2789 toto
952 2727 1015 2788 lere
1029 2744 1124 2806 opere

117 2816 234 2874 executi
255 2832 368 2885 sumus;
395 2830 488 2895 panca
508 2820 606 2873 tamen
625 2813 745 2893 propria
765 2812 849 2873 huius
873 2812 948 2889 loci,
976 2829 1050 2891 qnae
1066 2828 1124 2870 non

115 2908 173 2958 tam
190 2899 305 2959 dicendi
321 2908 382 2959 arte
401 2915 486 2977 qnam
502 2897 608 2958 officiis
624 2899 737 2976 agentis
753 2899 951 2972 continentur,
974 2897 1122 2974 attingam.

114 2983 193 3042 Ante
215 2984 326 3059 omnia,
354 3001 407 3060 nc,
431 2980 509 3061 qnod
529 2981 680 3061 plerisque
704 2981 824 3058 accidit,
855 2981 890 3042 ab
912 2979 1034 3040 utilitate
1059 2996 1123 3039 enm

116 3085 223 3126 causae
238 3069 404 3146 praesentis
421 3066 526 3144 cupido
544 3065 636 3126 laudis
653 3064 786 3126 abducat.
818 3065 892 3126 Nam
907 3073 939 3124 ut
952 3063 1122 3142 gerentibus
1135 3068 1152 3120 2

113 3149 194 3209 bella
217 3167 275 3209 non
294 3168 411 3229 semper
435 3151 582 3211 exercitus
602 3167 657 3228 per
674 3149 759 3228 plana
776 3159 806 3210 et
825 3166 947 3211 amoena
973 3147 1122 3208 ducendus

114 3242 176 3308 est,
193 3233 247 3293 sed
262 3233 387 3295 adeundi
404 3233 575 3313 plerumque
587 3237 685 3314 asperi
701 3232 806 3310 colles,
825 3232 1037 3313 expugnandae
1053 3232 1123 3293 civi·
1159 3232 1162 3235 ’

113 3328 189 3379 tates
207 3316 364 3396 quamlibet
380 3319 522 3397 praecisis
539 3319 693 3398 impositae
707 3318 826 3401 rupibus
842 3327 892 3380 aut
907 3334 1029 3397 operum
1044 3315 1122 3377 mole

113 3403 270 3464 difficiles:
300 3402 339 3463 ita
364 3403 457 3463 oratio
479 3403 616 3480 gaudebit
632 3403 748 3483 quidem
769 3405 927 3465 occasione
946 3401 1050 3463 laetius
1072 3400 1121 3461 de·

113 3487 248 3550 currendi
271 3496 302 3547 et
323 3504 418 3587 aequo
443 3503 602 3566 congressa
625 3505 727 3568 campo
749 3497 825 3550 totas
839 3485 1123 3633 vireq7pppulariter
