2566 4026
171 146 173 150 ³
206 196 265 260 118
525 209 886 269 u.nan.on1nu1nrun1

203 384 262 444 quo
283 364 426 442 coepistis
448 364 597 443 epredere
610 365 776 443 aliquunde
794 381 835 423 ee
854 365 946 441 urbe,
966 374 1072 443 putent
1083 376 1209 465 portae,

159 448 411 528 eoprofieiecere.
447 445 508 505 Et
500 447 729 506 ineundemalio
746 447 836 506 libro:
854 445 952 524 Adiit,
969 452 1118 526 excessit,
1136 471 1210 514 eru·

200 533 266 612 pit,
284 532 388 593 word.
431 528 495 589 Hoc
511 528 640 590 Caecilio
655 522 979 608 uleouunpdrvidetur,
995 533 1024 592 id
1041 543 1102 608 est,
1118 534 1210 595 abun·

204 616 273 676 daus
293 632 382 693 super
400 615 605 674 nenessitatem
625 615 734 674 oratio:
761 616 836 674 sieut
856 614 906 674 illa
925 613 996 675 Vidi
1010 619 1116 679 ocutos
1137 626 1211 680 oute

202 702 269 778 ipse
284 717 374 760 meos.
417 697 450 758 ln
472 697 523 756 illo
544 699 618 756 eninr
632 699 698 759 uidi
715 700 791 758 inest
807 700 883 774 ipse.
924 698 1032 758 Verum
1046 700 1090 775 id,
1106 710 1137 761 ut
1152 703 1210 762 alio

204 799 320 862 quoque
344 782 411 842 loeo
434 781 510 856 dixi,
534 799 597 841 eum
619 799 800 859 supervacua
813 791 949 841 oneratur
966 782 1147 860 adiectione,
1168 787 1210 845 vi-

202 870 272 926 tium
295 875 354 934 est;
388 882 452 925 eum
475 875 563 942 auget
588 873 636 926 aut
660 867 823 925 manifestat
850 866 1019 925 sententiam
1046 869 1121 926 sieut
1151 868 1210 945 hio,

202 951 303 1010 virtus.
351 946 441 1024 Vidi,
471 950 556 1026 ipre,
589 956 659 1011 aute
684 951 804 1047 oeulos,
836 948 955 1009 totidem
981 959 1046 1010 sunt
1075 951 1210 1012 effeetus.

159 1031 262 1095 leur
288 1042 383 1092 tamen
410 1032 483 1092 haee
512 1034 630 1110 proprie
658 1033 772 1093 nomine
796 1032 846 1093 tali
875 1034 996 1109 notarit,
1027 1051 1084 1092 non
1110 1036 1210 1095 video

203 1116 276 1176 Nam
293 1126 323 1176 et
343 1117 497 1194 geminatio
515 1125 544 1175 et
559 1117 694 1194 repetitio
715 1126 745 1177 et
760 1116 969 1194 qualiscunque
985 1117 1109 1177 adiectio
1127 1122 1211 1178 ulau·

204 1192 314 1278 νασμὸς
333 1199 426 1260 videri
443 1209 551 1278 potest.
596 1199 659 1260 Nee
680 1200 770 1260 verba
790 1199 876 1260 modo
897 1200 951 1261 sed
971 1217 1074 1260 sensus
1091 1219 1212 1282 quoque

203 1283 279 1344 idem
307 1283 448 1344 facientes
477 1292 664 1344 acervantur·
707 1283 900 1346 Perturbatr'o
925 1287 1016 1345 istum
1046 1288 1156 1347 merdis·
1184 1293 1213 1348 el

203 1368 357 1448 quaedum
372 1370 523 1430 scelerum
541 1368 641 1452 offuso
656 1370 755 1448 eulipo
776 1375 803 1430 el
825 1369 972 1432 ardentes
987 1369 1144 1447 surdarum
1159 1371 1211 1449 su-

205 1470 257 1514 ees
278 1454 461 1514 excitarunt.
481 1481 488 1486 ·

162 1539 197 1594 48
290 1533 494 1614 Congerantur
509 1545 538 1596 et
556 1535 613 1596 div
623 1554 719 1596 ersa:
742 1533 870 1614 Mulier,
884 1537 1009 1615 tyranne¹
1024 1554 1122 1597 saeua
1138 1557 1211 1598 eru·

205 1621 333 1695 delites,
347 1622 448 1697 putris
467 1638 569 1695 umor,
591 1621 641 1681 iru
659 1637 831 1699 praeceps,
851 1621 1022 1696 temeritas,
1046 1622 1212 1683 dementia.

204 1701 242 1761 Et
256 1701 333 1780 apud
349 1701 496 1763 Ovidium:

247 1783 313 1846 Sed
328 1804 426 1865 praee
446 1784 612 1847 Nereidum
626 1806 753 1862 numen,
774 1788 832 1848 sed
851 1788 992 1865 eoruiper
1008 1782 1147 1863 Ammon,

247 1867 312 1930 Sed
328 1886 408 1948 quoe
427 1871 598 1931 uisceribus
617 1872 756 1932 ueniebat
777 1872 876 1933 bellue
897 1872 991 1949 ponti,

247 1949 472 2014 duraturuudu
488 1955 563 2014 mels
577 1988 618 1999 —

162 2034 319 2112 dilnueni,
347 2039 395 2115 qui
421 2046 450 2097 et
474 2036 530 2096 hoe
554 2030 668 2118 πλοκὴν
693 2047 829 2098 voearet:
862 2034 982 2110 Quaero
1006 2039 1045 2099 ab
1068 2038 1211 2114 interluit,

204 2123 304 2182 sintne
316 2121 394 2182 duee
407 2122 605 2199 invasitque,
622 2128 793 2200 compertu,
808 2122 985 2199 patefacta,
1001 2121 1141 2197 sublata,
1160 2122 1211 2181 de·

205 2205 283 2282 leid,
307 2205 442 2266 euliuola
459 2222 519 2283 per
536 2208 605 2267 me?
633 2207 678 2265 oui
703 2223 761 2274 non
780 2205 940 2280 assentior,
966 2222 1029 2264 eum
1050 2206 1107 2264 sint
1128 2205 1211 2263 unius

205 2288 316 2367 figurae
342 2297 371 2348 et
391 2290 497 2349 mixtae
516 2306 631 2387 quoque
648 2299 676 2349 et
697 2290 772 2350 idem
798 2298 827 2348 et
848 2288 993 2347 diuersum
1008 2276 1211 2365 significantia,

206 2371 284 2451 quod
304 2374 362 2432 et
354 2391 446 2450 ipsum
470 2365 632 2453 διαλλαγὴν
651 2382 768 2434 vorant.
811 2370 1018 2450 lueertlpdlo,
1043 2378 1211 2448 comperta,

202 2457 363 2536 patefacto
388 2457 464 2517 aliud
490 2457 657 2526 ostendunt;
686 2458 822 2533 sublate,
847 2457 961 2531 deletu,
985 2457 1121 2516 extinctu
1146 2462 1212 2513 sunt

164 2541 280 2601 ⁵01nten
293 2558 327 2600 se
342 2541 444 2601 similia
459 2540 512 2600 sed
527 2558 584 2600 non
597 2543 681 2601 etiarn
695 2540 849 2619 prioribus.
880 2538 917 2599 Et
928 2539 985 2598 hoo
1001 2550 1097 2599 autem
1113 2556 1210 2597 exem·

206 2624 285 2703 plum
303 2633 333 2683 et
350 2626 484 2702 superius
503 2624 587 2684 aliam
603 2641 718 2703 quoque
735 2623 862 2684 efficiunt
878 2623 1016 2700 figuram,
1034 2640 1126 2702 quae,
1145 2621 1212 2700 quia

208 2707 457 2768 coniunctionibus
489 2717 585 2784 earet,
620 2708 829 2768 dissolutio
859 2715 997 2774 vocatum
1034 2715 1118 2784 apta,
1148 2722 1212 2764 eum

207 2790 275 2870 quid
295 2794 443 2851 instantius
459 2791 593 2861 dirimus3
617 2810 681 2852 nam
701 2802 730 2853 et
745 2791 859 2868 singula
876 2790 1055 2850 inculcantur
1078 2798 1108 2848 et
1130 2787 1213 2867 quasi

206 2875 289 2954 plura
307 2874 385 2934 fiunt.
430 2874 560 2954 Ideoque
576 2877 680 2936 utimur
696 2877 751 2936 hae
766 2875 858 2952 ligura
873 2891 931 2934 non
944 2876 973 2932 in
988 2873 1110 2949 singulis
1125 2871 1211 2932 modo

205 2958 303 3018 verbis
320 2959 372 3019 sed
388 2961 537 3019 sententiis
553 2961 654 3036 etiarn,
677 2970 708 3021 ut
724 2957 828 3020 (litero
844 2957 913 3018 dicit
931 2966 1031 3018 eontra
1047 2957 1213 3016 contionem

205 3040 332 3102 Metelli:
365 3043 424 3116 Qui
438 3045 673 3144 iudicabuntur,
696 3063 747 3106 eos
766 3044 889 3117 uocari,
914 3042 1076 3117 custodiri,
1099 3041 1144 3102 ud
1163 3059 1211 3101 se·

205 3133 310 3187 uatum
325 3129 464 3188 adduci
452 3130 547 3200 russi,-
560 3130 593 3189 iu
604 3136 713 3191 eeuulu
727 3135 797 3188 suut
810 3128 918 3206 positi,
935 3135 963 3185 et
978 3134 1056 3185 totus
1067 3124 1115 3185 hie
1128 3125 1212 3185 loeus

205 3208 272 3267 talis
294 3219 347 3268 est.
390 3210 454 3271 Hoc
476 3230 568 3289 genus
584 3212 780 3294 βραχυλογίαν
795 3220 916 3286 vocant,
940 3228 1014 3287 quae
1029 3218 1129 3287 potest
1145 3224 1212 3268 esse

208 3293 343 3368 copulata
365 3294 527 3359 dissolutio.
575 3295 756 3357 Contrarium
778 3295 807 3355 id
824 3303 869 3355 est
883 3293 1017 3370 schema,
1042 3292 1121 3371 quod
1144 3309 1211 3351 eon·

166 3375 398 3436 tliunctionibus
415 3379 547 3439 abundat.
585 3379 660 3440 Illud
675 3371 850 3456 ἀσύνδετον,
868 3379 925 3438 hoe
942 3375 1161 3439 uutuou'uderou
1172 3375 1212 3435 di·

209 3457 290 3516 uitur.
331 3458 395 3521 Hoo
413 3472 458 3523 eet
473 3464 523 3524 vel
539 3463 641 3524 iisdem
656 3465 773 3544 saepius
787 3463 936 3544 repetitis:
958 3471 989 3523 ut
1010 3491 1013 3496 ·
