2566 4026
396 162 485 212 mss.
501 161 651 212 onnnon.
667 163 737 211 nm.
755 164 791 230 11,
807 161 849 215 15.
1090 151 1131 215 87

110 324 259 386 oratioue
280 319 515 400 persuasibilia.
564 317 620 391 oui
643 317 707 378 linis
722 327 751 378 et
772 319 843 380 illud
866 321 981 397 vitium,
1009 321 1046 383 do
1073 339 1130 401 quo

112 424 204 488 supra
228 405 367 482 diximus,
382 401 470 464 habet
488 412 518 463 et
531 404 667 482 insuper,
684 402 762 481 quod
778 403 848 464 nihil
867 406 921 464 nisi
936 407 1131 467 inventionem

112 491 345 570 complectitur,
361 505 436 567 quae
450 488 513 548 sine
529 487 696 547 elocutione
712 504 768 547 non
785 496 832 548 est
847 491 950 549 oratio.
981 490 1176 558 Herma-14

114 592 257 655 gorae,
279 574 328 651 qai
349 571 436 632 linem
455 574 517 631 eius
542 589 610 631 esse
630 573 669 631 ait
687 573 935 650 persuasibiliter
957 576 1078 652 dicere,
1102 585 1131 636 et
1159 604 1162 609 ·

113 661 193 736 aliis,
219 658 271 737 qui
288 656 409 717 eandem
426 657 598 717 sententiam
612 672 670 714 non
684 656 786 716 iisdem
801 665 910 717 tantum
923 658 1021 718 verbis
1039 660 1131 738 expli·

116 753 183 805 cant
199 761 239 802 ac
254 742 342 801 linem
352 758 421 801 esse
431 740 628 802 demonstrant
640 742 756 818 dicere,
773 756 854 819 quae
865 751 1014 821 oporteat,
1029 745 1132 804 omnio

114 831 161 890 ud
172 827 444 908 persuadendum,
462 827 532 885 satis
548 841 722 903 responsum
738 834 794 901 est,
809 843 873 884 cum
883 826 1063 904 persuadere
1074 843 1132 886 non

114 923 230 973 tantum
250 913 464 970 oratorisesse
481 910 667 970 convicimus.
697 908 805 968 ¹Addita
824 918 890 968 sunt
909 910 953 970 his
970 910 1025 970 alia
1041 913 1131 971 varie.
1142 924 1174 976 15

116 996 245 1070 Quidam
266 995 342 1054 enim
365 995 453 1056 circa
472 1013 525 1055 res
542 1012 662 1068 omnies,
683 992 796 1070 quidam
814 995 902 1055 circo
923 996 1028 1056 civiles
1046 995 1132 1055 modo

114 1081 235 1141 versari
253 1078 422 1139 rhetoricen
443 1086 629 1158 putaverunt;
652 1093 772 1154 quorum
793 1079 891 1137 verius
913 1088 1006 1138 utrum
1028 1081 1080 1155 sit,
1104 1082 1133 1139 in

116 1184 153 1226 eo
172 1165 266 1239 loco,
289 1164 338 1242 qui
360 1162 443 1222 huius
465 1163 643 1240 quaestionis
657 1163 793 1240 proprius
811 1170 870 1238 est,
893 1163 994 1222 dicam.
1033 1160 1132 1224 Omnia
1143 1174 1176 1229 16

115 1250 290 1310 subiecisse
307 1249 416 1307 oratori
428 1247 542 1307 videtur
560 1245 813 1323 Aristoteles,
834 1264 898 1306 cum
911 1248 982 1307 dixit
995 1249 1055 1308 cim
1067 1267 1134 1309 ease

116 1333 270 1408 uidendi,
294 1333 371 1409 quid
391 1334 423 1392 iu
443 1347 564 1410 quoque
581 1350 617 1391 re
633 1333 733 1409 poscit
756 1349 824 1392 esce
841 1332 1058 1409 persuasibile.
1096 1331 1134 1391 Et

118 1415 346 1490 Patrocles,
372 1417 495 1494 quinon
512 1416 627 1493 quidem
642 1414 739 1474 adiicit
754 1417 787 1476 iu
807 1431 996 1494 quoquere,
1018 1415 1071 1476 sed
1091 1417 1133 1476 ni·

118 1502 159 1562 hil
179 1500 360 1579 excipiendo
386 1499 462 1559 idem
485 1499 628 1574 ostendit,
653 1502 713 1560 cim
737 1502 812 1560 enim
835 1509 922 1560 vocat
944 1502 1132 1576 inveniendi,

118 1589 206 1666 quod
224 1587 268 1645 eit
285 1587 318 1646 in
329 1581 476 1646 *oratorie
491 1585 698 1662 persuasibile
705 1607 719 1655 ;
745 1587 793 1662 qui
814 1584 887 1644 fines
910 1594 939 1644 et
959 1587 1014 1664 ipsi
1041 1585 1134 1645 solam

120 1669 360 1749 complectuntur
382 1670 585 1728 inventionem.
630 1667 715 1741 Quod
734 1671 833 1728 vitium
856 1669 971 1746 lugiens
994 1669 1133 1731 Diodo-

120 1774 183 1815 rus
206 1755 272 1816 cim
291 1761 372 1832 putat
386 1755 563 1815 inveniendi
582 1761 611 1813 et
624 1753 770 1831 loquendi
791 1772 859 1814 cum
873 1762 984 1815 ornatu
998 1755 1134 1816 credibi-

121 1841 163 1904 lia
177 1841 212 1901 in
227 1839 311 1900 omui
325 1839 472 1899 oratioue.
511 1837 570 1897 Sed
593 1855 656 1896 cum
678 1838 781 1897 eodem
804 1837 890 1896 modo
908 1836 1058 1898 credibilia
1076 1843 1173 1915 quoti

120 1922 332 2003 persuasibilia
354 1924 441 1982 etiam
461 1939 519 1981 non
535 1930 635 1980 orator
649 1923 792 1998 inveniat,
818 1921 979 1981 adiiciendo
1002 1923 1033 1981 iu
1054 1923 1135 1982 omui

120 2009 264 2070 oratioue
291 2007 384 2083 magis
417 2023 500 2083 quam
523 2007 693 2084 superiores
721 2005 855 2064 concedit
877 2005 993 2064 scelera
1017 2021 1134 2083 quoque

120 2089 314 2152 suadentibus
330 2089 545 2169 pulcherrimae
560 2090 603 2148 rei
618 2106 732 2148 nomen.
768 2087 923 2165 Gorgias
947 2090 1023 2168 apud
1038 2089 1133 2150 Plato·
1143 2093 1177 2148 18

121 2194 188 2235 nem
210 2172 352 2234 suadendi
374 2191 408 2232 sc
430 2174 569 2233 artificem
591 2175 624 2234 iu
640 2175 766 2234 iudiciis
787 2183 815 2234 et
828 2175 901 2234 aliis
917 2175 1053 2236 coelibus
1066 2192 1134 2235 esse

121 2263 172 2334 ait,
192 2261 235 2320 de
248 2260 340 2320 iustis
355 2273 475 2336 quoque
490 2266 519 2319 et
532 2259 653 2319 iniustis
667 2265 826 2328 tractuum
843 2259 888 2317 cui
905 2259 1044 2318 Socrates
1065 2276 1132 2337 per·

123 2342 268 2404 suadendi
293 2359 352 2401 non
374 2341 499 2402 docendi
523 2341 659 2401 concedit
678 2340 854 2400 facultatem.
901 2341 956 2414 Qui
980 2360 1053 2401 vero
1075 2347 1178 2401 non19

122 2429 221 2488 omnia
241 2425 434 2486 subiiciebant
455 2427 580 2499 oratori,
605 2423 757 2482 sollicitius
786 2441 820 2482 ac
842 2424 1013 2500 verbosius,
1039 2434 1070 2483 ut
1083 2442 1134 2483 ne·

124 2530 214 2572 cesse
231 2520 310 2588 erat,
336 2509 526 2571 adhibuerunt
548 2508 724 2575 discrimina;
749 2523 871 2584 quorum
892 2507 944 2566 luit
961 2507 1133 2583 Ariston,

125 2595 251 2656 Critolai
268 2595 454 2674 Peripatetici
471 2592 647 2672 discipulus,
671 2591 751 2653 cuius
772 2588 821 2650 hic
842 2589 905 2649 linis
922 2600 982 2666 est,
1004 2593 1135 2652 scientia

123 2681 255 2742 uidendi
269 2688 297 2742 et
311 2681 427 2758 opeudi
439 2681 471 2739 iu
496 2676 724 2757 quaestionibus
739 2675 880 2737 ciuilibus
894 2677 1136 2753 perorationem

123 2764 290 2845 populosis
307 2765 531 2843 persuasionis.
574 2761 628 2821 Hic
650 2762 817 2836 scientiam,
843 2761 908 2838 quia
924 2758 1180 2839 Peripateticusio

126 2859 188 2924 est,
210 2865 286 2923 non,
310 2857 340 2907 ut
362 2847 470 2925 Stoici,
492 2848 607 2907 virtutis
629 2846 697 2905 loco
720 2846 815 2924 ponit;
846 2843 1018 2923 popularem
1041 2852 1136 2903 autem

128 2931 408 3012 comprehendendo
424 2933 645 3009 persuasionem
670 2931 755 2989 etiam
771 2928 998 2989 contumeliosus
1020 2936 1066 2988 est
1087 2928 1136 2988 ad·

128 3035 232 3077 versus
254 3025 346 3076 artem
371 3017 490 3091 orandi,
514 3033 597 3094 quam
616 3014 687 3074 nihil
709 3022 791 3093 putat
811 3014 905 3073 doctis
921 3030 1136 3092 persuasuram.

126 3101 202 3162 Illud
218 3101 256 3161 de
273 3099 423 3175 omnibus,
449 3101 496 3177 qui
521 3102 599 3159 circa
620 3099 722 3158 civiles
738 3099 851 3157 demum
867 3099 1054 3176 quaestiones
1072 3115 1136 3157 ora-

128 3194 222 3245 torem
241 3186 369 3245 iudicant
394 3185 523 3259 versari,
550 3183 657 3243 dictum
681 3185 735 3259 sit,
761 3181 877 3242 excludi
898 3182 934 3242 ab
953 3182 997 3241 his
1014 3181 1137 3261 plurima

128 3271 253 3330 oratoris
273 3269 387 3342 officia,
408 3268 485 3328 illam
502 3276 582 3326 certe
599 3267 770 3327 laudativam
785 3274 888 3343 totam,
911 3284 986 3344 quae
1010 3274 1056 3326 est
1070 3266 1136 3326 rhe-

128 3356 238 3416 torices
262 3371 332 3433 pars
353 3354 448 3411 tertia.
487 3348 605 3411 Cautius
631 3350 848 3411 Theodorus
876 3349 1079 3426 Gadareus,
1105 3357 1177 3412 util
1254 3376 1255 3385 ¹

129 3439 182 3498 iam
204 3438 241 3499 ad
264 3453 317 3497 eos
333 3437 497 3511 veniamus,
526 3437 574 3512 qui
593 3444 684 3495 artem
706 3435 820 3516 quidem
841 3452 908 3494 esse
933 3453 996 3495 eam
1013 3434 1138 3494 sednon
