2566 4026
158 187 200 250 68
468 199 831 259 ιι.ιιι.ιιιιιιιιιιι

157 363 202 414 ιιι
218 354 456 427 ratiocinationis,
473 361 503 411 ιι
519 351 596 430 quod
613 370 650 411 er
666 352 768 413 eadem
784 370 871 412 causa
886 353 960 412 inter
975 363 1066 414 status
1083 373 1152 434 quo·

113 447 148 504 17
157 456 213 518 que
230 437 396 497 habeamus.
427 437 476 495 Sic
493 444 521 495 et
538 453 575 495 ex
592 435 809 514 insequentibus
825 436 1009 514 amplificatio
1028 437 1153 510 ducitur;

156 521 298 600 siquidem
314 529 391 581 tanta
406 521 450 578 vis
466 518 519 578 fuit
533 520 590 578 vini
608 521 799 598 erumpentis,
821 529 852 579 ιι
873 537 929 580 ιιι
953 539 1051 580 casum
1067 523 1154 582 alier-

155 613 201 664 ret
216 613 264 664 aut
279 604 457 664 voluntatem
483 601 536 662 sed
561 605 784 678 necessitatem,
813 604 861 663 ubi
887 606 1000 664 minime
1023 605 1154 684 deceret,

155 686 306 757 vomendi;
325 697 355 747 ιι
371 687 452 747 cibus
467 702 525 745 non
540 704 656 762 recens,
671 696 701 747 ιι
713 687 848 747 accidere
859 688 972 747 interim
984 689 1072 765 solet,
1088 690 1154 750 red·

155 771 288 847 deretur,
309 771 362 831 sed
379 787 472 849 usque
489 770 517 828 in
532 779 682 848 posterum
697 771 772 831 diem
786 771 970 831 redundaret.
1005 771 1084 833 ldem
1098 773 1155 834 hoc

114 864 313 934 repraestant,
331 872 406 933 quae
422 862 652 915 antecesserunt.
697 853 769 914 Nam
790 871 853 913 cum
876 854 988 915 Aeolus
1010 874 1026 916 a
1046 855 1156 917 Iunone

153 947 272 1017 rogatus
908 973 910 977 Α

321 1053 364 1064 -
379 1040 488 1083 cecum
504 1040 652 1084 converso
669 1022 797 1100 cuspide
811 1030 940 1082 montem

248 1104 373 1185 Impulit
386 1107 419 1166 in
433 1107 527 1183 ictus,
548 1125 588 1168 oc
603 1105 688 1167 venti
697 1106 779 1166 velot
799 1107 919 1184 opneine
932 1107 1016 1185 fecto

257 1186 327 1264 Quo
345 1191 421 1251 doto
435 1199 544 1269 porto,
564 1197 674 1250 ruam:
698 1224 732 1233 -

79 1345 85 1355 ¹
113 1283 147 1340 19
156 1282 288 1353 apparet,
307 1282 411 1351 quanta
429 1275 465 1332 sit
484 1273 579 1333 futura
596 1281 764 1351 tempestas.
803 1268 899 1344 Quid?
922 1289 986 1331 cum
1007 1290 1055 1331 res
1079 1283 1154 1332 atro·

157 1359 304 1433 cissimas,
328 1375 458 1436 quasque
473 1358 502 1416 in
517 1374 653 1417 summam
669 1357 724 1434 ipsi
741 1354 893 1415 extulimus
908 1355 1042 1416 invidiam
1057 1356 1155 1417 eleva·

155 1459 217 1501 mus
235 1440 385 1516 consulto,
407 1457 464 1519 quo
480 1441 616 1518 graviora
635 1440 801 1515 videantur,
824 1455 898 1517 quae
921 1448 1056 1498 secutura
1075 1449 1140 1499 sunt

154 1534 217 1584 uta
234 1523 378 1584 Cicerone
395 1524 501 1584 factum
519 1533 574 1600 ιιι,
592 1542 655 1583 oum
670 1523 720 1583 illa
737 1523 862 1597 diceret,
886 1519 981 1584 Lecio
995 1530 1066 1584 runt
1079 1525 1156 1586 boec

154 1609 188 1667 ia
203 1609 260 1670 boc
273 1626 335 1668 reo.
362 1605 473 1668 Melum
493 1609 652 1685 cirporum
666 1607 846 1669 concretes
859 1607 1064 1668 nobilissimae
1080 1609 1155 1668 cici·

155 1693 227 1751 tctis
243 1693 341 1769 pretio
359 1692 487 1752 redemit
493 1713 505 1749 .·
520 1692 683 1751 domenum
695 1699 748 1751 est.
784 1687 888 1762 Alios,
909 1711 948 1752 ne
962 1692 1067 1752 securi
1080 1691 1154 1769 feri-

113 1776 429 1853 201·etur,peooniem
444 1775 546 1834 dedit:
562 1775 705 1834 usitatum
727 1783 782 1834 est.
809 1772 912 1833 Nonne
923 1792 992 1833 ιιιι
1009 1783 1053 1833 ιιι
1068 1775 1155 1834 ιιιίο-

157 1853 317 1933 cinctione,
342 1874 398 1935 qua
422 1857 597 1935 colligerent
619 1856 786 1933 audientes,
815 1867 949 1934 quantum
972 1856 1043 1917 illud
1065 1867 1155 1934 esset,

156 1941 234 2021 quod
250 1941 443 2017 inferebatur,
466 1941 511 2000 cui
528 1949 692 2019 comparata
707 1940 781 2000 haec
795 1940 962 2001 viderentur
976 1941 1097 2001 humana
1115 1950 1156 2001 at·

159 2043 216 2103 que
234 2022 360 2084 usitata?
394 2025 443 2084 Sic
459 2041 576 2103 quoque
592 2024 669 2084 solet
685 2043 722 2084 ex
738 2024 795 2084 alio
812 2024 888 2084 aliud
904 2026 1019 2102 augeri:
1044 2033 1074 2084 ut
1090 2043 1154 2083 cum

155 2107 322 2168 Hannibalis
345 2107 461 2168 bellicis
485 2107 616 2168 laudibus
643 2108 795 2187 ampliatur
822 2109 913 2167 virtus
937 2108 1101 2186 Scipionis,
1128 2117 1157 2168 et

156 2192 353 2252 fortitudinem
370 2191 517 2252 Gallorum
534 2191 797 2270 Germanorumque
809 2193 952 2268 miramur,
972 2209 1029 2270 qno
1045 2193 1082 2251 sit
1098 2209 1156 2252 ma·

115 2276 200 2337 tlior
221 2273 254 2336 G.
277 2274 412 2336 Caesaris
432 2276 537 2353 gloria.
580 2275 653 2336 Illud
682 2293 798 2355 quoque
823 2285 868 2335 est
896 2294 934 2335 ex
955 2275 1097 2336 relatione
1121 2275 1156 2335 ad

156 2359 274 2437 aliquid,
291 2360 369 2437 quod
384 2377 441 2419 non
457 2361 519 2419 eius
535 2361 577 2419 rei
588 2362 680 2436 gratia
693 2361 797 2420 dictum
812 2359 936 2436 videtur,
957 2360 1156 2438 amplificatio·

155 2445 199 2502 nis
214 2462 317 2519 genus.
361 2442 427 2503 Non
447 2452 548 2522 putant
570 2444 715 2522 indignum
736 2443 852 2503 Troiani
867 2444 1030 2522 principes,
1054 2441 1156 2504 Graios

157 2526 357 2604 Troianosque
372 2535 494 2605 propter
510 2526 639 2587 Helenae
655 2529 785 2605 speciem
801 2536 844 2586 tot
860 2527 935 2587 mala
951 2536 1028 2588 tanto
1045 2536 1156 2605 tempo·

155 2611 195 2669 ris
212 2613 306 2688 spatio
323 2612 483 2670 sustinere:
503 2628 643 2688 quaenam
659 2612 745 2688 igitur
760 2610 810 2670 illa
824 2611 916 2671 lorma
929 2611 1073 2671 credenda
1089 2607 1156 2669 est?

155 2691 221 2752 Non
237 2695 312 2753 enim
326 2693 384 2753 hoo
402 2694 470 2754 dicit
483 2693 579 2770 Paris,
597 2695 644 2772 qui
660 2695 769 2771 rapuit,
786 2710 843 2752 non
862 2694 966 2772 aliquis
981 2695 1092 2754 iuvenis
1109 2702 1157 2753 aut

156 2795 228 2836 unus
252 2796 268 2836 e
290 2777 381 2854 vulgo
408 2777 460 2837 sed
476 2794 563 2836 senes
579 2786 608 2837 ct
623 2778 835 2856 prudentissimi
854 2786 883 2837 et
899 2777 1011 2838 Priamo
1027 2778 1155 2838 assiden-

114 2868 211 2921 22tes.
242 2860 350 2920 Verum
366 2869 395 2920 et
409 2863 473 2939 ipse
489 2878 542 2919 rex
555 2861 677 2921 decenni
697 2859 777 2920 bello
799 2860 956 2921 exhaustus
980 2861 1091 2921 amissis
1114 2869 1157 2921 tot

156 2944 273 3020 liberis,
298 2945 460 3004 imminente
482 2962 591 3004 summo
614 2944 793 3020 discrimine,
820 2946 865 3005 cui
881 2945 985 3004 faciem
1001 2944 1095 3020 illam,
1119 2962 1157 3003 ex

157 3045 213 3106 qna
228 3037 271 3087 tot
288 3028 469 3088 lacrimarum
485 3029 568 3105 origo
586 3028 734 3104 fluxisset,
757 3028 876 3087 invisam
890 3037 975 3106 atque
992 3028 1156 3088 abominan-

157 3111 221 3171 dam
243 3130 310 3172 esse
326 3112 497 3191 oportebat,
520 3121 548 3171 et
564 3112 641 3172 audit
661 3111 736 3172 haec
761 3121 790 3172 ιι
813 3130 875 3172 eam
896 3112 983 3171 liliam
1004 3111 1156 3189 appellans

157 3194 237 3254 iuxta
253 3213 285 3254 ιι
302 3195 380 3256 Ιοιιι
396 3205 425 3255 ιι
441 3204 561 3256 excusat
577 3197 662 3255 etiam
677 3205 764 3273 atque
780 3196 835 3255 sibi
851 3214 917 3255 esse
933 3195 1073 3255 malorum
1090 3211 1157 3253 cau·

115 3282 219 3338 assam
238 3287 335 3356 negat.
368 3278 432 3339 Nec
446 3279 513 3339 mihi
528 3279 641 3338 videtur
663 3280 691 3337 in
707 3279 862 3357 Symposio
879 3279 979 3354 Plato,
998 3297 1061 3338 oum
1076 3277 1156 3340 ntor-

156 3359 270 3420 biadem
287 3363 469 3423 confitentem
486 3363 522 3423 de
537 3380 581 3439 ιι,
599 3362 666 3440 quid
681 3381 698 3422 ι
715 3364 837 3422 Socrate
853 3365 911 3441 pati
926 3362 1069 3437 voluerit,
1092 3378 1156 3422 nar·

157 3453 213 3521 ιιι,
229 3453 260 3506 ιι
277 3445 356 3505 illum
370 3446 517 3526 culparet,
540 3447 614 3506 haec
629 3446 796 3516 tradidisse;
821 3446 890 3522 sed,
914 3456 944 3506 ιι
965 3445 1095 3508 Socratis
1114 3445 1145 3505 in
