2566 4026
223 137 265 199 oo
541 149 578 196 m.
594 147 673 194 nus.
693 147 915 207 Qurnrmmm

224 303 345 367 minibus
363 304 420 365 illis
436 304 606 381 frequenter
622 297 780 362 inseritur?
810 300 875 363 Non
896 319 1062 362 communes
1078 302 1149 378 loci,
1170 303 1234 364 sive

225 391 273 471 qui
296 396 362 449 sunt
383 389 412 447 in
433 388 502 447 vitia
526 387 645 462 directi,
672 386 774 465 quales
798 385 923 463 legimus
945 405 962 446 a
986 384 1130 446 Cicerone
1155 403 1233 449 com·

224 474 354 553 positos3
377 489 430 532 seu
447 469 551 549 quibus
570 471 758 550 quaestiones
776 470 955 548 generaliter
972 479 1141 547 tractantur,
1164 490 1233 552 qua·

225 560 269 620 les
292 563 358 616 sunt
375 556 443 617 editi
462 572 478 616 a
500 552 606 627 Quinto
630 571 748 634 quoque
766 554 938 615 Hortensio:
962 564 1003 631 ut,
1024 553 1111 618 Sitne
1122 559 1235 635 porois

224 642 412 721 orpumentt'o
426 638 632 714 eredendum,
656 647 686 699 et
698 657 759 718 pro
774 640 901 700 testibus
913 647 941 699 et
955 641 988 700 t'n
1004 648 1108 715 testes,
1126 641 1155 699 in
1174 659 1233 700 me·

186 726 279 786 ltdiis
303 725 396 785 litium
419 721 553 783 medullis
575 719 753 782 versantur?
797 722 885 785 Arma
908 732 974 783 sunt
994 723 1069 784 baec
1095 725 1232 802 quodam·

223 807 310 869 modo
333 806 534 887 praeparanda
556 824 690 886 semper,
713 807 813 882 otiis,
839 825 904 868 cum
925 825 973 867 res
992 817 1108 886 poscet,
1131 811 1232 868 utaris.

225 893 307 967 Quae
327 892 377 971 qui
394 892 543 971 pertinere
561 891 597 951 ad
615 891 778 952 orationem
794 907 853 950 non
868 890 996 970 putabit,
1020 893 1044 951 is
1060 910 1097 952 ne
1111 901 1234 954 statuam

226 977 343 1055 quidem
366 975 496 1037 inchoari
516 974 633 1052 credet,
658 993 722 1035 cum
742 976 803 1034 eius
822 975 952 1036 membra
968 974 1131 1036 fundentur.
1175 975 1233 1036 Ne-

226 1078 283 1139 que
299 1060 374 1122 bane
393 1060 439 1138 (ut
459 1060 548 1138 ailqui
567 1058 723 1138 putabunt)
741 1058 957 1120 festinationem
979 1077 1073 1120 meam
1092 1061 1136 1120 sic
1155 1062 1233 1138 quis·

226 1163 311 1225 quam
331 1144 531 1219 calumnietur,
549 1151 685 1222 tanquam
702 1161 784 1219 eum,
808 1144 857 1222 qui
881 1145 917 1203 sit
935 1144 1046 1204 rhetori
1064 1144 1233 1221 tradendus,

186 1228 425 1291 raatdncendum
445 1229 576 1307 protinus
599 1225 828 1289 adrammaticis
844 1237 952 1307 putem.
985 1226 1135 1288 Dabuntur
1150 1237 1179 1287 et
1199 1228 1233 1288 il-

225 1313 261 1373 lis
288 1321 348 1373 tum
372 1329 489 1392 quoque
510 1320 643 1390 tempora
666 1329 729 1388 sua,
748 1329 845 1391 neque
864 1313 919 1372 erit
940 1312 1108 1388 verendum,
1130 1330 1166 1370 ne
1190 1311 1233 1371 bi-

225 1398 269 1458 nis
290 1395 533 1475 praeceptoribus
556 1404 695 1454 oneretur
716 1413 799 1474 puer.
844 1395 910 1457 Non
938 1399 1012 1456 enim
1042 1404 1158 1456 crescet
1180 1396 1234 1456 sed

226 1479 384 1555 dividetur,
409 1480 458 1558 qui
480 1478 533 1538 sub
556 1494 614 1537 uno
635 1478 823 1555 miscebatur,
849 1480 943 1557 labor,
967 1490 997 1541 et
1020 1482 1075 1540 erit
1096 1480 1140 1540 sui
1156 1481 1233 1558 quis-

227 1581 284 1642 que
306 1563 405 1641 operis
423 1563 561 1640 magister
578 1561 690 1631 utilior;
716 1563 793 1640 quod
812 1562 906 1624 adhuc
929 1564 1061 1625 obtinent
1080 1563 1196 1640 Graeci,
1218 1583 1232 1628 a

225 1645 332 1708 Latinis
355 1647 493 1706 omissum
516 1654 577 1722 est,
608 1654 638 1705 et
659 1645 722 1705 lieri
745 1647 859 1707 videtur
881 1658 1038 1723 excusate,
1068 1650 1134 1727 quia
1157 1657 1233 1724 sunt,

226 1732 275 1810 qui
297 1730 391 1791 labori
413 1731 461 1789 isti
481 1729 688 1791 successerint.

386 1884 429 1934 DE
444 1883 587 1935 MORIBUS
603 1884 645 1933 ET
662 1882 798 1935 otricus
817 1884 1071 1937 PRAECEPTORIS.

309 1978 344 2039 ll.
376 1979 457 2058 ldrgo
482 1999 546 2041 cum
566 1979 671 2041 adeas
694 1982 723 2040 in
745 1980 847 2041 studiis
864 1982 942 2040 vires
963 1984 1131 2061 pervenerit
1148 2001 1231 2060 puer,

224 2072 272 2139 ut,
301 2082 376 2141 quae
404 2066 495 2143 prima
517 2083 585 2125 esse
614 2073 775 2144 praecepta
796 2065 945 2125 rhetorum
967 2067 1104 2143 diximus,
1136 2076 1233 2126 mente

226 2149 366 2225 consequi
384 2150 488 2227 possit,
507 2149 663 2210 tradendus
683 2150 745 2208 elus
767 2151 836 2208 artis
859 2151 1004 2227 magistris
1022 2152 1090 2219 erit;
1111 2168 1233 2228 quorum

197 2230 253 2296 uin
267 2231 366 2308 primis
390 2233 495 2310 inspici
518 2250 640 2294 mores
663 2231 821 2312 oportebit.
859 2233 945 2307 Quod
968 2252 1024 2312 ego
1040 2252 1098 2294 non
1120 2234 1231 2294 idcirco

225 2315 405 2393 potissimum
428 2317 457 2376 in
478 2316 535 2377 bac
556 2327 640 2396 parte
663 2326 790 2378 tractare
811 2336 874 2377 sum
890 2336 1060 2396 aggressus,
1085 2320 1151 2397 quia
1174 2335 1232 2377 non

224 2400 252 2458 in
276 2399 383 2459 ceteris
407 2416 525 2479 quoque
547 2400 717 2462 doctoribus
736 2402 813 2462 idem
832 2400 890 2462 hoc
914 2404 1131 2464 examinandum
1147 2421 1232 2480 quam

224 2482 446 2559 dlligentissime
468 2493 585 2564 putem,
614 2488 690 2546 sicut
712 2494 834 2546 testatus
857 2505 920 2545 sum
942 2487 1017 2547 libro
1040 2489 1153 2566 priore;
1178 2486 1232 2546 sed

225 2567 303 2646 quod
317 2569 409 2646 magis
425 2570 623 2630 necessariam
644 2571 705 2630 eins
727 2570 771 2627 rei
793 2571 966 2628 mentionem
984 2571 1053 2630 lacit
1069 2578 1149 2628 aetas
1166 2571 1232 2646 ipsa

196 2651 404 2716 ddiscentium.
449 2651 522 2713 Nam
544 2663 573 2712 et
598 2654 686 2715 adulti
701 2653 765 2711 lere
788 2653 871 2730 pueri
895 2653 930 2711 ad
948 2653 1001 2712 bos
1018 2660 1230 2730 praeceptores

224 2736 435 2796 transferuntur
457 2746 487 2796 et
509 2735 584 2815 apud
612 2753 665 2797 eos
686 2737 806 2794 iuvenes
829 2736 914 2794 etiam
936 2735 1006 2795 iacti
1022 2744 1228 2814 perseverant·

224 2820 351 2899 ideoque
368 2820 460 2880 maior
477 2819 637 2880 adhibenda
653 2829 712 2879 tum
728 2835 797 2878 cura
813 2827 874 2893 est,
897 2828 928 2878 ut
950 2828 979 2879 et
1000 2820 1164 2879 teneriores
1182 2838 1230 2878 an·

225 2921 278 2962 nos
300 2903 336 2963 ab
365 2904 468 2964 iniuria
489 2904 627 2964 sanctitas
649 2903 781 2963 docentis
804 2902 949 2964 custodiat
978 2914 1006 2964 et
1027 2903 1192 2963 ferociores
1215 2922 1231 2963 a

196 2986 342 3048 llicentia
357 2989 485 3064 gravitas
498 2988 655 3050 deterreat.
685 2986 790 3065 Neque
800 3003 872 3045 vero
883 2996 928 3047 sat
940 2998 986 3048 est
996 3006 1133 3048 summam
1145 3005 1229 3066 prae-

225 3077 303 3129 stare
320 3070 537 3148 abstinentiam,
561 3072 615 3131 nisi
633 3071 805 3149 disciplinae
822 3073 980 3134 severitate
1000 3073 1230 3135 convenientium

225 3170 341 3232 quoque
357 3155 441 3214 adse
458 3172 555 3216 mores
572 3156 746 3240 astrinxerit.

308 3238 408 3298 Sumat
427 3240 516 3318 igitur
536 3249 601 3301 ante
623 3240 717 3301 omnia
741 3240 869 3317 parentis
895 3259 966 3321 erga
985 3241 1145 3320 discipulos
1161 3257 1231 3299 suos

225 3320 363 3397 animum,
381 3340 416 3382 ac
431 3324 594 3385 succedere
610 3343 643 3385 se
660 3327 689 3384 in
705 3339 805 3384 eorum
821 3324 934 3403 locum,
961 3345 977 3387 a
998 3325 1101 3404 quibus
1125 3325 1181 3384 sibi
1197 3324 1231 3383 li·

195 3402 288 3464 theri
300 3405 464 3484 tradantur,
488 3409 642 3469 existimet.
682 3408 751 3488 lpse
774 3426 830 3468 nec
850 3409 957 3471 habeat
976 3412 1044 3470 vitia
1067 3429 1122 3470 nec
1144 3409 1232 3468 ierat.
