2566 4026
205 127 268 188 200
526 138 892 198 u.ssu.ournu1u1unr

205 314 243 357 ex
259 292 422 371 responsis,
439 291 576 367 oraculis,
599 293 754 353 ominibus:
773 294 918 373 duplicem
934 295 1007 356 sciat
1023 314 1090 357 esso
1107 316 1207 361 eorum

205 386 371 451 mactatum,
394 376 563 453 generalem
583 376 721 454 alterum,
746 380 774 436 in
792 395 850 456 quc
866 380 940 439 iuter
955 379 1073 440 Stoicos
1092 392 1121 442 et
1138 381 1207 462 llpi·

206 463 266 523 curi
281 468 391 521 sectam
412 469 531 520 secutos
553 477 649 538 pugna
670 470 812 540 perpetua
834 471 896 539 est,
918 471 1086 542 regaturne
1101 471 1207 544 proci-

204 547 310 608 dentia
325 545 476 614 mundun
491 543 651 622 specialem
670 545 791 605 alterum
807 545 885 607 circa
898 556 996 624 partes
1012 547 1205 628 divinationis,

161 639 233 696 aaut
254 645 387 707 quaeque
408 628 437 686 in
459 628 659 706 quaestionem
682 630 767 690 cadit.
808 628 904 690 Aliter
926 631 1000 690 enim
1022 633 1206 693 oraculorum

204 713 288 774 aliter
309 712 488 790 aruspicum,
517 729 671 789 augurum,
700 714 915 789 coniectorum,
942 714 1207 777 mathematicorum

203 796 275 857 lides
298 796 460 856 confirmari
482 803 530 854 aut
556 795 654 855 reielli
676 805 790 874 potest,
821 815 886 856 cum
904 800 942 857 sit
962 817 1058 858 rerum
1080 801 1207 879 ipsarum

203 883 276 941 ratio
301 880 426 940 diversa.
464 876 550 938 (liuca
573 880 713 939 eiusmodi
731 897 848 961 quoque
862 882 1050 943 instrumenta
1070 884 1206 944 lirmauda

203 964 252 1024 vel
275 962 449 1024 destruenda
477 962 594 1022 multum
620 962 708 1023 hahet
730 967 828 1042 operis
857 966 968 1040 oratio,
997 968 1021 1024 si
1049 985 1124 1045 quae
1150 970 1206 1027 sint

203 1065 294 1108 voces
312 1065 366 1126 per
379 1047 485 1122 vinum,
503 1063 642 1123 somnum,
665 1047 835 1108 dementiam
859 1050 993 1126 emissae,
1015 1051 1065 1112 vel
1081 1061 1206 1130 excepta

203 1131 388 1211 parvulorum
418 1129 539 1206 indicia,
569 1147 642 1209 quos
666 1149 734 1209 pars
754 1132 846 1193 altera
867 1131 936 1193 nihil
956 1133 1084 1212 lingere,
1113 1135 1206 1195 altera

159 1215 272 1291 37uihil
293 1216 423 1275 iudicare
445 1212 555 1274 dictura
577 1223 630 1274 est.
668 1214 732 1275 Nec
745 1224 853 1276 tautum
870 1219 1012 1294 praestari
1034 1217 1091 1279 hoc
1110 1237 1204 1296 genus

202 1309 349 1379 potenter,
373 1297 426 1359 sed
448 1298 544 1375 etiam,
565 1297 614 1357 uhi
635 1315 693 1358 uon
715 1308 778 1376 est,
801 1300 962 1361 desiderari
977 1301 1070 1362 solet:
1092 1302 1204 1363 Pecu·

202 1385 292 1444 niam
314 1381 469 1449 dedisti;
493 1382 575 1461 quis
599 1381 826 1444 numeravit?
848 1381 928 1444 uhi?
944 1383 1059 1446 uude?
1080 1386 1204 1445 Vena·

202 1485 281 1527 uum
306 1466 444 1545 arguis;
476 1464 535 1524 uhi
557 1463 647 1525 emi?
675 1465 805 1547 aquo?
832 1466 982 1547 quanti?
1010 1487 1075 1547 per
1103 1489 1205 1549 quem

203 1547 309 1611 dedi?
336 1567 405 1628 quo
435 1547 615 1608 conscio?
665 1552 747 1623 Quae
775 1551 839 1611 iere
871 1552 964 1612 omnia
993 1570 1046 1631 pro
1070 1551 1204 1613 Cluentio

203 1631 309 1693 (licere
331 1633 495 1693 incrimine
518 1633 653 1692 veneficii
675 1636 794 1695 excutit.
829 1635 910 1695 Haec
925 1635 961 1695 de
977 1636 1204 1696 inartificialibus

203 1735 287 1795 quam
307 1715 478 1776 brevissime
503 1717 593 1794 potui.

452 1870 497 1919 DE
519 1869 726 1919 PROBATIONE
744 1870 950 1923 ARTIFIGIALI.

285 1964 362 2024 Vlll.
389 1965 458 2026 Pars
479 1966 570 2026 altera
591 1967 804 2045 probationum,
829 1984 903 2045 quae
926 1974 971 2026 est
991 1967 1105 2025 totuin
1125 1975 1202 2027 arte

203 2058 374 2126 constatque
395 2049 482 2108 rebus
505 2050 540 2110 ad
562 2050 722 2111 faciendam
744 2051 829 2112 iidem
849 2050 1007 2128 appositis,
1030 2049 1202 2129 plerumque

202 2143 250 2192 aut
277 2135 392 2192 omniuo
416 2133 574 2211 negligitur
600 2144 648 2196 aut
670 2135 817 2195 levissime
839 2135 987 2211 attingitur
1007 2133 1043 2193 ah
1065 2134 1126 2210 his,
1155 2137 1203 2211 qui

202 2226 370 2294 argumenta
391 2218 471 2277 velut
492 2217 608 2279 horrida
623 2228 658 2290 et
688 2219 863 2296 confragosa
883 2220 1008 2278 vitantes
1031 2220 1202 2279 amoeniori-

201 2299 255 2359 bus
277 2300 351 2360 locis
374 2301 523 2377 desident,
551 2321 647 2382 neque
675 2303 760 2363 aliter
783 2321 868 2382 quam
885 2303 920 2379 ii,
946 2305 994 2381 qui
1016 2302 1164 2363 traduntur
1187 2321 1203 2361 a

201 2386 297 2463 poetis
319 2393 405 2462 gustu
433 2387 579 2446 cuiusdam
605 2386 680 2464 apud
698 2387 887 2466 Lotophagos
914 2388 1051 2464 graminis
1074 2395 1103 2446 et
1126 2387 1202 2446 Sire-

202 2486 266 2527 num
289 2477 371 2528 cantu
388 2469 506 2529 deleniti
524 2470 702 2548 voluptatem
718 2471 803 2531 saluti
819 2471 1005 2549 praetulisse,
1029 2471 1095 2531 dum
1110 2469 1202 2529 laudis

201 2552 303 2611 falsam
324 2554 477 2630 imaginem
499 2563 723 2632 persequuntur,
745 2557 820 2632 ipsa,
843 2562 1064 2632 propterquam
1087 2554 1200 2626 dicitur,

171 2637 323 2705 victoria
347 2638 460 2697 cedunt.
497 2637 586 2717 Atqui
605 2647 714 2712 cetera,
735 2656 810 2715 quaa
833 2639 968 2697 continuo
986 2636 1077 2711 magis
1094 2637 1199 2693 oratio·

200 2721 244 2778 uis
267 2729 360 2779 tractu
382 2721 556 2796 decurrunt,
581 2722 610 2779 in
629 2720 766 2780 auxilium
788 2730 875 2797 atque
898 2726 1094 2779 ornamentum
1115 2734 1199 2793 argu·

200 2812 359 2863 mentorum
382 2813 594 2882 comparantur,
618 2804 774 2883 nervisque
795 2803 870 2879 illis,
895 2801 997 2880 quihus
1021 2818 1108 2859 causa
1132 2817 1199 2859 con·

200 2887 316 2963 timetur,
334 2887 469 2947 adiiciunt
483 2887 589 2947 inducti
605 2905 694 2965 super
714 2888 847 2965 corporis
864 2887 1009 2964 speciem:
1027 2892 1067 2959 ut,
1087 2886 1111 2943 si
1123 2885 1200 2943 lorte

200 2971 266 3048 quid
289 2972 395 3030 lactum
409 2973 451 3031 ira
467 2970 515 3031 vel
532 2979 609 3030 metu
624 2970 672 3031 vel
689 2971 844 3049 cupiditate
863 2971 986 3042 dicatur,
1008 2967 1104 3041 latius,
1125 2985 1199 3045 quae

200 3055 340 3133 cuiusque
356 3055 477 3115 adactus
489 3063 590 3114 natura
602 3056 649 3130 sit,
666 3071 885 3133 prosequamur.
919 3052 1024 3112 lisdem
1039 3049 1198 3126 laudamus,

199 3138 377 3216 incusamus,
406 3157 561 3216 augemus,
590 3139 756 3212 minuimus,
779 3137 983 3212 describimus,
1007 3136 1198 3210 deterremuS,

171 3224 356 3299 squerimur,
377 3223 572 3297 consolamur,
596 3221 751 3282 hortamur.
785 3222 844 3282 Sed
862 3220 965 3280 horum
980 3238 1047 3279 esse
1066 3237 1157 3298 opera
1172 3221 1201 3277 in

198 3304 287 3364 rebus
309 3313 357 3365 aut
380 3309 485 3383 certis,
514 3315 561 3366 aut
587 3305 624 3365 de
653 3305 756 3384 quihus
780 3314 913 3383 tanquam
936 3306 1024 3364 certis
1045 3304 1199 3383 loquimur,

199 3396 306 3465 potest.
341 3388 403 3449 Nec
424 3390 570 3451 abnuerim
592 3406 659 3450 essa
675 3389 782 3469 aliquid
804 3391 832 3448 in
851 3388 1058 3465 delectatione,
1081 3388 1198 3449 nrultum
