2566 4026
706 71 724 107 ⁸

220 144 278 209 118
534 160 895 221 numerumnunerum

216 314 311 375 diator
327 312 445 375 (ll-odius
468 314 594 394 ideoque
616 316 678 375 inre
701 315 871 376 interfectus
893 315 1062 377 ostenditur.
1102 317 1139 379 Et
1157 319 1215 380 hoc

217 407 272 474 est,
292 399 368 477 qnod
384 408 450 459 ante
466 400 559 459 omnia
575 402 752 459 constituere
763 400 791 459 in
805 400 897 459 animo
914 417 966 458 suo
983 400 1088 461 debeat
1104 412 1213 476 orator,

216 484 327 542 etiamsi
348 500 401 561 pro
427 501 514 544 causa
535 483 618 561 plura
641 484 767 544 dicturus
791 491 851 559 est,
874 483 941 561 quid
963 486 1085 545 maxime
1102 486 1215 565 liquere

214 566 302 626 iudici
324 567 404 627 velit.
443 566 527 641 Quod
549 577 659 643 tamen,
680 576 710 626 ut
731 569 852 645 primum
874 569 1074 646 cogitandum,
1098 572 1136 630 ita
1158 589 1215 632 non

215 652 314 728 utique
328 651 449 730 primum
464 650 614 712 dicendum
631 652 694 711 erit.

558 804 659 855 UNDE
678 802 871 855 DUGATUR.

175 899 207 955 m
298 895 357 957 mii
373 907 476 958 statum
491 900 676 960 crediderunt
689 901 807 978 primam
823 902 895 976 eius,
914 918 977 959 cum
994 918 1050 978 quo
1066 910 1215 978 ageretur,

215 980 459 1058 deprecationem.
496 982 587 1056 Quam
603 985 774 1044 sententiam
787 983 832 1043 his
848 982 946 1043 verbis
963 981 1068 1044 Cicero
1086 984 1215 1064 comple·

215 1067 315 1125 ctitur:
336 1068 368 1127 iu
384 1085 443 1144 qno
457 1069 588 1146 primum
604 1070 715 1130 insistit
733 1068 823 1146 quusi
837 1069 882 1130 ad
895 1071 1130 1147 repugnancium
1146 1088 1214 1130 coa«

212 1167 323 1228 presta
339 1151 484 1230 defensio.
517 1151 599 1212 Unde
615 1171 714 1211 rursus
730 1152 786 1212 alia
802 1153 949 1230 quaestio,
967 1169 1002 1212 an
1018 1169 1083 1212 eum
1099 1169 1215 1230 semper

214 1235 239 1291 is
260 1233 363 1310 iaciat,
386 1237 434 1314 qui
455 1237 624 1314 respondet.
663 1234 715 1296 (lui
735 1238 778 1295 rei
802 1238 960 1314 praecipue
983 1245 1126 1315 repugnat
1143 1234 1213 1296 Gor·

215 1317 308 1377 nelius
335 1316 439 1379 Celsus
461 1320 577 1396 dicens,
608 1338 666 1380 non
689 1338 705 1380 a
729 1320 901 1399 depulsione
925 1321 998 1379 snmi
1026 1319 1078 1379 sed
1103 1319 1138 1379 alr
1165 1337 1213 1396 eo,

216 1403 264 1478 qui
279 1405 509 1480 propositionem
525 1423 603 1464 suam
626 1405 789 1473 confirmet;
813 1412 860 1480 ut,
881 1406 906 1464 si
924 1404 1068 1465 hominem
1086 1405 1214 1463 occisum

214 1502 283 1544 reus
298 1497 400 1564 negat,
423 1497 514 1547 status
528 1488 563 1547 ab
580 1498 751 1549 accusatore
767 1498 917 1565 nascatur,
939 1490 1005 1568 quia
1021 1491 1045 1549 is
1061 1489 1133 1548 velit
1149 1505 1214 1567 pro·

215 1568 300 1636 bare;
323 1571 348 1628 si
370 1572 432 1630 iure
456 1574 584 1631 occisum
604 1591 672 1632 reus
695 1574 778 1648 dicit,
800 1572 937 1633 translata
961 1573 1141 1652 probationis
1166 1591 1215 1631 ne-

175 1653 353 1713 meessitate
371 1654 447 1714 idem
464 1674 480 1715 a
500 1673 552 1715 reo
574 1658 637 1733 irat,
662 1666 691 1717 et
715 1658 752 1717 sit
770 1657 832 1715 eins
850 1658 981 1717 intentio.
1017 1654 1070 1716 (lui
1088 1673 1144 1715 non
1168 1674 1215 1716 ac·

216 1736 289 1797 cedo
315 1738 461 1816 equidem;
489 1758 552 1800 nam
579 1751 624 1801 est
644 1759 715 1801 uero
737 1742 857 1820 propius
880 1740 956 1819 quod
979 1740 1214 1814 contradicitur,

214 1820 320 1881 nullam
337 1841 404 1882 esse
421 1823 516 1899 litem,
540 1826 565 1884 si
581 1826 622 1901 is,
644 1844 706 1885 cum
725 1842 782 1903 quo
803 1833 920 1902 agatur,
940 1825 1010 1884 nihil
1025 1823 1214 1904 respondeat,

173 1905 340 1984 ltideoqne
367 1908 428 1967 fieri
454 1917 557 1969 statum
582 1927 598 1969 a
623 1909 829 1987 respondente.
864 1907 930 1968 lllea
954 1918 1049 1968 tamen
1073 1909 1215 1967 sententia

214 1991 322 2050 varium
341 1991 368 2051 id
389 2001 448 2066 est,
471 2002 499 2052 et
520 1993 624 2053 accidit
645 2010 698 2071 pro
721 1994 892 2053 condicione
914 2010 1081 2068 causarum,
1105 1993 1171 2070 quia
1188 2000 1216 2049 et

213 2073 306 2133 videri
324 2085 422 2153 potest
439 2079 602 2155 propositio
619 2077 773 2155 aliquando
795 2085 900 2136 statum
914 2075 1030 2150 iacere,
1054 2078 1128 2135 utin
1147 2092 1215 2134 con·

214 2158 401 2219 iecturalibus
426 2163 537 2230 causis;
558 2162 646 2221 utitur
670 2163 743 2220 enim
766 2163 933 2221 coniectura
953 2162 1045 2236 magis
1070 2161 1118 2237 qui
1139 2159 1212 2236 agit,

216 2242 289 2320 (qno
311 2246 380 2302 moti
402 2245 516 2322 quidam
539 2245 660 2305 eundem
680 2264 696 2306 a
719 2263 771 2305 reo
794 2244 951 2323 infitialem
975 2261 1042 2303 esse
1066 2243 1214 2320 dixerunt)

216 2327 294 2386 etin
316 2327 489 2406 syllogismo
513 2338 573 2390 tota
595 2331 777 2390 ratiocinatio
800 2328 836 2388 ab
859 2345 895 2388 eo
918 2336 980 2403 est,
1009 2329 1057 2406 qui
1084 2326 1214 2386 intendit.

174 2409 274 2470 rosal
291 2412 357 2488 quia
377 2412 491 2472 videtur
512 2414 568 2474 illis
592 2430 709 2493 quoque
730 2413 937 2472 necessitatem
960 2412 1014 2472 hos
1038 2420 1128 2470 status
1148 2428 1215 2469 exe-

216 2494 320 2573 quendi
336 2495 435 2556 facere
452 2499 500 2576 qui
515 2506 619 2574 negat,
643 2499 683 2576 (is
706 2499 820 2557 enimsi
837 2497 928 2571 dicat,
950 2515 1010 2558 nom
1031 2497 1108 2574 feci,
1130 2503 1218 2570 coget

215 2578 410 2640 adversarium
433 2583 599 2643 coniectura
623 2584 677 2650 uti;
702 2591 731 2640 et
753 2582 777 2640 si
800 2580 891 2656 dicat,
913 2599 974 2642 iton
995 2581 1091 2642 ludes
1108 2580 1215 2655 legem,

216 2661 404 2744 syllogismo)
423 2666 616 2726 concedamus
630 2684 667 2724 ex
684 2665 857 2743 depulsione
869 2666 950 2723 nasci
966 2671 1079 2723 statum.
1105 2659 1216 2721 Nihilo·

215 2748 306 2806 minus
331 2751 404 2808 enim
426 2768 474 2810 res
497 2767 533 2809 eo
550 2758 732 2824 revertetur,
755 2758 786 2808 ut
807 2748 894 2809 modo
914 2750 939 2806 is
962 2748 1009 2825 qni
1031 2747 1106 2823 agit,
1130 2742 1216 2804 modo

174 2833 205 2888 17
214 2832 238 2890 is
261 2850 324 2891 cum
348 2850 405 2911 quo
428 2836 536 2911 agitur,
560 2843 663 2893 statum
683 2834 780 2893 iaciat.
813 2832 856 2892 Sit
878 2833 952 2891 enirn
972 2831 1153 2891 accusatoris
1176 2829 1216 2885 in·

215 2918 320 2993 tentio,
336 2915 494 2979 Hominem
509 2918 659 2981 occidisti.
690 2919 721 2977 Si
737 2925 826 2993 neget
843 2934 928 2991 reus,
948 2915 1035 2974 faciat
1049 2920 1153 2973 statum
1169 2912 1218 2988 qui

214 3009 312 3076 negat.
363 3000 437 3074 Quid
458 3004 482 3062 si
507 3003 660 3062 confitetur
680 3001 732 3061 sed
760 3003 829 3063 iure
849 3020 870 3062 a
890 3019 925 3061 sc
946 2999 1121 3060 adulterum
1148 2993 1217 3053 dicit

215 3086 373 3146 occisum?
406 3104 510 3165 nempe
536 3087 634 3163 legem
663 3105 730 3146 esse
754 3094 864 3146 certum
892 3091 937 3142 est
962 3096 1037 3160 quaa
1060 3078 1215 3157 permittat.

215 3165 278 3225 Nisi
298 3167 406 3247 aliquid
430 3181 583 3231 accusator
603 3170 778 3249 respondet,
801 3167 880 3228 nulla
904 3166 939 3226 lis
963 3173 1017 3224 est.
1060 3160 1128 3224 Nou
1148 3162 1217 3240 fuit,

215 3250 323 3327 inquit,
343 3254 485 3325 adultam·
504 3271 576 3332 ergo
593 3253 727 3331 depulsio
745 3254 846 3333 incipit
863 3267 930 3310 esse
948 3248 1074 3322 actoris,
1092 3246 1144 3306 ille
1161 3254 1217 3305 sta·

215 3343 273 3395 tum
288 3334 386 3395 iaciat.
422 3336 465 3398 lta
483 3341 537 3399 erit
555 3338 670 3417 quidem
687 3347 777 3398 status
793 3355 831 3397 ex
845 3336 936 3413 prima
952 3331 1142 3413 depulsione,
1164 3329 1218 3389 sed

175 3425 209 3481 18
218 3438 252 3480 ea
267 3419 317 3479 liet
333 3420 368 3479 ab
385 3433 557 3483 accusatore
572 3439 629 3481 non
645 3439 737 3482 areo.
762 3416 856 3495 Quid?
873 3418 951 3498 quod
966 3418 1067 3478 eadem
1084 3414 1218 3495 quaestio
