2566 4026
156 82 194 143 16
469 91 830 150 u.nan.ou1un1u1su1

153 267 213 309 ram
228 265 344 323 eorum,
361 245 516 324 dequibus
533 246 691 325 loquimur,
708 265 833 307 necesse
850 256 904 307 cst.
937 248 966 308 ls
980 264 1082 326 porro,
1100 266 1158 328 quo
1200 270 1204 289 ⁴

153 334 328 411 generosior
344 332 510 408 celsiorque
526 341 586 407 est,
607 332 664 391 hoc
678 331 833 391 maioribus
850 332 931 392 velut
947 334 1065 409 organis
1080 351 1159 393 com·
1202 392 1204 399 ,

154 427 300 482 moretum
323 416 449 493 ideoque
473 424 501 475 et
517 415 601 475 laude
622 417 730 475 crescit
751 425 780 475 ct
798 418 905 495 impetu
921 425 1045 494 augetur
1061 426 1091 476 et
1106 417 1159 477 ali·

112 515 145 571 31
156 501 223 579 quid
238 517 371 577 magnum
392 517 482 578 agere
496 500 612 576 gaudet.
650 499 703 558 Est
720 500 860 578 quaedam
876 503 962 561 tacita
977 499 1159 578 dedignatio,
1196 506 1204 581 ·j

156 586 212 644 vim
228 584 342 644 dicendi
357 587 444 644 tantis
467 593 660 661 comparatam
678 583 825 644 laboribus
847 585 882 645 ud
897 603 983 644 unum
997 585 1160 645 auditorem

156 669 324 738 demittere;
350 669 440 747 pudet
464 667 687 745 supramodum
715 670 856 728 sermonis
884 668 987 729 attolli.
1025 668 1063 728 Et
1088 686 1159 730 sane

156 755 302 832 concipiat
329 755 392 831 quis
418 760 515 812 mente
538 752 586 810 vel
612 751 799 812 declamantis
824 752 951 812 habitum
973 753 1023 813 vel
1049 754 1159 813 orantis

155 855 275 913 vocem,
299 839 459 912 incessum,
485 838 746 914 pronuntiationem
771 837 851 897 illum
872 837 998 915 denique
1023 838 1108 897 animi
1130 846 1160 897 et

157 925 290 1001 corporis
307 930 429 997 motum,
453 921 604 996 sudorem,
624 920 726 980 utalia
746 930 944 998 praeteream,
967 931 996 980 et
1012 921 1158 998 fatigatio·

155 1024 235 1083 nem,
256 1006 390 1065 audiente
410 1023 482 1065 uno:
503 1021 598 1064 nonne
614 1004 747 1082 quiddam
766 1007 825 1082 pati
841 1006 932 1065 furori
950 1005 1045 1065 simile
1059 1005 1158 1065 videa·

156 1086 222 1148 tur?
251 1088 317 1149 Non
333 1098 414 1148 esset
431 1090 460 1149 in
474 1088 563 1150 rebus
578 1088 706 1148 humanis
726 1089 909 1166 eloquentia,
933 1092 957 1148 si
972 1097 1080 1149 tantum
1094 1107 1159 1149 cum

156 1174 276 1251 singulis
293 1173 488 1253 loqueremur.

156 1327 222 1388 Qun
240 1326 386 1378 RATIONE
407 1327 441 1378 IN
459 1327 581 1378 PARVIS
600 1325 736 1377 INGENlA
758 1325 1014 1378 DlGNOSGANTUR
1030 1326 1073 1375 ΕΤ
1092 1324 1157 1385 Qua

505 1407 707 1458 TRAGTANDA
726 1407 810 1459 SINT.

241 1503 290 1564 111.
336 1503 453 1564 Tradito
480 1505 535 1564 sibi
565 1522 656 1583 puero
687 1506 811 1566 docendi
838 1506 948 1584 peritus
979 1505 1160 1581 ingenium

158 1591 236 1649 eius
264 1589 441 1667 imprimis
466 1597 707 1666 naturamque
731 1591 949 1667 perspiciat.
987 1588 1098 1665 Ingenii
1121 1589 1158 1647 si·

157 1692 242 1751 gnum
257 1674 285 1731 in
301 1674 398 1751 parvis
413 1674 600 1751 praecipuum
614 1675 751 1733 memoria
768 1682 822 1733 est.
844 1673 915 1733 liius
932 1673 1041 1751 duplex
1055 1673 1158 1749 virtus,

157 1757 244 1818 facile
266 1757 422 1835 percipere
445 1766 474 1816 et
494 1756 619 1817 fideliter
641 1759 800 1817 continere.
840 1757 1001 1817 Proximum
1023 1757 1158 1823 imitatio;

155 1860 220 1901 nam
239 1841 267 1900 id
288 1858 404 1919 quoque
427 1850 472 1900 est
494 1840 598 1900 docilis
620 1850 756 1917 naturae,
779 1844 822 1901 sic
845 1848 953 1916 tamen',
973 1850 1003 1900 ut
1028 1859 1062 1900 ea
1084 1857 1159 1919 quae

157 1927 242 1986 discit
257 1924 392 2002 effingat,
415 1941 473 1984 non
493 1924 619 1985 habitum
637 1925 714 1985 iorte
737 1935 766 1984 et
780 1927 943 2003 ingressum
963 1927 1032 1984 etsi
1049 1925 1160 2003 quidin

129 2012 239 2088 apcius
255 2008 383 2069 notabile
407 2019 461 2069 est.
498 2008 563 2068 Non
581 2008 659 2069 dabit
673 2009 740 2069 mibi
759 2028 839 2088 spem
854 2010 949 2069 bonae
963 2009 1086 2085 indolis,
1111 2010 1160 2087 qui

156 2095 213 2153 boc
228 2093 354 2153 imitandi
374 2093 469 2152 studio
486 2101 582 2170 petet,
602 2103 633 2152 ut
651 2094 788 2153 rideatur.
820 2093 892 2154 Nam
911 2093 1021 2173 probus
1042 2109 1160 2172 quoqne

156 2179 296 2256 inprimis
313 2178 367 2236 erit
382 2176 432 2236 r'lle
448 2194 518 2236 vere
534 2178 716 2254 ingeniosum
737 2178 845 2257 alioqui
860 2195 917 2237 nou
932 2181 1015 2257 peius
1030 2177 1160 2237 duxerim

155 2261 229 2321 tardi
245 2278 313 2320 esse
328 2262 436 2337 ingenii
452 2278 536 2339 quam
551 2262 632 2329 mali.⁸
666 2262 777 2322 Probus
793 2272 888 2323 autem
903 2263 939 2322 ab
960 2263 1012 2324 illo
1032 2263 1115 2340 segni
1131 2269 1161 2321 et

131 2347 270 2418 siacente
287 2346 439 2424 plurimum
455 2345 557 2406 aberit.
593 2345 648 2406 Hic
662 2365 743 2407 meus
761 2366 835 2427 quae
851 2349 999 2409 tradentur
1013 2364 1071 2406 non
1086 2345 1159 2406 diiii·

157 2429 252 2490 culter
268 2430 410 2508 accipiet,
430 2430 570 2508 quaedam
586 2433 671 2491 etiam
686 2433 893 2511 interrogabit,
912 2440 1051 2511 sequetur
1066 2439 1161 2491 tamen

156 2516 247 2591 magis
268 2531 351 2591 quam
367 2522 546 2592 praecurret.
575 2516 651 2576 Illud
671 2518 850 2594 ingeniorum
865 2518 946 2576 velut
960 2531 1091 2593 praecox
1107 2533 1159 2590 gc·

132 2616 209 2668 anus
233 2615 290 2658 non
306 2607 416 2657 temere
439 2617 562 2677 unquam
582 2603 715 2677 pervenit
736 2601 771 2659 ad
792 2601 914 2675 frugem.
948 2596 984 2656 Hi
1004 2604 1086 2670 sunt,
1111 2598 1159 2673 qui

157 2700 245 2762 parva
262 2683 349 2743 iacile
369 2683 478 2742 iaciunt
499 2691 527 2741 et
547 2683 665 2741 andacia
680 2683 828 2760 provecti,
852 2678 988 2758 quidquid
1003 2678 1075 2739 illud
1090 2696 1158 2757 pos·

157 2775 237 2842 sunt,
261 2768 356 2826 statim
377 2766 540 2825 ostendunt.
578 2764 703 2824 Possunt
723 2773 817 2824 autem
839 2763 867 2823 id
885 2764 1014 2839 demum,
1038 2763 1115 2842 quod
1131 2765 1160 2823 in

156 2852 289 2928 proximo
310 2858 368 2919 est;
392 2848 481 2909 verba
503 2850 684 2924 continuant,
707 2847 781 2907 haec
805 2847 885 2908 vultu
906 2849 1055 2924 interrito,
1081 2848 1160 2909 nulla

156 2934 259 2993 tardati
289 2934 463 2994 verecundia
490 2932 651 3011 proferunt.
693 2931 758 2992 Non
786 2931 904 2993 multum
933 2940 1082 3011 praestant
1107 2933 1160 2995 sed

131 3017 226 3079 ocito.
270 3016 336 3077 Non
363 3017 463 3077 subest
482 3034 552 3077 vera
574 3017 618 3076 vis
641 3034 696 3077 nee
723 3019 837 3095 penitus
857 3017 991 3078 immissis
1013 3015 1159 3076 radicibus

157 3101 268 3168 nititur;
291 3110 338 3177 ut,
358 3119 433 3180 quae
455 3118 563 3161 summo
588 3101 653 3162 solo
674 3119 776 3180 sparsa
798 3111 863 3161 sunt
882 3101 1006 3176 semina,
1033 3100 1159 3161 celerius

157 3200 191 3242 se
207 3183 370 3261 effundunt,
388 3195 417 3246 et
428 3188 553 3247 imitatae
569 3187 665 3265 spicas
681 3185 821 3246 herbulae
835 3186 966 3247 inanibus
982 3186 1077 3245 aristis
1093 3196 1160 3245 ante

157 3285 282 3328 messem
305 3267 475 3331 flavescunt.
511 3271 629 3331 Placent
650 3271 723 3331 haec
745 3272 826 3330 annis
850 3277 1031 3349 comparata;
1055 3269 1161 3330 deindo

158 3359 214 3411 stat
232 3352 398 3432 proiectus,
422 3355 570 3416 admiratio
588 3355 743 3416 decrescit.
