2566 4026
192 190 231 237 lv
609 185 818 234 PRAEFATIO.

194 346 280 405 eoae.
290 362 361 401 omn.
367 368 378 407 ,·
395 344 427 400 Z.
448 345 571 400 clausos.
592 373 634 385 —
655 345 699 400 47.
717 347 819 397 nocent
835 347 864 396 et
880 340 972 396 miuus
986 348 1113 413 prosunt.
1130 340 1178 398 Sic
1191 347 1245 402 leva·

193 430 314 498 emend.;
342 428 426 486 Cadd.
444 433 547 484 nocent
568 434 617 482 aut
633 427 725 481 minus
739 426 832 496 magis
848 442 941 497 pros.;
963 425 995 480 Z.
1013 426 1048 481 de
1066 427 1143 499 conj.
1160 426 1246 502 Repii

193 531 256 570 noc.
276 519 323 568 aut
339 513 404 567 min.
424 513 517 583 Magis
532 517 635 566 nocent
652 517 680 565 et
699 510 767 566 min.
784 525 862 581 pros.
887 539 930 548 -
952 514 996 570 11
1009 527 1127 566 necesse
1146 511 1241 571 dubia

191 597 291 654 Bamb.
309 613 334 652 c.
353 597 437 654 Codd.
450 612 540 658 cmm
556 594 588 650 Z.
611 594 646 649 de
663 595 738 666 conj.
760 600 812 649 aet.
829 596 916 649 iraser.
935 600 986 649 est
1008 624 1051 633 -
1071 601 1115 653 50.
1133 597 1180 652 An
1202 604 1242 653 ul-

192 682 352 737 lum—vel
364 680 449 736 hunc.
466 678 566 735 Bamb.
582 695 607 736 c.
619 678 704 736 eoae.
720 682 785 750 optt.
791 700 803 741 ,-
815 677 848 734 Z.
861 677 908 732 An
919 678 1043 733 illum—
1052 680 1098 734 vel
1109 678 1185 736 huie.
1199 709 1242 723 -

192 770 238 822 55.
250 763 373 837 quaudo.
389 763 489 820 Bamb.
499 780 525 819 c.
537 768 597 820 ceu.
614 763 697 820 eoae.
711 761 877 832 aliquando,
895 768 1051 834 simpertum
1068 764 1105 818 ali
1122 764 1224 835 abjeci.
1231 789 1241 828 ,·

191 849 224 909 Z.
238 851 263 903 si
275 848 396 920 quando.
408 878 449 887 —
466 847 704 903 desideravimus.
720 845 820 901 Bamb.
832 862 857 902 a.
873 845 957 903 eoae.
971 864 1043 904 ama.
1051 870 1060 908 ;
1075 847 1106 904 Z.
1119 849 1153 902 de
1164 852 1240 922 conj.

192 931 289 1005 Spald.
303 932 538 988 desiderabimus.
552 961 593 972 -
606 934 649 989 56.
665 929 798 1001 adjicere.
817 931 851 985 de
862 932 937 1002 conj.
952 929 1070 1002 Spald.‚·
1085 930 1117 986 Z.
1134 932 1240 990 dicere.

278 1015 358 1087 Gap.
376 1016 421 1073 111.
453 1020 480 1074 8.
494 1013 612 1087 Semper
624 1014 748 1085 neganti.
761 1013 808 1070 Sia
820 1014 920 1069 Bamb.
935 1030 960 1070 c.
969 1015 1053 1072 Coae.
1065 1032 1137 1071 omn.
1147 1040 1157 1078 ;
1168 1017 1199 1073 Z.
1208 1019 1242 1073 de

192 1101 268 1172 conj.
280 1100 363 1172 Beati
370 1102 455 1155 ouer.
470 1100 554 1154 enim.
572 1130 615 1139 —
632 1104 675 1156 10.
694 1114 730 1152 an
742 1105 777 1155 et
801 1098 901 1154 Bamb.
917 1114 952 1153 ac
966 1096 1036 1169 fort.
1047 1099 1125 1154 Amb.
1147 1105 1191 1165 1.,·
1208 1101 1240 1158 Z.

191 1201 228 1240 an
242 1185 335 1241 etiam.
353 1213 391 1224 -—
415 1189 459 1244 13.
480 1183 624 1240 videlicet.
636 1183 670 1237 de
685 1199 774 1255 marp.
787 1182 867 1245 Aah
888 1183 972 1239 eoae.
980 1183 1047 1256 fere
1057 1184 1186 1251 videbis;
1207 1186 1240 1243 Z.

191 1271 285 1326 verbis
303 1275 340 1325 ut.
355 1298 391 1306 -
407 1273 449 1328 11.
464 1269 678 1340 reciperatores.
691 1266 791 1322 Bamb.
804 1281 829 1321 a.
842 1266 925 1323 Oodd.
942 1273 1024 1340 optt.‚·
1038 1267 1071 1322 Z.
1086 1285 1183 1341 recup.
1199 1301 1240 1311 —

190 1358 235 1412 11.
251 1353 400 1409 manifesta
412 1359 464 1408 est.
478 1351 578 1408 Bamb.
590 1368 615 1408 a.
628 1350 705 1407 Arno.
719 1355 744 1406 1.
755 1392 764 1413 ,
775 1350 807 1407 Ζ.
820 1366 871 1409 om.
884 1357 936 1406 est

120 1426 122 1431 ⁴
277 1435 355 1508 Gap.
372 1437 421 1491 IV.
466 1441 491 1493 1.
509 1436 602 1494 Eten.
620 1435 757 1491 Baraba.
774 1434 961 1498 eoae.omn.,·
977 1435 1009 1492 Z.
1027 1437 1244 1510 deconj.Repir'

190 1538 243 1578 om.
256 1527 292 1577 et.
310 1549 353 1560 —
376 1526 421 1579 11).
440 1520 502 1575 Jam
513 1536 583 1575 vero
595 1521 619 1576 si
627 1549 667 1559 —
675 1535 732 1574 non
743 1520 833 1575 omnis
844 1519 891 1575 hie
902 1521 954 1574 erit
965 1521 1100 1591 quaestio.
1119 1520 1166 1577 Sia
1175 1521 1242 1594 fere

190 1604 267 1660 Aaou
286 1608 311 1662 1.
323 1620 348 1659 c.
368 1603 452 1660 eoae.
468 1610 549 1674 optt.;
572 1604 603 1660 Z.
624 1605 649 1659 si
666 1603 763 1659 exher.
776 1605 977 1660 -amaverit
1000 1605 1071 1660 Nam
1090 1607 1181 1660 omnis
1193 1606 1240 1662 hic

191 1688 329 1759 quaestio.
360 1717 396 1728 -
428 1693 473 1745 15.
494 1687 565 1743 Nam
583 1690 662 1760 leges
678 1689 751 1758 juris
772 1690 954 1760 quaestiones
971 1689 1135 1760 plerumque
1157 1706 1240 1761 prae-

191 1788 303 1828 currere
325 1773 431 1838 solent,
449 1777 524 1826 etex
540 1773 640 1842 quibus
653 1788 757 1828 causae
769 1788 825 1828 non
836 1771 885 1827 fiat
903 1778 1000 1828 status.
1020 1771 1066 1828 Sic
1083 1773 1135 1829 levi
1147 1781 1240 1830 trans

184 1857 320 1928 positione
336 1857 447 1912 servaci
461 1857 632 1927 scripturam
644 1856 726 1912 eada.
745 1857 868 1912 Matium
881 1858 953 1927 Juris
973 1859 1052 1928 leges
1072 1863 1140 1919 ete.,·
1155 1857 1189 1915 Ζ.
1204 1859 1240 1914 de

188 1941 264 2012 conj.
280 1939 362 2011 Repii
381 1940 452 1995 Nam
469 1940 541 2010 jurIs
557 1957 583 2012 q.
597 1942 636 2012 pl.
654 1941 734 2013 legcs
751 1958 793 2013 pr.
815 1958 855 2006 s.;
873 1947 901 1996 et
916 1958 951 1996 ex
968 1957 994 2013 q.
1007 1942 1101 1997 causis
1112 1957 1169 1996 non
1178 1941 1238 2009 liat,

191 2030 332 2080 statutum.
349 2052 392 2062 -
408 2027 450 2081 16.
469 2030 544 2095 quot.
565 2025 649 2081 Godd.
662 2024 738 2096 quod
757 2041 781 2081 s.
794 2031 873 2096 quot3
890 2025 921 2080 Z.
940 2025 976 2082 de
993 2027 1068 2096 conj.
1080 2027 1239 2082 Burmanni

191 2124 271 2178 quos.
290 2136 333 2148 —
355 2111 398 2168 17.
418 2124 492 2162 corr.
512 2125 595 2180 quam
611 2109 710 2165 absunt
723 2126 741 2164 a
754 2110 836 2166 Codd.
851 2115 916 2180 apti.
941 2139 983 2148 —
1007 2114 1050 2168 18.
1067 2109 1168 2182 figura.
1192 2109 1240 2166 Sia

188 2191 304 2260 Barna,
326 2196 356 2246 ul
373 2190 512 2248 Gesrwras
528 2196 636 2266 eprepie
651 2193 852 2251 emendaverat.
871 2223 913 2232 -
934 2198 978 2254 33.
998 2199 1095 2250 contra
1112 2211 1172 2264 eos,
1191 2196 1239 2266 qui

190 2291 255 2330 eum
273 2275 470 2332 defendebant.
490 2275 538 2332 Sic
555 2277 633 2334 Amb.
656 2282 697 2341 1.,·
713 2277 812 2334 Bamb.
830 2293 854 2334 a.
866 2280 927 2334 cett.
944 2278 1027 2336 eoae.
1050 2277 1240 2334 defendebant

188 2359 243 2416 hac
261 2377 330 2416 usus
356 2377 409 2417 am.
428 2363 538 2424 aeteram
561 2361 593 2420 Z.
617 2364 768 2418 accusabat
784 2361 839 2417 hac
856 2375 935 2418 usus.
960 2395 1002 2406 -
1025 2366 1072 2421 37.
1087 2363 1162 2418 illae.
1192 2361 1239 2418 Sia

188 2446 270 2499 etiam
280 2444 380 2500 Bamb.

275 2527 357 2599 Cap.
376 2529 424 2586 Vl.
468 2535 495 2588 1.
517 2529 548 2584 ln
567 2546 610 2585 ea.
632 2529 731 2585 Bamb.
751 2545 776 2584 c.
790 2529 873 2586 Codd.
889 2546 978 2593 omn.;
999 2529 1030 2586 Z.
1051 2537 1078 2586 et
1097 2531 1179 2588 inea.
1196 2561 1238 2570 —

188 2617 214 2672 6.
237 2613 408 2683 Proponunt.
429 2613 529 2670 Bamb.
551 2629 576 2669 c.
593 2613 678 2670 Caela.
687 2613 751 2686 fere
762 2629 834 2669 omn.
849 2620 964 2686 propter
975 2614 1030 2670 hoc
1043 2615 1171 2686 quidam,
1189 2614 1240 2671 sed

187 2694 264 2752 Ama.
285 2700 311 2751 1.
333 2698 363 2753 ab
378 2713 468 2769 marp.
488 2699 525 2752 al.
543 2715 578 2753 m.
595 2700 727 2768 scriplum
742 2699 788 2753 vel
805 2704 966 2769 proponunt
972 2713 982 2777 3
1000 2699 1033 2754 Z.
1051 2701 1167 2770 Propter
1182 2699 1238 2755 hoe

191 2786 362 2852 proponunt.

276 2863 359 2936 Cap.
379 2864 451 2920 VIII.
494 2871 522 2922 1.
536 2865 697 2922 Secubanti.
711 2866 745 2921 de
759 2872 811 2922 aet.
823 2867 928 2921 emend.
935 2889 944 2928 ;
956 2867 1039 2923 Coae.
1047 2867 1191 2939 separanti
1197 2867 1240 2923 rel

188 2948 339 3005 severanti.
360 2977 396 2988 —
416 2952 442 3006 3.
456 2948 485 3004 in
499 2951 636 3020 pluribus.
660 2950 760 3006 Bamb.
773 2965 797 3005 a.
812 2949 895 3006 eoae.
910 2967 982 3007 amn.
989 2974 999 3014 ,·
1019 2950 1052 3008 Ζ.
1065 2955 1093 3006 et
1103 2951 1131 3006 in
1143 2952 1182 3022 pl.
1195 2979 1237 2990 -

187 3033 212 3088 5.
233 3033 466 3104 syllogismus—
479 3049 537 3088 non
550 3033 629 3089 salis.
653 3034 750 3090 Bamb.
767 3050 792 3090 c.
811 3029 893 3091 crea.
911 3040 994 3107 θρίω
1007 3033 1041 3091 Ζ.
1062 3034 1237 3107 syllogismis

187 3132 242 3171 scr.
255 3118 324 3171 alter
337 3117 386 3173 nit.
399 3119 468 3173 alter
480 3134 537 3172 non
549 3136 573 3173 s.

273 3200 351 3271 Cap.
369 3201 416 3258 IX.
443 3208 469 3259 1.
483 3201 671 3257 Telamonius.
684 3201 762 3257 Amb.
776 3206 800 3257 1.
808 3224 818 3264 ;
827 3202 859 3257 Ζ.
869 3202 1040 3259 Telamonis.
1052 3233 1095 3242 —
1105 3207 1150 3261 11.
1165 3202 1238 3258 Nam

135 3302 141 3314 .
187 3280 250 3336 sibl.
272 3282 371 3339 Bamb.
387 3302 411 3341 e.
425 3285 508 3342 Oadd.
522 3290 586 3356 opti.
594 3309 603 3348 ,·
614 3285 645 3341 Z.
657 3288 742 3340 iasar.
755 3286 794 3340 id.
807 3316 848 3328 —
859 3290 902 3345 13.
917 3286 993 3343 aliud
1005 3286 1238 3343 eadem-abla-

186 3362 254 3418 tivo.
265 3365 398 3424 Absunla
411 3370 494 3427 coda.
512 3375 574 3441 apli.
586 3398 628 3408 -
640 3376 684 3428 15.
697 3370 827 3426 voluerit.
842 3371 924 3428 eoae.
937 3371 983 3427 hie
993 3373 1106 3427 multum
1116 3371 1236 3440 cadant,

186 3447 337 3505 inserentes
348 3453 389 3508 sio
401 3454 444 3511 ael
461 3455 485 3509 si
497 3460 561 3509 ante
573 3454 686 3526 scripsit
696 3455 739 3510 ael
748 3460 812 3510 ante
824 3454 908 3521 dixit3
921 3454 952 3512 Z.
968 3455 1009 3512 sic
1020 3456 1149 3515 voluerit.
