2566 4026
369 195 458 243 ruse.
478 195 626 244 onsnon.
643 196 712 243 nm.
729 196 762 262 re,
779 194 804 246 1.
1024 187 1080 246 151

74 373 131 432 que
151 370 226 411 nova
245 351 295 410 illa
320 350 401 409 velut
424 352 573 410 nascentia
596 369 660 410 cum
690 349 792 409 lavore
814 368 848 409 ac
874 351 1079 413 sollicitudine.

72 438 136 498 Nec
152 437 266 497 fortuna
289 433 375 492 modo
395 433 491 492 iudicii
516 434 569 494 sed
590 436 675 493 etiam
688 435 824 512 ipsorum
841 436 889 511 qui
907 444 989 495 orant
1004 439 1081 514 peri·

75 522 140 582 culo
158 520 307 580 allicimur.
345 517 465 577 Praeter
486 518 561 577 haec
580 535 655 592 vox,
675 519 750 577 actio
772 519 898 595 decora,
921 519 1081 596 commoda,
1091 525 1123 581 17

73 615 103 664 ut
121 606 244 682 quisque
260 602 343 662 locus
366 601 541 678 postulabit,
558 601 760 681 pronuntiandi
775 601 824 663 vcl
838 604 1040 680 potentissima
1054 605 1083 663 in

74 687 196 748 dicendo
209 688 282 747 ratio
300 694 345 761 et,
368 694 399 744 ut
414 686 506 745 semel
522 687 631 761 dicam,
657 687 767 764 pariter
789 688 883 746 omnia
904 686 1020 746 docent.
1050 686 1083 747 lu

73 772 201 832 lectione
219 772 325 830 certius
342 769 494 846 iudicium,
516 771 594 849 quod
616 771 741 831 audienti
756 770 927 848 frequenter
948 779 996 830 aut
1013 788 1082 830 suus

74 858 177 934 cuique
199 854 282 914 lavor
303 861 350 913 aut
371 853 421 913 ille
443 854 616 914 laudantium
641 854 752 913 clamor
776 863 941 932 extorquet.
983 854 1083 934 ¹Pudet
1092 862 1126 916 18

74 941 148 1000 enim
163 939 328 1014 dissentire,
347 947 375 997 et
392 937 473 997 velut
489 940 575 998 tacita
592 937 714 1015 quadam
727 938 905 999 verecundia
922 937 1083 998 inhibemur

72 1024 138 1102 plus
154 1022 238 1081 nobis
256 1020 395 1097 credere,
418 1040 482 1081 cum
497 1023 611 1081 interim
629 1030 657 1081 et
673 1022 778 1082 vitiosa
800 1021 931 1101 pluribus
951 1022 1080 1100 placent,

73 1116 102 1168 et
125 1125 141 1165 a
163 1107 327 1183 corrogatis
351 1105 502 1166 laudantur
532 1107 617 1165 etiam
640 1122 714 1182 quae
735 1123 793 1165 non
813 1106 940 1185 placent.
982 1106 1042 1165 Sed
1063 1112 1125 1168 019

73 1193 219 1251 contrario
237 1205 353 1267 quoque
370 1189 491 1264 accidit,
512 1198 542 1248 ut
565 1189 672 1266 optime
694 1188 778 1249 dictis
796 1190 918 1267 gratiam
935 1207 1025 1268 prava
1040 1191 1082 1248 iu·

71 1275 146 1335 dicia
169 1291 227 1332 non
249 1273 387 1331 referant.
434 1271 535 1332 Lectio
558 1272 650 1332 libcra
674 1282 719 1331 est
745 1292 808 1342 nec,
825 1268 947 1333 ac'tionis
973 1275 1082 1351 impetu

70 1359 254 1424 transcurrit;
271 1355 324 1415 sed
342 1365 478 1434 repetere
493 1357 610 1434 saepius
627 1356 713 1431 licet,
733 1359 796 1417 sive
812 1356 925 1417 dubites
941 1357 1004 1416 sive
1022 1364 1092 1415 me·'

71 1442 179 1501 moriae
197 1441 318 1517 ailigere
334 1440 419 1500 velis.
455 1439 632 1519 Repetamus
648 1448 743 1499 autem
760 1450 789 1501 ct
804 1449 978 1516 tractemus,
1001 1450 1030 1500 et
1051 1449 1083 1499 ut

72 1525 154 1584 cibos
173 1542 289 1585 mansos
313 1542 348 1583 ac
370 1540 464 1602 prope
486 1523 661 1603 liquefactos
677 1523 866 1600 demittimus,
888 1541 945 1602 quo
967 1524 1081 1584 facilius

71 1608 256 1686 digerantur:
279 1609 317 1667 ita
335 1608 425 1667 lectio
447 1625 504 1667 non
521 1608 609 1668 cruda
625 1607 677 1668 sed
691 1608 780 1669 multa
801 1609 955 1668 iteratione
970 1608 1082 1668 mollita

72 1703 101 1752 et
112 1692 193 1752 velut
209 1693 343 1752 coniecta
362 1693 519 1751 memoriae
536 1693 745 1771 imitationique
761 1692 897 1753 tradatur.

155 1776 200 1835 Ac
216 1777 263 1836 diu
279 1793 337 1834 non
358 1778 412 1835 nisi
430 1778 553 1853 optimus
571 1777 701 1855 quisque>
721 1785 749 1836 et
772 1777 820 1853 qui
842 1775 1009 1835 credentem
1029 1773 1126 1836 sibilo

71 1862 184 1919 minime
202 1859 285 1920 iallat
304 1860 446 1937 legendus
464 1869 526 1937 est,
548 1859 600 1920 sed
616 1860 773 1937 diligenter
793 1877 829 1920 ac
846 1877 940 1938 paene
957 1859 993 1918 ad
1010 1859 1081 1918 scri·

71 1943 157 2003 bendi
172 1942 413 2013 sollicitudinem
435 1962 492 2003 nec
516 1962 571 2023 per
584 1953 683 2022 partes
698 1945 784 2004 modo
805 1943 959 2003 scrutanda
976 1942 1081 2017 omnia,

72 2028 125 2087 sed
142 2027 292 2105 perlectus
309 2027 383 2087 liber
398 2029 497 2105 utique
514 2046 551 2087 ex
567 2029 681 2105 integro
697 2028 904 2103 resumendus,
921 2028 1080 2105 praecipue

72 2113 183 2186 oratio,
201 2113 281 2170 cuius
299 2113 421 2171 virtutes
437 2111 607 2188 frequenter
626 2130 664 2171 ex
678 2112 817 2187 industria
843 2128 961 2189 quoquc
983 2108 1081 2174 occul-

72 2204 175 2254 tantur.
216 2195 313 2272 Saepe
329 2197 403 2254 enim
419 2204 591 2272 praeparat,
613 2194 788 2270 dissimulat,
804 2193 953 2253 insidiatur
970 2202 1079 2267 orator,
1090 2201 1123 2254 21

72 2296 166 2356 eaque
183 2279 211 2336 in
226 2280 317 2355 prima
335 2288 417 2356 parte
434 2279 555 2337 actionis
573 2278 658 2352 dicit,
676 2295 751 2354 quae
767 2278 875 2337 suntin
890 2294 998 2336 summa
1013 2291 1081 2353 pro·

72 2362 176 2421 lutura.
218 2360 319 2438 ltaque
343 2380 396 2421 suo
418 2361 485 2420 loco
509 2362 600 2420 minus
615 2361 750 2439 placent,
773 2360 866 2421 adhuc
886 2357 970 2418 nobis
993 2375 1082 2436 quare

72 2445 149 2505 dicta
169 2447 225 2505 sint
242 2446 456 2522 ignorantibus;
473 2444 599 2524 ideoque
616 2453 699 2504 erunt
711 2445 835 2521 cognitis
850 2441 980 2501 omnibus
996 2458 1081 2519 repe·

72 2529 168 2590 tenda.
216 2529 291 2589 lllud
314 2548 385 2590 vero
408 2529 605 2605 utilissimum,
634 2545 723 2588 nosse
748 2546 798 2588 cas
819 2544 939 2601 causas,
964 2535 1125 2605 quarumbi

73 2614 221 2673 orationes
237 2615 265 2671 in
283 2632 381 2674 manus
394 2615 612 2691 sumpserimus,
630 2622 658 2672 et
675 2613 808 2690 quotiens
819 2612 978 2687 continget,
994 2609 1081 2668 utrin-

74 2716 130 2775 que
145 2697 258 2759 habitas
275 2697 376 2775 legere
393 2698 540 2759 actiones:
563 2707 593 2756 ut
607 2696 812 2756 Demosthenis
827 2704 914 2772 atque
927 2692 1081 2753 Aeschinis

72 2783 147 2839 inter
163 2800 196 2840 se
213 2784 386 2850 contrariam
411 2789 440 2841 et
466 2781 561 2841 Servii
582 2780 703 2858 Sulpicii
727 2789 813 2858 atque
830 2777 989 2854 Messalae,
1011 2793 1082 2854 quo·

73 2883 135 2923 rum
151 2865 225 2924 alter
237 2882 290 2943 pro
306 2865 431 2942 Aufidia,
449 2864 632 2924 contradixit
647 2863 734 2932 alter:
754 2873 783 2923 ct
795 2862 934 2923 Pollionis
949 2870 977 2921 et
990 2859 1083 2920 Cassii

73 2965 126 3006 reo
142 2947 307 3027 Asprenate
328 2950 458 3026 aliasque
474 2948 621 3027 plurimas.
659 2947 733 3021 Quin
749 2949 834 3008 etiam
851 2949 979 3006 siminus
995 2950 1125 3023 pares23

73 3030 261 3091 videbuntur:
281 3032 395 3110 aliquae
413 3041 508 3092 tamen
523 3031 559 3091 ad
575 3032 810 3108 cognoscendam
829 3031 919 3091 litium
937 3029 1082 3107 quaestio·

73 3132 139 3172 nem
154 3123 235 3175 recte
254 3118 446 3193 requirentur,
462 3125 493 3176 ut
511 3125 611 3175 eontra
624 3113 775 3175 Ciceronis
790 3116 937 3175 orationes
952 3112 1082 3173 Tubero·

75 3199 119 3255 nis
137 3199 166 3255 in
180 3196 324 3275 Ligarium
340 3209 369 3258 et
384 3199 531 3259 Hortensii
546 3217 600 3279 pro
616 3199 721 3260 Verre.
757 3198 832 3273 Quin
849 3200 949 3275 ctiam,
966 3197 1084 3258 easdem

76 3299 179 3341 causas
195 3292 225 3341 ut
244 3285 366 3361 quisque
382 3285 491 3362 egerit,
513 3285 584 3344 utile
597 3286 650 3345 erit
669 3284 755 3344 scire.
792 3282 864 3343 Nam
884 3282 1019 3343 dedomo
1037 3279 1083 3341 Gi·

77 3367 192 3424 ceronis
211 3367 281 3426 dixit
298 3365 440 3445 Calidius,
465 3378 493 3428 et
507 3385 561 3448 pro
576 3367 685 3428 Milone
703 3368 863 3429 orationem
880 3366 983 3427 Brutus
999 3384 1083 3426 exer·

77 3450 222 3510 citationis
238 3453 332 3529 gratia
348 3453 476 3531 scripsit,
496 3455 608 3514 etiamsi
620 3455 719 3531 egisse
733 3470 798 3512 eum
813 3450 966 3512 Cornelios
978 3450 1084 3524 Celsus
