2566 4026
197 180 218 242 4
517 189 879 250 m.uae.qomu1n1nu1

199 354 253 420 est,
271 363 327 423 qua
342 344 477 404 iudicium
493 345 530 402 sit
546 345 738 404 constitutum.
778 342 849 406 Nam
871 346 1011 425 quaedam
1034 346 1063 404 in
1084 345 1200 408 schola·

197 430 278 489 sticis
294 438 438 507 ponuntur
463 428 499 488 ad
515 429 744 505 coniungendam
764 431 850 490 modo
870 439 953 490 actae
968 430 1012 489 rei
1029 429 1152 507 seriem,
1170 439 1201 490 ut

197 521 283 590 puta:
299 509 480 592 Expositum
503 513 556 590 qai
576 514 744 592 apaooetit,
767 516 872 575 solado
891 515 1044 575 alimentis
1057 515 1201 592 recipiat.

196 593 299 656 Minas
321 598 402 658 dicto
418 597 593 657 audientem
617 597 713 675 itiam
742 597 834 658 liccat
853 599 1014 659 abdicare.
1059 595 1119 669 Qui
1145 617 1200 660 ea·-

192 680 324 759 positata
338 682 464 759 recepit,
485 682 617 759 imperat
634 682 664 741 ei
679 682 803 759 nuptias
817 681 975 760 locupletis
989 682 1201 760 propiaquoe;

158 765 245 832 mille
265 765 381 826 ducere
400 765 574 842 ascititiam
594 767 746 843 pauperis
769 767 955 827 educatoris.
1010 764 1071 824 Lex
1097 764 1133 824 de
1151 783 1200 824 ex-

195 849 303 946 positis
321 849 356 909 ad
380 848 515 908 affectum
530 850 668 927 pertinet;
691 849 826 908 iudicium
845 850 953 929 pendet
980 867 1017 908 ex
1037 848 1105 924 lege
1121 848 1201 908 abdi·

197 933 328 992 cationis.
359 931 422 991 Neo
437 939 532 990 tamen
547 950 663 1011 semper
683 950 720 991 ex
736 950 792 992 una
808 933 875 1010 lege
894 934 1025 1011 quaestio
1043 941 1103 1007 est,
1127 934 1181 990 ut
1173 950 1201 992 m

196 1006 359 1091 ἆντινομία.
390 1014 441 1074 His
457 1017 596 1092 spectatis
612 1015 774 1094 apparebit,
792 1018 869 1077 circa
885 1036 959 1095 quae
974 1034 1071 1094 pugna
1086 1017 1132 1074 sit.

155 1112 189 1166 16
280 1096 438 1159 Coniuncta
455 1098 586 1159 defensio
604 1109 659 1175 est,
677 1099 769 1177 qualis
785 1117 838 1178 pro
857 1099 991 1160 Rabirio:
1014 1100 1051 1160 Si
1066 1099 1198 1160 occidis-

195 1189 251 1259 set,
272 1191 356 1245 recte
374 1184 517 1262 fecissem
537 1184 595 1245 sed
614 1202 674 1244 ooo
689 1183 810 1247 oceidit.
850 1183 906 1244 Ubi
926 1201 998 1243 vero
1020 1182 1108 1242 multa
1132 1188 1200 1243 con-

196 1274 240 1326 tra
261 1284 344 1326 unam
371 1267 602 1345 propositionem
629 1268 763 1328 dicimus:
792 1269 976 1344 cogitandum
1003 1276 1047 1326 est
1069 1268 1200 1345 primum,

197 1349 334 1428 quidquid
349 1351 406 1410 dici
429 1358 541 1428 potest;
563 1360 621 1411 tum
643 1370 681 1409 cx
695 1351 750 1426 his,
773 1363 829 1429 quo
847 1352 972 1430 quidque
990 1351 1058 1410 loco
1078 1350 1134 1410 dici
1151 1369 1201 1409 ex·

195 1433 606 1511 pediat,aestimandum.1n
622 1452 678 1513 quo
694 1451 751 1493 non
766 1435 843 1494 idem
860 1437 953 1494 sentio
962 1434 1065 1512 ,quod
1081 1434 1118 1493 de
1133 1450 1200 1512 pro·

195 1517 388 1594 positionibus
405 1517 493 1616 paulo
509 1527 586 1594 ante,
604 1519 741 1597 quodque
757 1519 793 1577 de
809 1520 984 1617 argumentis
999 1517 1202 1596 probationum

198 1598 266 1658 loco
284 1603 435 1699 concessi,
462 1617 553 1679 posse
581 1601 735 1679 aliquando
763 1619 817 1661 nos
839 1603 993 1681 inntpere
985 1619 1001 1661 a
1017 1600 1200 1660 firmioribus.

153 1681 269 1746 ltNam
288 1686 332 1742 vis
355 1686 554 1762 quaestionum
576 1703 768 1762 percresoere
790 1685 878 1746 debet
901 1695 930 1744 et
950 1686 986 1745 ad
1001 1685 1202 1763 potentissima

197 1765 232 1824 ab
258 1766 455 1826 infirmissimis
476 1769 649 1845 pervenire,
671 1770 734 1827 sive
758 1778 824 1828 sunt
845 1770 973 1829 eiusdem
997 1768 1115 1845 generis
1139 1770 1202 1826 sivo

152 1859 186 1913 18
197 1848 315 1908 diversi.
349 1849 421 1909 luris
438 1859 534 1910 autem
549 1854 735 1929 quaestiones
751 1852 847 1913 solent
863 1871 930 1913 esse
948 1868 1148 1929 nonnunquam
1165 1869 1202 1910 ex

197 1932 262 1991 aliis
279 1943 367 2012 atquc
389 1934 452 1994 aliis
469 1934 716 2011 condictionibus,
741 1936 809 1997 iacti
826 1955 944 2015 semper
958 1936 1034 1995 idem
1050 1943 1200 2012 spectant;

196 2017 225 2075 in
241 2025 366 2095 utroque
381 2035 492 2095 genere
508 2018 608 2077 similis
625 2019 696 2078 ordo
716 2029 769 2078 est.
816 2019 874 2080 Sed
894 2021 974 2098 prius
998 2019 1034 2079 de
1058 2017 1202 2078 dissimili·

195 2098 261 2176 bus,
285 2102 441 2179 exquibus
463 2101 682 2161 infirmissimum
703 2104 828 2181 quidque
845 2105 966 2182 primurn
981 2101 1099 2161 tractari
1115 2118 1202 2180 opor·

98 2191 100 2195 “
197 2191 253 2259 tet,
277 2185 343 2245 ideo
361 2185 438 2263 quod
453 2186 591 2264 quasdam
608 2189 794 2264 quaestiones
813 2188 929 2246 executi
951 2186 1058 2246 donare
1074 2185 1203 2244 solemus

121 2300 123 2304 ·
198 2276 226 2326 et
248 2270 428 2337 concedere:
459 2287 555 2347 neque
578 2272 652 2329 enim
673 2273 796 2330 transire
818 2271 854 2331 ad
875 2270 946 2329 alias
969 2287 1124 2347 possumus
1147 2268 1202 2326 nisi

156 2368 189 2422 19
197 2352 311 2411 omissis
328 2353 481 2432 prioribus.
531 2352 617 2426 Quod
633 2355 727 2431 ipsum
742 2356 779 2413 ita
798 2354 860 2412 fieri
877 2361 1010 2430 oportet,
1035 2369 1093 2410 non
1108 2361 1139 2410 ut
1154 2350 1203 2410 da·

196 2453 311 2496 mnasse
330 2456 380 2496 eas
395 2437 547 2497 videantur
562 2438 615 2497 sed
631 2439 774 2512 omisisse,
793 2439 858 2515 quia
877 2437 1021 2514 possimus
1038 2437 1124 2494 etiam
1140 2434 1204 2493 sine
1248 2493 1256 2503 ,

197 2520 240 2578 eis
259 2523 389 2580 vincere.
436 2519 626 2582 Procurator
648 2522 780 2582 alicuius
806 2522 968 2598 pecaniam
991 2521 1067 2599 petit
1093 2537 1133 2580 ea
1155 2518 1204 2596 fe-

195 2621 271 2663 oore
292 2605 499 2666 hereditario:
527 2613 627 2683 potest
650 2605 778 2664 incidere
801 2605 950 2682 quaestio,
971 2603 1022 2664 Aa
1043 2603 1115 2663 baie
1137 2620 1205 2663 esse

154 2696 431 2765 ooprocuratorem
455 2689 570 2749 liceat?
615 2685 707 2764 Finge
736 2705 806 2764 nos,
835 2697 989 2765 postquam
1016 2686 1203 2745 tractavimus

199 2788 271 2847 eam,
288 2773 436 2831 remittere
452 2771 502 2830 vel
518 2772 603 2831 etiam
619 2772 767 2831 convinci:
790 2780 962 2848 quaeretur,
988 2767 1034 2830 Aa
1058 2772 1097 2845 ei,
1117 2771 1206 2830 caiae

197 2856 316 2916 nomiae
330 2857 483 2933 titipatar,
502 2863 737 2932 procuratorem
752 2856 887 2917 habendi
908 2856 947 2915 sit
962 2855 1033 2914 iao?
1063 2852 1204 2914 Disceda-

197 2955 259 2996 mus
276 2938 342 2998 bino
358 2955 494 3016 quoque:
510 2939 616 3017 recipit
626 2939 745 2998 materia
757 2940 967 3017 quaestionem,
978 2933 1099 3013 Aailie,
1115 2937 1205 2996 caiae

196 3023 317 3083 nomiae
340 3023 458 3100 opiter,
480 3023 569 3083 beree
588 3023 627 3082 sit
650 3024 857 3101 feneratoris?
880 3040 922 3082 aa
945 3040 985 3081 ea
1004 3039 1075 3082 asse
1093 3021 1205 3080 beree?

157 3101 277 3173 21Haec
305 3123 422 3184 quoque
457 3123 601 3165 concessa
631 3107 702 3165 sint:
735 3115 907 3184 quaeretur,
938 3101 988 3164 Aa
1028 3105 1202 3165 debeatur?

185 3184 307 3248 Contra
330 3207 414 3248 nemo
438 3199 495 3248 tam
517 3190 635 3249 demens
658 3190 762 3265 fuerit,
785 3199 816 3250 ut
837 3190 884 3265 id,
914 3188 991 3266 quod
1015 3188 1206 3246 firmissimum

199 3270 314 3332 duxerit
338 3292 371 3332 se
394 3272 520 3350 habere,
542 3274 668 3333 remittat
683 3282 711 3332 et
728 3274 763 3333 ad
779 3274 892 3333 leviora
908 3271 1103 3332 transcendat.
1130 3269 1205 3330 Huic

200 3353 228 3411 in
249 3355 351 3415 schola
375 3357 468 3416 simile
493 3365 546 3416 est:
573 3354 641 3418 Noa
662 3356 826 3419 abdicabis
845 3358 1046 3435 adoptatum,-
1070 3363 1104 3414 at
1123 3355 1205 3416 batto

200 3452 336 3515 qaoque:
365 3459 424 3501 ooo
439 3443 539 3503 airam
551 3441 681 3519 fortem5
701 3450 734 3503 ut
754 3448 783 3501 et
798 3443 926 3520 fortene:
951 3458 1011 3500 ooo
1032 3440 1206 3518 quicunque
