2566 4026
200 156 241 219 82
518 171 555 218 u.
571 170 650 219 ssu.
668 171 889 231 odmundum

199 335 346 402 nostrum,
376 343 450 404 quae
474 326 570 386 lutura
591 327 656 385 usui
676 325 771 387 bonae
792 329 894 387 mentis
915 329 1068 389 iuvenibus
1089 331 1207 393 arbitra

197 429 272 488 mur,
287 410 371 470 nobis
388 419 469 471 certe
485 418 551 469 sunt
565 409 718 489 voluptati.

519 551 593 613 QUIS
611 552 722 605 MODUS
740 553 773 605 IN
791 556 888 610 ARTE.

283 651 364 713 Xllb
391 650 484 712 Nemo
503 662 598 712 autem
612 671 627 712 a
643 671 689 713 me
706 656 805 733 exigat
823 654 852 714 id
864 663 1089 733 praeceptorum
1104 674 1211 735 genus,

199 739 278 820 quod
297 745 342 796 est
363 755 380 797 a
403 735 554 816 plerisque
572 738 765 816 scriptoribus
781 740 883 798 artium
906 739 1055 817 traditum,
1075 751 1106 800 ut
1128 743 1213 820 quasi

200 823 337 904 quasdam
357 821 442 899 leges
471 822 637 883 immutabili
665 825 842 883 necessitate
871 825 1044 884 constrictas
1072 825 1213 886 studiosis

200 906 314 969 dicendi
331 906 439 967 feram:
462 908 562 985 utique
579 909 760 986 prooemium
780 916 809 967 et
823 907 852 967 id
867 907 969 986 quale,
992 910 1126 986 proxima
1142 910 1212 969 huic

199 993 337 1067 narratio,
354 1009 428 1069 quae
445 992 496 1052 lex
511 991 615 1053 deiude
630 992 780 1069 narrandi,
797 992 961 1071 propositio
977 1001 1046 1070 post
1059 992 1134 1053 lrouc
1148 993 1211 1069 vel,

199 1086 230 1138 ut
248 1075 417 1156 quibusdam
427 1076 546 1154 placuit,
561 1077 709 1152 excursio,
732 1086 791 1135 tum
804 1086 902 1136 certus
918 1075 990 1136 ordo
1007 1079 1210 1155 quaestionum

171 1155 181 1167 ’
201 1171 376 1239 ceteraque,
397 1178 488 1240 quae,
511 1161 592 1221 velut
613 1163 637 1220 si
660 1161 745 1221 aliter
765 1161 865 1221 facere
880 1161 924 1220 fas
939 1178 997 1221 non
1017 1163 1069 1237 sit,
1094 1161 1210 1239 quidam

171 1258 333 1325 utanquam
348 1247 419 1305 iussi
434 1246 477 1306 sic
492 1254 659 1324 sequuntur.
704 1244 775 1305 Erat
796 1247 871 1304 enim
894 1245 1042 1305 rhetorice
1060 1263 1109 1305 res
1124 1262 1210 1323 pror·

200 1350 249 1392 sus
265 1327 360 1390 facilis
375 1348 410 1390 ac
424 1347 525 1409 parva,
542 1331 567 1389 si
583 1347 640 1390 unc
657 1339 686 1390 et
699 1330 783 1390 brevi
793 1331 979 1408 praescripto
996 1332 1210 1398 contineretur;

200 1416 253 1476 sed
268 1423 411 1474 mutantur
425 1414 568 1492 pleraque
584 1416 690 1490 causis,
706 1412 898 1492 temporibus,
915 1417 1084 1490 occasione,
1104 1432 1205 1475 neces·

200 1501 297 1559 sitate.
342 1497 439 1576 Atque
461 1498 527 1558 ideo
549 1516 598 1558 res
619 1500 648 1558 in
669 1508 787 1560 oratore
810 1499 968 1577 praecipua
984 1499 1136 1559 consilium
1152 1506 1210 1575 est,

174 1585 270 1664 aquia
284 1584 365 1642 varie
382 1591 411 1642 et
430 1582 577 1645 adrerum
591 1592 734 1643 momenta
750 1585 939 1644 convertitur.
980 1580 1077 1655 Quid?
1094 1585 1118 1642 si
1136 1585 1208 1643 enirn

201 1668 365 1748 praecipias
383 1668 567 1746 imperatori,
585 1668 718 1746 quotiens
736 1669 829 1727 aciem
845 1668 985 1743 instruet,
1006 1667 1112 1743 dirigat
1129 1667 1208 1726 iron-

200 1762 275 1828 tem,
302 1768 410 1812 cornua
426 1753 561 1830 utrinque
581 1760 768 1830 promoveat,
793 1753 907 1829 equites
928 1768 982 1830 pro
1004 1750 1141 1811 cornibus
1164 1751 1208 1809 lo·

202 1845 264 1897 cet:
294 1839 350 1896 erit
376 1835 450 1896 baec
477 1836 592 1915 quidem
617 1837 779 1896 rectissima
803 1837 931 1896 fortasse
956 1837 1047 1911 ratio,
1074 1836 1209 1912 quotiens

201 1920 315 1989 licebit;
338 1920 391 1980 sed
411 1920 566 1981 mutabitur
583 1929 684 1981 natura
700 1921 775 1996 loci,
797 1922 822 1980 si
837 1936 918 1979 mons
940 1929 1092 1994 occurret,
1115 1921 1139 1977 si
1157 1918 1211 1977 llu-

200 2023 266 2065 men
292 2003 436 2079 obstabit,
459 2003 602 2080 collibus,
625 2004 722 2080 silvis,
746 2004 976 2082 asperitatealia
992 2003 1212 2081 prohibebitur;

172 2088 320 2153 4mutabit
334 2087 460 2147 bostium
479 2106 589 2165 genus,
605 2087 724 2147 mutabit
737 2088 901 2166 praesentis
917 2087 1051 2147 condicio
1069 2087 1211 2147 discrimi-

201 2176 260 2239 nis:
284 2190 361 2232 nuuc
382 2174 445 2232 acic
467 2171 578 2232 directa
598 2190 674 2232 nuuc
696 2174 814 2248 cuneis,
838 2189 913 2230 nunc
935 2171 1049 2230 auxiliis
1069 2188 1144 2229 nunc
1168 2169 1206 2228 le

202 2261 290 2335 gicne
305 2255 495 2333 pugnabitur,
518 2273 721 2336 nonnunquam
741 2265 825 2334 terga
845 2257 930 2316 etiam
945 2254 1062 2315 dedisse
1078 2254 1212 2314 simulata

173 2342 272 2418 cloga
292 2339 433 2419 proderit.
462 2338 514 2400 ¹lta
528 2343 710 2419 prooemium
723 2343 921 2402 necessarium
936 2358 972 2400 an
985 2357 1210 2419 supervacuum,

201 2427 294 2486 breve
309 2443 344 2485 an
358 2424 492 2502 lougius,
516 2426 552 2486 ad
573 2425 697 2486 iudicem
718 2428 794 2485 omni
817 2442 952 2486 sermone
973 2424 1085 2484 directo
1107 2442 1143 2484 an
1161 2423 1211 2482 ali-

204 2510 319 2590 quando
335 2525 441 2571 averso
461 2526 516 2587 per
531 2509 656 2588 aliquam
671 2510 792 2587 liguram
809 2510 962 2570 dicendum
979 2510 1032 2583 sit,
1054 2509 1212 2568 constricta

202 2613 239 2656 an
253 2594 339 2656 latius
358 2593 423 2654 lusa
442 2595 586 2670 narratio,
611 2595 746 2654 continua
768 2611 804 2652 an
822 2594 929 2666 divisa,
952 2599 1034 2650 recta
1053 2608 1089 2649 an
1109 2589 1213 2648 ordine

172 2688 384 2759 dpermutato,
406 2696 512 2738 causae
535 2677 690 2738 docebunt.
734 2676 866 2754 ltemque
889 2675 925 2734 de
943 2674 1143 2751 quaestionum
1164 2689 1212 2730 or·

203 2764 286 2840 dine,
310 2780 373 2822 cum
388 2764 418 2821 in
431 2761 533 2822 eadem
548 2761 748 2822 controversia
764 2759 841 2819 aliud
861 2757 909 2818 alii
924 2758 999 2834 parti
1014 2758 1094 2833 prius
1111 2757 1211 2834 quaeri

202 2848 374 2926 frequenter
406 2847 553 2925 expediat.
603 2843 707 2922 Neque
739 2845 814 2904 enim
846 2839 1047 2919 rogationibus
1076 2841 1213 2920 plebisve

205 2932 286 2991 scitis
301 2940 402 2992 sancta
418 2939 483 2990 sunt
502 2933 557 2991 ista
577 2938 753 3009 praecepta,
775 2928 829 2988 sed
845 2926 903 2987 boc
921 2925 1060 3005 quidquid
1075 2934 1120 2984 est
1135 2924 1212 2984 utili·

176 3021 245 3077 itas
269 3017 458 3092 excogitavit.
503 3014 569 3075 Non
588 3013 704 3092 negabo
729 3021 824 3073 autem
842 3013 885 3071 sic
902 3010 973 3070 utile
995 3027 1062 3070 esse
1085 3009 1212 3087 plerum-

205 3116 272 3177 que,
286 3099 394 3178 alioqui
409 3118 466 3161 nec
481 3099 656 3167 scriberem;
673 3098 834 3175 verum„si
851 3095 952 3155 eadem
969 3093 1020 3154 illa
1035 3093 1118 3152 uobis
1134 3091 1212 3151 aliud

205 3183 339 3244 suadebit
354 3183 481 3261 utilitas,
497 3184 571 3244 banc
586 3182 698 3243 relictis
710 3183 914 3258 magistrorum
930 3176 1149 3239 auctoritatibus
1165 3193 1212 3234 se·

204 3284 334 3346 quemur.

174 3360 194 3414 8
288 3350 431 3429 Equidem
453 3353 481 3413 id
506 3353 628 3412 maxime
644 3351 841 3430 praecipiam
868 3369 908 3410 ac
928 3353 1070 3426 repetens
1090 3347 1214 3407 iterem-

207 3452 265 3515 que
285 3436 457 3514 iterumque
477 3437 620 3499 monebo:
643 3454 691 3496 res
711 3435 782 3496 duas
805 3436 834 3494 in
848 3434 924 3494 omni
937 3440 1002 3494 actu
1018 3439 1133 3510 spectet
1148 3446 1213 3488 ora·
