2566 4026
165 102 226 165 284
482 112 518 166 m.
533 119 611 166 nnn.
627 117 847 178 Qornrrnmur

464 273 508 323 DE
527 274 643 326 lUDlGIO
663 275 705 324 ET
725 273 882 328 CONSLLIO.

250 356 286 415 V.
317 355 368 414 iiis
390 372 444 433 pro
466 366 566 417 nostra
590 357 729 417 facultate
753 359 882 416 tractatis
908 375 965 417 nou
993 359 1168 422 dubitassem

166 442 288 501 transire
306 442 436 518 protinus
452 442 488 501 ad
506 443 741 520 dispositionem,
765 459 841 519 quae
863 442 963 501 ordine
986 445 1051 520 ipso
1074 448 1169 523 sequi-

165 533 228 598 tur,
251 526 305 583 nisi
324 542 462 600 vererer,
483 543 537 600 ne,
561 527 694 604 quoniam
712 525 843 600 inerunt,
866 529 914 603 qui
935 527 1114 588 iudicium
1129 531 1169 589 in·

166 610 293 668 ventioni
316 607 543 684 subiungereut,
569 611 747 688 praeterisse
774 608 850 668 hunc
871 610 969 669 iocum
997 612 1168 689 quibusdam
1211 620 1213 675 t

165 692 291 768 viderer,
309 694 357 770 qui
372 710 436 752 mea
452 693 567 771 quidem
586 694 721 770 opinione
734 693 808 753 adeo
825 694 954 772 partibus
973 698 1071 773 operis
1087 696 1169 757 buius
1211 750 1213 755 .

166 775 297 835 omnibus
322 792 470 835 connexus
496 795 530 836 ac
552 779 656 836 mixtus
676 786 738 853 est,
758 787 839 836 utne
856 796 871 836 a
888 781 1039 838 sententiis
1056 781 1169 857 quidem
1211 774 1213 843 J

166 869 215 919 aut
235 859 333 920 verbis
355 861 459 920 saltem
481 862 603 938 siugulis
624 863 717 939 possit
739 863 887 939 separari,
909 881 964 921 nec
986 865 1078 940 magis
1108 873 1169 924 arte

135 944 286 1004 ttraditur
311 962 394 1021 quam
416 953 520 1025 ¹gustus
545 955 593 1004 aut
615 945 698 1005 odor.
735 944 865 1024 ideoque
881 963 951 1022 nos,
972 947 1040 1025 quid
1058 949 1087 1006 iu
1102 966 1170 1026 qna·

166 1046 223 1106 que
244 1046 276 1087 re
300 1030 480 1106 sequendum
502 1029 718 1107 cavendumque
738 1031 790 1105 sit,
814 1031 951 1090 docemus
975 1049 1010 1090 ac
1030 1031 1170 1109 deinceps

165 1110 352 1188 docebimus,
373 1122 404 1172 ut
427 1112 462 1172 ad
488 1131 523 1172 ea
544 1113 678 1173 iudicium
694 1113 842 1190 dirigatur.
877 1113 1056 1191 Praecipiam
1072 1117 1169 1192 igitur,
1210 1110 1213 1117 ’

164 1215 217 1273 ne,
244 1196 321 1273 quod
343 1196 421 1256 effici
446 1214 503 1256 nou
524 1207 639 1277 potest,
656 1199 875 1276 aggrediamur,
890 1208 921 1258 ut
940 1201 1083 1258 contraria
1098 1202 1170 1259 vite·

164 1298 226 1339 mus
243 1289 273 1339 et
288 1283 458 1357 communia,
471 1299 508 1340 ne
520 1282 587 1359 quid
598 1284 627 1341 iu
643 1282 808 1361 eloquendo
822 1291 998 1360 corruptum,
1016 1281 1171 1343 obscurum

165 1361 223 1425 sit?
238 1363 394 1426 Referatur
409 1374 527 1443 oportet
544 1367 709 1441 adsensus,
727 1368 775 1444 qui
792 1383 849 1425 non
867 1365 1017 1426 docentur.

137 1461 155 1514 3
251 1448 314 1509 Νεε
336 1449 455 1510 multum
477 1468 493 1509 a
517 1450 623 1510 iudicio
649 1450 738 1510 credo
751 1450 860 1510 distare
884 1451 1099 1525 consilium,
1118 1449 1171 1509 nisi

167 1533 245 1611 quod
260 1533 331 1592 illud
347 1533 568 1593 ostendentibus
591 1553 624 1594 se
646 1535 734 1594 rebus
750 1533 919 1608 adhibetur,
942 1534 999 1594 hoc
1015 1533 1170 1593 latentibus

166 1625 195 1675 et
213 1625 261 1676 aut
276 1617 390 1676 omuino
407 1617 531 1677 nondnru
555 1621 681 1697 repertis
703 1627 751 1678 aut
772 1617 875 1678 dubiis.
905 1617 943 1677 Et
958 1618 1092 1677 iudicium
1113 1617 1170 1677 ire·

166 1701 355 1779 quentissime
378 1710 488 1760 certum
510 1710 570 1777 est,
597 1702 748 1761 consilium
771 1719 843 1761 vero
867 1711 912 1762 est
935 1704 1008 1762 ratio
1032 1701 1172 1778 quaedam

166 1783 225 1843 alte
244 1784 334 1863 petita
352 1793 381 1843 et
396 1784 568 1863 plerumque
583 1786 666 1865 plura
682 1785 867 1864 perpendens
890 1795 919 1844 et
936 1802 1106 1862 comparans
1119 1776 1171 1844 ha·

139 1867 300 1946 ebenoque
320 1870 349 1926 in
369 1886 403 1927 sc
426 1877 455 1927 et
477 1870 671 1929 inventionem
694 1878 722 1929 et
745 1870 957 1930 iudicationem.
995 1868 1054 1929 Sed
1075 1887 1113 1928 ne
1136 1868 1172 1928 de

166 1953 223 2012 hoc
242 1951 357 2029 quidem
372 1962 532 2031 praecepta
554 1955 583 2012 in
600 1955 765 2013 uuiversum
782 1953 964 2031 expectanda
985 1962 1059 2012 suut.
1099 1951 1172 2012 Nam

167 2053 258 2097 exre
281 2037 418 2111 sumitur,
442 2037 523 2095 cuius
547 2038 630 2098 locus
655 2047 720 2098 aute
752 2039 895 2097 actionem
917 2045 962 2096 est
987 2037 1172 2114 frequenter;

166 2137 230 2180 uam
254 2116 360 2179 Cicero
382 2137 491 2179 summo
517 2120 640 2181 consilio
661 2123 775 2182 videtur
796 2123 826 2180 iu
845 2120 968 2181 Verrem
987 2121 1036 2180 vel
1059 2128 1172 2180 contra·

166 2204 238 2264 here
254 2212 386 2282 tempora
403 2203 517 2264 dicendi
529 2205 666 2266 maluisse
685 2223 770 2284 quarn
785 2207 814 2264 in
826 2224 890 2264 eum
907 2223 1020 2278 anuum,
1040 2221 1097 2281 quo
1112 2212 1175 2264 erat

137 2288 202 2362 50.
219 2287 391 2348 Hortensius
410 2289 513 2349 consul
532 2289 661 2367 futurus,
685 2289 826 2349 incidere.
864 2288 901 2348 Et
918 2291 946 2348 in
962 2290 1034 2366 ipsis
1053 2289 1173 2348 actioni-

166 2373 221 2433 bus
237 2375 357 2451 primum
375 2391 410 2432 ac
426 2374 655 2450 potentissimum
678 2373 789 2433 obtinet
810 2374 921 2440 locum;
943 2391 1026 2447 uam,
1050 2372 1118 2450 quid
1133 2372 1174 2432 di·

168 2457 306 2532 ceudum,
326 2457 394 2536 quid
410 2457 578 2532 tacendmn,
599 2458 665 2535 quid
682 2456 871 2517 differendum
889 2458 943 2532 sit,
961 2458 1083 2533 exigere
1106 2474 1165 2516 con·

167 2541 224 2600 silii
241 2550 302 2609 est;
319 2559 429 2619 negare
445 2542 481 2600 sit
493 2543 563 2601 satis
576 2559 612 2601 au
625 2540 796 2616 defendere,
814 2540 861 2600 ubi
874 2542 1026 2618 prooemio
1039 2540 1173 2600 utendum

168 2634 197 2684 et
213 2625 301 2703 quali,
321 2624 530 2685 narrandumne
548 2634 576 2684 et
592 2625 749 2704 quomodo,
765 2627 828 2684 iure
844 2627 924 2703 prius
939 2625 1123 2702 pugnandum
1140 2643 1175 2684 an

168 2725 280 2787 aequo,
305 2709 354 2787 qui
369 2709 406 2769 sit
422 2709 494 2770 ordo
508 2708 693 2784 utilissimus,
718 2718 776 2767 tnm
790 2726 889 2767 omnes
908 2708 1042 2783 colores,
1068 2724 1175 2786 aspere

139 2809 204 2863 fian
227 2793 334 2853 leniter
366 2810 402 2853 an
424 2795 510 2854 etiam
541 2794 692 2852 summisse
714 2793 794 2869 loqui
821 2795 966 2870 expediat.
1016 2793 1075 2852 Sed
1101 2791 1176 2852 haec

168 2893 296 2956 quoque,
313 2885 344 2936 ut
362 2878 485 2955 quisquc
501 2895 605 2955 passus
622 2887 667 2937 est
683 2876 785 2952 locus,
802 2879 971 2952 monuimus,
994 2877 1129 2954 idemque
1147 2877 1175 2935 in

168 2961 282 3039 reliqua
297 2970 380 3040 parte
396 2961 551 3030 faciemus;
574 2979 667 3040 pauca
687 2971 783 3021 tamen
805 2960 931 3038 exempli
948 2963 1041 3037 gratia
1058 2977 1174 3038 ponam,

169 3045 272 3123 quibus
283 3045 462 3106 manifestius
476 3055 626 3124 appareat,
644 3045 711 3125 quid
724 3047 772 3121 sit,
789 3045 867 3124 quod
879 3045 1069 3105 demonstrari
1086 3058 1177 3121 posse

142 3130 338 3208 ipraeceptis
361 3147 419 3189 non
442 3129 576 3190 arbitror.
619 3129 763 3190 Laudatur
786 3129 937 3190 consilinm
957 3127 1175 3200 Demosthenis,

171 3213 259 3288 quod,
279 3232 342 3273 cum
365 3213 502 3274 suaderet
516 3212 624 3272 bellum
636 3212 861 3273 Atheniensibus
877 3230 977 3292 parum
991 3212 1019 3271 id
1031 3228 1177 3290 prospere

171 3299 318 3373 expertis,
341 3297 411 3357 nihii
434 3296 527 3357 adhuc
549 3297 656 3357 iactum
672 3315 739 3356 esse
755 3299 867 3357 ratione
883 3305 1037 3363 monstrat;
1060 3302 1178 3374 poterat

172 3381 246 3439 enim
262 3382 408 3441 emendari
424 3381 619 3460 negligentia:
639 3390 683 3458 at,
702 3383 726 3441 si
740 3381 810 3441 nihii
828 3390 908 3440 esset
924 3390 1059 3459 erratum,
1075 3379 1178 3439 melio·
