2566 4026
407 184 497 233 mou.
511 183 743 233 consonum.
756 181 851 254 ιιι,4.
1080 176 1139 238 145

117 342 210 401 tineri.
251 339 408 400 blembrum
426 338 541 420 lougius
562 341 655 416 iusto,
678 339 804 407 tardum;
833 339 969 416 brevius,
992 343 1127 405 instabile

117 435 170 485 est.
207 423 378 502 Ubicunque
395 426 500 483 acriter
513 425 583 500 erit,
600 426 750 501 instanter,
766 427 940 503 pugnaciter
955 426 1124 488 dicendum:

115 508 293 569 membratim
310 510 478 585 caesimque
499 508 644 585 dicemus,
667 508 810 568 namhoc
833 510 862 567 in
886 510 1017 570 oratione
1040 510 1186 590 pluri-126

115 612 190 653 mum
212 594 305 661 valet;
340 592 473 672 adeoque
497 593 584 651 rebus
609 593 854 654 accommodanda
879 597 1071 673 compositio,
1098 605 1129 655 ut

116 680 229 756 asperis
252 694 374 755 asperos
398 679 483 736 etiam
499 693 634 736 numeros
651 676 780 736 adhiberi
797 686 933 757 oporteat
955 688 984 738 et
1006 697 1069 738 cum
1087 679 1128 739 di·

117 771 201 821 cente
220 779 313 839 aeque
329 760 492 820 audientem
507 761 723 820 inhorrescere·
762 760 942 822 Membratim
954 763 1126 844 plerumque

115 845 311 920 narrabimus,
336 854 383 904 aut
400 846 479 923 ipsas
496 846 635 923 periodos
649 845 806 905 maioribus
821 847 983 906 intervallis
1000 857 1029 907 et
1045 849 1185 911 velutlt‘l

115 929 278 990 laxioribus
292 929 375 989 nodis
391 929 592 1005 resolvemus,
611 931 744 1008 exceptis
761 948 836 1008 quae
849 948 907 990 non
922 931 1047 992 docendi
1062 950 1127 1009 gra·

115 1016 155 1073 tia
176 1014 229 1073 sed
245 1014 363 1073 ornandi
385 1022 551 1089 narrantur,
571 1023 602 1073 ut
622 1015 650 1073 in
665 1013 789 1074 Verrem
803 1014 998 1093 Proserpinae
1014 1026 1123 1095 raptus.
1175 1039 1176 1042 ¹

116 1096 170 1158 llic
195 1100 269 1156 enim
294 1099 368 1158 lenis
396 1107 425 1156 et
448 1097 540 1156 liuens
568 1106 721 1157 contextus
744 1097 840 1159 decet.
890 1099 1032 1160 Periodos
1058 1108 1125 1179 apta

115 1184 273 1261 prooemiis
295 1184 433 1241 maiorum
450 1199 617 1257 causarum,
639 1181 689 1240 ubi
709 1182 921 1259 sollicitudine,
944 1184 1185 1245 commenda-128

115 1267 209 1341 tione,
237 1267 423 1325 miseratione
447 1283 495 1324 res
516 1274 600 1341 eget,
635 1267 704 1325 item
727 1268 923 1326 communibus
949 1268 1023 1328 locis
1049 1268 1127 1328 etin

115 1351 190 1410 omni
214 1350 453 1427 amplificatione;
480 1347 534 1407 sed
557 1350 689 1424 poscitur
710 1357 769 1407 tum
791 1359 925 1426 austera,
948 1353 973 1409 si
990 1369 1125 1427 accuses,

115 1443 172 1494 tum
189 1434 269 1509 lusa,
294 1434 318 1491 si
344 1431 456 1492 laudes.
500 1429 620 1491 Multum
639 1441 669 1500 ,et
687 1434 715 1491 in
732 1432 857 1511 epilogis
874 1434 978 1513 pollet.
1019 1434 1124 1495 'lotum

114 1528 208 1579 autem
228 1517 286 1577 hoc
308 1516 498 1576 adhibendum
517 1524 576 1590 est,
600 1515 677 1593 quod
703 1517 740 1575 sit
760 1517 881 1595 amplius
903 1521 1122 1597 compositionis
1133 1525 1186 1583 129

113 1621 223 1681 genus,
242 1619 305 1660 cum
321 1601 409 1661 iudex
424 1617 481 1660 non
494 1599 587 1659 solum
600 1617 662 1658 rem
677 1609 772 1676 tenet,
789 1602 842 1661 sed
859 1603 945 1662 etiam
961 1612 1062 1682 captus
1080 1612 1125 1663 est

115 1688 247 1746 oratione
271 1695 354 1745 etse
380 1685 473 1744 credit
493 1685 585 1743 actori
609 1691 638 1743 ct
659 1683 810 1763 voluptate
830 1686 886 1744 iam
913 1686 1036 1746 ducitur.
1075 1687 1123 1748 lli·

113 1772 203 1830 storia
224 1787 281 1829 non
302 1779 359 1829 tam
380 1769 475 1828 linitos
501 1785 635 1827 numeros
657 1785 740 1847 quam
763 1769 863 1829 orbem
888 1771 1030 1849 quendam
1055 1790 1123 1831 con·

114 1864 282 1932 textumque
301 1853 458 1913 desiderat.
500 1851 631 1930 Namque
654 1854 748 1912 omnia
764 1855 826 1913 eius
846 1855 975 1915 membra
992 1872 1124 1916 connexa

114 1947 180 1997 sunt
199 1948 243 2013 et,
268 1939 402 2015 quoniam
418 1936 530 1997 lubrica
545 1945 590 1996 est
606 1954 641 1996 ac
656 1937 734 2013 lluit,
757 1947 787 1998 ut
802 1939 950 2015 homines,
972 1942 1021 2019 qui
1035 1941 1124 2000 mani·

114 2021 168 2081 bus
191 2023 314 2080 inuicem
336 2021 527 2100 apprehensis
548 2021 668 2097 gradum
686 2021 813 2099 iirmant,
839 2025 986 2084 continent
1008 2033 1037 2083 et
1058 2041 1125 2085 con·

114 2107 249 2164 tinentur.
276 2104 539 2165 Demonstrativum
555 2122 648 2181 genus
664 2122 748 2164 omne
765 2105 891 2167 fusiores
903 2106 991 2167 hahet
1005 2107 1184 2183 liberio-130

115 2207 223 2267 resque
247 2206 397 2256 numeros;
422 2188 561 2264 judiciale
575 2197 604 2246 et
620 2189 802 2265 contionale,
824 2199 854 2249 ut
875 2192 995 2250 materia
1015 2193 1124 2252 varium

115 2283 176 2350 est,
194 2275 237 2333 sic
253 2275 338 2333 etiam
354 2274 417 2351 ipsa
430 2271 628 2331 collocatione
643 2272 808 2330 verborum.

197 2356 253 2417 Ubi
269 2359 324 2415 iam
340 2356 423 2416 nobis
440 2374 507 2435 pars
525 2373 563 2414 ex
578 2355 706 2429 duabus,
724 2373 795 2432 quas
816 2355 903 2414 modo
921 2357 1059 2430 lecimus,
1078 2374 1124 2415 se·

115 2442 207 2501 cunda
225 2440 373 2500 tractanda
390 2448 445 2499 est.
486 2438 637 2516 Numquis
654 2437 765 2497 dubitat
780 2439 837 2498 alia
853 2439 963 2513 lenius,
982 2437 1038 2498 alia
1056 2456 1124 2497 con·

115 2526 248 2600 citatius,
272 2524 328 2584 alia
352 2525 518 2599 sublimius,
542 2521 598 2581 alia
616 2523 792 2600 pugnacius,
816 2521 873 2581 alia
896 2522 1041 2597 ornatius,
1069 2521 1124 2582 alia

113 2609 253 2687 gracilius
271 2627 339 2669 esse
355 2607 493 2675 dicenda;
517 2606 670 2684 gravibus,
688 2604 875 2681 sublimibus,
895 2605 1003 2665 ornatis
1020 2604 1124 2683 longas
1132 2615 1179 2671 131

113 2695 205 2771 magis
225 2693 355 2770 syllabas
379 2688 558 2753 convenire?
581 2692 620 2750 ita
636 2698 667 2748 ιιι
686 2689 762 2748 lenia
780 2691 922 2767 spatium,
947 2689 1080 2750 sublimia
1096 2699 1125 2750 et

115 2788 215 2838 ornata
237 2779 398 2838 claritatem
426 2793 542 2854 quoque
567 2774 711 2834 vocalium
737 2783 876 2850 poscant;
908 2775 953 2834 his
981 2775 1125 2833 contraria

113 2864 204 2938 magis
217 2862 347 2939 gaudere
360 2860 508 2935 brevibus,
522 2867 699 2935 argumenta,
712 2857 893 2936 partitiones,
906 2859 990 2917 iocos
1003 2866 1032 2916 et
1045 2859 1124 2936 quid·

115 2945 182 3023 quid
204 2955 248 3004 est
265 2946 392 3004 sermoni
413 2945 505 3019 magis
521 2942 625 3000 simile.
670 2941 771 3017 ltaque
793 2958 999 3020 componemus
1017 2948 1184 3019 proce-132

114 3030 198 3086 mium
220 3031 301 3086 varie
326 3036 413 3105 atque
440 3035 471 3085 ut
492 3043 595 3084 sensus
622 3026 685 3084 eius
706 3023 875 3102 postulabit.
919 3025 1022 3102 Neque
1050 3027 1124 3085 enim

115 3112 292 3169 accesserim
309 3109 415 3186 (leisc,
439 3111 487 3187 qui
502 3127 586 3168 unam
602 3109 742 3185 quandam
762 3108 829 3168 huic
848 3110 922 3187 parti
939 3110 1058 3168 formam
1074 3108 1123 3170 de·

115 3194 172 3268 dit,
198 3202 226 3252 et
249 3195 383 3271 optimam
402 3193 644 3272 compositionem
666 3211 733 3252 esse
754 3195 896 3271 prooemii
913 3202 943 3252 ut
966 3193 1042 3270 apud
1058 3193 1123 3256 Asi·

114 3277 191 3335 nium
208 3276 294 3336 dixit:
318 3277 369 3353 Si,
394 3275 531 3353 Caesar,
554 3295 595 3338 ec
615 3278 753 3339 omnibus
768 3279 963 3355 mortalibuS,
985 3279 1125 3357 quisunt

116 3381 154 3423 oc
168 3362 309 3440 feserunt,
332 3371 436 3440 posset
450 3362 522 3422 bute
541 3380 657 3425 coccae
672 3363 861 3439 disceptator
875 3364 949 3440 topi,
964 3380 1024 3425 uon
1039 3363 1123 3441 quie-

115 3464 207 3526 quam
227 3454 256 3506 te
277 3450 377 3523 portos
400 3447 551 3525 optandus
574 3447 661 3509 uobis
675 3448 743 3526 suit.
782 3445 846 3505 Non
864 3449 929 3526 quia
945 3464 1050 3524 negem
1067 3446 1185 3510 hoclbb

156 3551 186 3588 u.
208 3552 231 3588 s.
258 3550 372 3599 curum.
390 3537 422 3590 ll.
916 3531 953 3591 10
