2566 4026
229 167 288 228 110
558 178 595 225 u
608 175 686 224 sss.
700 176 919 230 ouruorcrnnr

229 342 408 436 posuerunt,
427 332 550 392 Rutilius
572 331 687 410 quidem
701 330 822 408 Lupus
814 348 843 388 m
859 338 984 409 utroque
999 351 1130 410 genere
1154 335 1239 415 idque

229 410 385 478 ἀντίθετον
399 425 495 476 vocat.

173 507 223 561 loa
315 501 436 562 Praeter
452 498 501 560 illa
517 516 606 575 vero,
628 516 702 577 quae
720 497 825 559 Cicero
846 499 921 558 iuter
936 499 1041 561 lumina
1058 503 1158 581 posuit
1175 523 1239 564 sen·

231 586 399 660 tentiarum,
421 582 509 643 multa
530 583 586 643 alia
604 592 634 642 et
649 582 724 642 idem
739 581 863 642 Rutilius
881 583 1007 661 Gorgian
1024 595 1160 662 secutus,
1184 606 1240 647 non

229 668 310 730 illum
325 668 493 729 Leontinum
509 667 562 726 sed
577 666 661 726 alium
673 669 717 726 sni
729 669 884 746 temporis,
903 669 983 727 cuins
996 678 1134 748 quattuor
1150 670 1240 732 libros

229 755 360 813 inunum
385 771 466 812 suum
485 751 644 828 transtulit,
672 760 701 810 et
716 749 838 827 (lelsus,
860 752 999 812 videlicet
1021 752 1132 813 Rutilio
1155 773 1239 817 acce·

172 843 222 898 10³
230 839 317 912 deus,
336 845 497 916 posuerunt
512 835 674 896 schemata:
691 833 990 913 consummationem,
1008 854 1093 915 quam
1111 837 1240 900 Graecus

230 915 377 1000 διαμάχην
393 930 496 997 vocat,
514 919 677 998 complura
694 930 862 997 argumenta
878 921 913 980 ad
929 940 1013 981 uuum
1035 923 1173 983 ellectum
1193 924 1239 984 de·

230 1006 385 1073 ducuntur;
414 1003 624 1084 Consequens,
646 1003 698 1064 ille
719 998 974 1082 εἰιαιιολονθησιν,
997 1005 1033 1065 de
1056 1023 1114 1084 quo
1136 1024 1191 1067 nos
1213 1010 1240 1067 in

230 1092 405 1188 argumentis
424 1089 560 1156 diximus:
591 1086 821 1162 Collectionem,
845 1091 893 1167 qui
915 1089 990 1168 apud
1005 1089 1086 1149 illum
1108 1101 1155 1151 est
1175 1096 1239 1152 συλ-

229 1166 380 1272 λογισμός
397 1172 507 1250 Minas,
520 1173 595 1232 idem
608 1166 802 1250 καταιτληξιν·
822 1170 1062 1233 Exhortationem
1071 1194 1238 1256 Ἡπαραινε

228 1252 318 1319 τικόν.
360 1257 489 1332 Quorum
509 1257 579 1318 nihil
600 1274 658 1316 non
679 1265 790 1316 rectum
812 1266 874 1332 est,
898 1259 952 1316 nisi
975 1276 1038 1316 cum
1059 1257 1187 1337 aliquam
1205 1278 1241 1319 ex

172 1343 290 1418 rostris,
308 1342 345 1402 de
362 1342 572 1421 quibuslocuti
590 1360 687 1400 sumus
694 1341 842 1418 ,liguram
860 1343 976 1420 accipit.
1022 1342 1145 1403 Praeter
1167 1343 1240 1404 haec

229 1425 334 1486 Celsus
351 1427 529 1502 excludere,
547 1442 736 1501 asseverare,
757 1426 939 1501 detrectare,
956 1428 1086 1486 excitare
1103 1427 1240 1505 iudicem,

227 1510 392 1589 proverbiis
410 1512 467 1586 uti,
491 1519 521 1569 et
542 1509 676 1569 versibus
695 1518 724 1569 et
745 1509 812 1568 ioco
829 1518 858 1568 et
881 1509 985 1570 invidia
1007 1519 1036 1569 et
1052 1511 1239 1573 invocatione

227 1595 378 1654 intendere
394 1596 518 1669 crimen,
536 1593 615 1672 qnod
632 1603 676 1652 est
692 1593 839 1669 δείνωσις,
856 1593 984 1670 adulari,
1001 1595 1180 1673 ignoscere,
1199 1597 1239 1656 ia·

229 1676 349 1753 stidire,
369 1678 541 1753 admonere,
565 1678 757 1753 satisfacere,
782 1679 914 1756 precari,
940 1679 1107 1756 corripere,
1131 1680 1239 1757 figuras

172 1769 220 1820 105
229 1769 318 1839 putat.
359 1761 546 1822 Partitionem
568 1778 684 1840 quoque
707 1770 737 1820 et
758 1764 989 1840 propositionem
1019 1771 1047 1822 et
1069 1763 1240 1824 divisionem

229 1855 258 1905 et
279 1863 375 1908 rernm
396 1845 514 1906 duarum
535 1847 755 1923 cognationem,
780 1846 857 1924 quod
876 1855 936 1922 est,
960 1855 990 1905 ut
1013 1847 1090 1907 idern
1111 1849 1238 1926 valeant,

228 1947 304 2008 qnae
325 1929 459 1989 videntur
479 1948 546 1989 esse
568 1929 699 2007 diversa,
720 1939 752 1988 ut
767 1947 824 1989 non
839 1932 864 1989 is
886 1930 998 1990 demum
1018 1933 1056 1990 sit
1076 1933 1238 2008 veneficus,

228 2014 277 2092 qui
292 2015 380 2074 vitam
395 2012 513 2074 abstulit
530 2014 596 2075 data
611 2015 749 2093 potione,
766 2014 818 2074 sed
835 2016 920 2074 etiam
937 2016 984 2092 qui
999 2024 1143 2085 mentem;
1163 2018 1239 2119 quod

172 2105 275 2159 106est
301 2099 330 2157 in
351 2108 451 2198 parte
458 2099 604 2159 finitionis.
657 2097 780 2158 Rutilius
804 2099 866 2157 sive
893 2090 1079 2198 Gorgias,’
1062 2123 1122 2160 ανα
1122 2106 1238 2181 pactos,

228 2176 410 2262 ἀνάμνησιν,
434 2172 672 2264 ἇνθνττοφορᾶν,
695 2175 881 2262 ἆντίρῥησιν,
907 2176 1110 2263 παραύξησιν,
1131 2183 1238 2265 προὲκ·

227 2271 329 2345 θεσιν,
356 2268 434 2347 quod
457 2277 502 2327 est
523 2268 639 2343 dicere,
669 2267 737 2345 quid
763 2267 827 2326 lieri
848 2269 1011 2345 oportuerit
1034 2268 1140 2328 deinde
1172 2268 1238 2348 quid

228 2351 335 2412 iactum
347 2354 398 2421 sit;
418 2345 619 2430 ἐναντιότητα,
632 2351 708 2412 unde
720 2351 776 2410 sint
787 2350 998 2426 enthymemata
1010 2372 1066 2411 κατ
1070 2342 1237 2415 ἀἰτίασιν·

172 2430 393 2514 107μεταληψιν
419 2438 520 2513 etiam,
550 2452 607 2514 quo
630 2444 705 2495 statu
727 2433 924 2512 Hermagoras
944 2437 1042 2495 utitur.
1084 2435 1235 2512 Visellius,

228 2538 390 2599 quanquam
405 2521 595 2599 paucissimas
611 2519 698 2579 iaciat
713 2517 837 2595 figuras,
858 2513 1015 2597 ἐνθύμημα
1030 2528 1143 2597 tamen,
1161 2521 1237 2620 quod

229 2613 418 2664 commentum
433 2613 536 2679 vocat,
559 2613 605 2678 et,
623 2605 763 2662 rationem
780 2603 950 2682 appellans,
975 2601 1145 2683 ἐπιχείρημα
1164 2607 1237 2665 inter

229 2705 278 2747 cas
300 2687 398 2748 habet.
448 2687 533 2761 Quod
556 2687 671 2767 quidem
692 2687 798 2765 recipit
824 2687 1035 2766 quodammodo
1063 2698 1092 2748 et
1120 2688 1235 2764 Celsus,

227 2789 292 2831 nam
300 2789 568 2850 ,consequensan
584 2770 760 2849 epichirema
780 2772 833 2847 sit,
850 2770 968 2831 dubitat.
1010 2771 1152 2832 Visellius
1169 2774 1235 2834 adii·

229 2855 268 2952 qit
296 2864 325 2915 et
344 2858 525 2916 sententiam.
567 2855 702 2931 Invenio,
735 2856 783 2932 qui
810 2865 975 2932 aggregent
998 2854 1042 2914 his
1069 2848 1235 2933 διασκενας,

227 2929 452 3021 ἀναγορεύσεις,
480 2934 718 3021 παραδιηγησεις.
762 2939 822 2999 Sed
843 2949 872 2998 ut
892 2940 967 3000 haec
988 2956 1046 2999 non
1065 2950 1132 3000 sunt
1153 2941 1234 3002 sche-

227 3032 318 3084 mata:
335 3026 379 3084 sic
394 3025 449 3085 alia
460 3025 510 3085 vel
526 3027 583 3084 sint
597 3024 719 3083 forsitan
732 3041 767 3084 ac
781 3041 835 3082 nos
851 3024 978 3101 lugerint
992 3023 1041 3083 vel
1058 3026 1145 3084 etiam
1160 3042 1233 3085 nova

228 3108 291 3166 lieri
319 3108 412 3169 adhuc
433 3110 564 3188 possint,
588 3107 716 3168 eiusdem
731 3117 826 3168 tamen
847 3117 982 3184 naturae,
1004 3108 1085 3167 cuius
1106 3118 1173 3170 sunt
1191 3127 1234 3186 ea,

228 3188 266 3250 de
283 3191 386 3273 quibus
402 3193 507 3254 dictum
525 3201 581 3253 est.

534 3346 576 3394 DE
594 3344 724 3397 FIGURIS
742 3344 932 3396 VERBORUM.

312 3439 362 3502 lll.
395 3441 603 3502 Verborum
620 3459 693 3502 vero
709 3441 857 3520 liguros
878 3450 908 3502 et
926 3449 1052 3502 mutatae
1074 3450 1141 3501 sunt
1160 3457 1232 3502 senr-
