2566 4026
357 187 610 236 menoran'nou.
626 184 801 254 n1o.1x,4.
1016 179 1074 240 143

149 343 239 403 l’otus
255 359 327 401 vero
343 341 390 402 bic
406 341 489 401 locus
507 360 565 403 non
580 343 645 404 ideo
662 351 832 402 tractatura
847 342 945 420 nobis,
963 352 993 404 ut
1009 361 1072 404 ora·
1083 355 1130 409 ill

61 431 122 490 tio.
146 445 220 505 quae
242 426 313 486 lerri
337 424 425 486 debet
441 445 475 486 ao
492 427 600 503 liuere,
622 426 803 487 dimetiendis
819 426 941 505 pedibus
958 445 992 487 ao
1007 446 1073 507 per·

63 510 225 592 pandendis
247 509 367 586 syllabis
390 520 598 579 consenescat:
623 529 687 569 nam
709 511 738 570 id
759 528 823 569 oum
845 512 943 585 miseri
967 520 1026 570 tum
1045 513 1073 570 in

60 595 182 655 minimis
199 596 334 673 occupati
351 602 412 669 est,
437 596 640 674 nequeenim,
663 596 760 674 quise
776 597 911 654 totumin
930 595 985 654 bac
1003 606 1131 659 curallit

62 679 292 756 consumpserit,
318 677 480 757 potioribus
505 678 635 740 vacabit:
669 680 694 737 si
721 678 837 757 quidem
852 679 956 738 relicto
977 697 1073 738 rerum

61 763 192 843 pondere
225 779 260 820 ac
284 763 378 821 nitore
402 772 568 843 contempto
594 764 776 838 tesserulae,
808 770 839 822 ut
869 765 907 822 ait
934 762 1071 838 Lucilius,

60 853 156 909 struet
172 853 200 904 et
215 847 414 907 vermiculate
429 849 510 908 inter
524 867 558 908 se
573 848 652 908 lenis
668 848 836 908 committet.
880 845 983 906 Nonne
999 864 1072 923 ergo

61 931 253 1006 refrigeretur
269 930 312 989 sic
328 930 409 991 calor
426 939 456 990 et
471 932 594 1010 impetus
610 940 727 1009 pereat,
750 939 781 990 ut
802 947 943 1009 equorum
959 948 1073 990 cursum

61 1015 178 1074 delicati
196 1014 309 1072 minutis
326 1014 460 1091 passibus
477 1011 632 1092 frangunt?
660 1013 750 1088 Quasi
765 1031 837 1074 vero
855 1014 995 1090 iecerint,
1015 1020 1131 1075 non114

62 1099 161 1156 sintin
178 1098 391 1174 compositione
407 1097 592 1177 deprehensi.
634 1099 715 1159 Siout
736 1116 840 1176 poema
855 1115 939 1157 nemo
961 1096 1071 1158 dubita·

61 1183 137 1241 verit
162 1182 296 1258 imperito
314 1183 438 1258 quodam
458 1184 537 1242 initio
553 1182 648 1242 iusum
664 1192 694 1242 et
709 1184 818 1242 aurium
832 1199 966 1241 mensura
988 1190 1017 1241 et
1034 1183 1071 1241 si·

61 1266 167 1324 militer
185 1264 398 1325 decurrentium
414 1269 572 1345 spatiorum
587 1265 793 1326 observatione
809 1283 875 1325 esse
891 1275 1070 1343 generatum,

60 1366 129 1407 mox
144 1350 172 1406 in
189 1364 225 1406 eo
243 1357 378 1427 repertos
395 1350 498 1428 pedes.
533 1351 609 1411 Satis
627 1351 715 1427 igitur
730 1352 758 1408 in
772 1350 830 1409 hoc
846 1367 899 1409 nos
917 1358 1072 1427 componet

61 1432 149 1493 multa
166 1431 312 1491 scribendi
328 1435 517 1510 exercitatio,
541 1443 572 1494 ut
587 1452 625 1493 ex
642 1442 774 1512 tempore
790 1435 875 1493 etiam
890 1432 993 1492 similia
1009 1433 1070 1492 fuu-

61 1519 171 1578 damus.
217 1515 320 1594 Neque
340 1535 412 1577 vero
426 1527 483 1577 tam
498 1518 554 1578 sint
575 1517 701 1578 intuendi
718 1517 810 1597 pedes
835 1535 919 1597 quam
936 1519 1129 1576 universalia

61 1600 303 1678 comprehensio,
338 1611 368 1660 ut
393 1620 510 1661 versum
531 1602 673 1662 facientes
702 1611 793 1661 totum
814 1600 894 1660 illum
917 1601 1071 1660 decursum

61 1702 119 1743 non
135 1702 188 1743 sex
209 1684 258 1743 vel
275 1687 401 1764 quinque
416 1695 535 1763 partes,
555 1705 592 1744 ex
608 1684 711 1764 quibus
727 1694 840 1746 constat
854 1702 975 1760 versus,
996 1685 1071 1762 aspi·

63 1770 149 1828 ciunt.
195 1767 271 1827 Ante
296 1770 371 1829 enirn
392 1787 507 1829 carmen
534 1779 627 1829 ortum
649 1779 694 1829 est
716 1788 802 1849 quam
817 1768 984 1829 observatio
1008 1785 1070 1827 car-

61 1853 154 1910 minis.
187 1850 316 1929 ideoque
332 1853 404 1913 illud
419 1852 520 1916 Fooni
532 1863 678 1931 cotesque
690 1854 852 1916 canebant.
889 1851 969 1929 Ergo
986 1856 1129 1930 quemlltt

61 1938 90 1994 in
109 1944 243 2012 poemate
268 1937 361 1996 locum
383 1935 472 1998 habet
491 1938 686 2014 versificatio,
709 1956 773 1998 eum
794 1940 822 1997 in
838 1937 970 1996 oratione
993 1953 1069 1995 conr-

83 2021 179 2078 ositio.

62 2038 80 2099 p
149 2101 262 2180 Optime
285 2111 380 2162 autent
402 2102 438 2161 de
459 2103 508 2163 illa
532 2106 659 2165 iudicant
679 2122 781 2179 aures,
806 2123 880 2182 quae
898 2103 984 2182 plena
1004 2120 1070 2162 sen-

62 2189 134 2246 tiunt
156 2195 184 2245 et
205 2204 305 2265 parurn
328 2186 445 2264 expleta
468 2187 634 2247 desiderant
650 2198 679 2247 et
701 2187 827 2263 fragosis
843 2185 1026 2247 offenduntur
1042 2195 1071 2246 et

63 2269 176 2331 levibus
197 2270 359 2330 mulcentur
375 2279 405 2329 et
420 2272 561 2330 contortis
584 2273 746 2331 excitantur
762 2279 791 2329 et
805 2269 920 2329 stabilia
935 2269 1069 2348 probant,

62 2354 165 2414 clauda
182 2353 420 2432 deprehendunt,
436 2353 623 2414 redundantia
639 2372 674 2413 ao
688 2354 772 2413 nimia
786 2353 944 2414 fastidiunt.
986 2351 1070 2412 ldeo-

64 2456 120 2517 que
137 2438 216 2497 docti
231 2439 370 2498 rationem
385 2438 578 2516 componendi
593 2437 773 2514 intelligunt,
792 2438 877 2497 etiam
894 2434 1003 2495 indocti
1019 2451 1070 2493 vo·

63 2522 210 2599 luptatem.
255 2520 402 2595 Quaedam
417 2539 490 2581 vero
505 2522 579 2582 tradi
595 2533 656 2582 arte
671 2539 728 2580 non
740 2529 871 2600 possunt.
915 2517 1066 2579 Mutandae
1080 2525 1130 2584 117

64 2614 108 2663 est
127 2622 229 2680 casus,
246 2607 270 2663 si
290 2605 388 2664 dorius
403 2607 443 2680 is,
464 2623 520 2683 quo
540 2623 747 2685 coeperamus,
769 2605 887 2664 feratur.
931 2601 1021 2677 Num,
1043 2604 1072 2660 in

64 2706 148 2766 quem
164 2697 343 2748 transeamus
361 2707 398 2748 ex
412 2707 487 2766 quo,
504 2691 635 2769 praecipi
652 2685 772 2768 potest‘l
804 2686 912 2765 Figura
930 2686 1081 2746 laboranti¹

63 2774 267 2850 compositioni
288 2774 397 2832 variata
418 2791 509 2850 saepe
528 2775 680 2833 succurrit.
726 2771 823 2846 Quae,
848 2788 912 2830 oum
933 2770 1072 2829 orationis

63 2865 121 2915 tum
135 2857 219 2915 etiam
234 2853 417 2916 sententiae?
446 2855 520 2915 Num
533 2857 745 2935 praescriptum
764 2856 825 2915 eius
842 2856 885 2913 rei
901 2853 989 2913 ullum
1005 2849 1072 2913 est?

64 2937 274 2999 Occasionibus
290 2941 427 2999 utendum
443 2949 472 2998 et
488 2957 552 2998 oum
567 2958 600 2998 re
612 2940 759 3019 praesenti
775 2937 1001 2998 deliberandum.
1035 2935 1130 2999 utrm

63 3024 119 3081 iam
144 3040 216 3081 vero
240 3025 332 3101 spatia
355 3025 435 3101 ipsa,
467 3041 541 3100 quae
567 3023 596 3082 in
610 3023 665 3082 hac
681 3023 796 3102 quidem
815 3030 897 3100 parte
920 3021 1071 3100 plurimum

64 3104 179 3179 valent,
197 3106 274 3182 quod
289 3116 412 3184 possunt
424 3107 479 3164 nisi
495 3107 604 3167 aurium
618 3106 728 3166 habere
743 3102 898 3166 iudicium‘l
943 3102 1001 3164 Gur
1016 3104 1072 3163 alia

65 3187 251 3263 paucioribus
266 3190 364 3249 verbis
381 3192 450 3250 satis
469 3191 555 3269 plena
572 3190 621 3251 vel
639 3191 769 3266 nimium,
786 3189 842 3248 alia
860 3187 991 3266 pluribus
1004 3186 1070 3247 bre·

65 3270 112 3327 via
129 3277 158 3327 et
176 3267 289 3331 abscisa
305 3272 392 3333 sunt‘l
436 3271 494 3333 Gur
516 3276 544 3334 iu
566 3272 874 3348 circumductionibus,
901 3272 987 3332 etiarn
1006 3289 1070 3332 oum
1185 3341 1187 3344 y

66 3371 169 3412 sensus
186 3352 279 3412 linitus
297 3365 357 3431 est,
377 3357 484 3433 aliquid
499 3367 594 3418 tamen
610 3358 669 3418 loci
689 3375 796 3418 vacare
812 3352 964 3417 videatur?
1007 3354 1127 3416 Ne-119

65 3439 174 3498 minem
188 3445 321 3498 cestrum
335 3441 481 3518 tpnorore
496 3443 649 3519 arbitror,
664 3443 799 3516 iudices,
820 3442 902 3503 banc
912 3458 972 3519 per
981 3440 1073 3502 bosca
