<?xml version="1.0" encoding="UTF-8"?>
<!DOCTYPE html PUBLIC "-//W3C//DTD XHTML 1.0 Transitional//EN"
    "http://www.w3.org/TR/xhtml1/DTD/xhtml1-transitional.dtd">
<html xmlns="http://www.w3.org/1999/xhtml" xml:lang="en" lang="en">
 <head>
  <title>
</title>
<meta http-equiv="Content-Type" content="text/html;charset=utf-8" />
  <meta name='ocr-system' content='tesseract 3.04.00' />
  <meta name='ocr-capabilities' content='ocr_page ocr_carea ocr_par ocr_line ocrx_word'/>
</head>
<body>
  <div class='ocr_page' id='page_1' title='image "./mfabiiquintilia00bonngoog/mfabiiquintilia00bonngoog_0142.png"; bbox 0 0 2566 4026; ppageno 0'>
   <div class='ocr_carea' id='block_1_1' title="bbox 347 154 1069 229">
    <p class='ocr_par' dir='ltr' id='par_1_1' title="bbox 347 154 1069 229">
     <span class='ocr_line' id='line_1_1' title="bbox 347 154 1069 229; baseline 0.012 -23"><span class='ocrx_word' id='word_1_1' title='bbox 347 160 436 209; x_wconf 76' lang='lat' dir='ltr'><strong>mss.</strong></span> <span class='ocrx_word' id='word_1_2' title='bbox 452 160 601 208; x_wconf 75' lang='lat' dir='ltr'><strong>onnuon.</strong></span> <span class='ocrx_word' id='word_1_3' title='bbox 614 161 683 209; x_wconf 78' lang='lat' dir='ltr'><strong>urs.</strong></span> <span class='ocrx_word' id='word_1_4' title='bbox 696 163 752 229; x_wconf 85' lang='lat'><strong>111,</strong></span> <span class='ocrx_word' id='word_1_5' title='bbox 764 163 790 213; x_wconf 83' lang='lat'><strong>5.</strong></span> <span class='ocrx_word' id='word_1_6' title='bbox 1011 154 1069 216; x_wconf 87' lang='lat'><strong>115</strong></span> 
     </span>
    </p>
   </div>
   <div class='ocr_carea' id='block_1_2' title="bbox 62 311 1113 3416">
    <p class='ocr_par' dir='ltr' id='par_1_2' title="bbox 62 311 1068 730">
     <span class='ocr_line' id='line_1_2' title="bbox 62 311 1068 390; baseline 0.002 -10"><span class='ocrx_word' id='word_1_7' title='bbox 62 327 128 382; x_wconf 78' lang='lat' dir='ltr'><strong>stoc</strong></span> <span class='ocrx_word' id='word_1_8' title='bbox 138 323 328 379; x_wconf 84' lang='lat' dir='ltr'><strong>accusatur:</strong></span> <span class='ocrx_word' id='word_1_9' title='bbox 344 314 446 390; x_wconf 88' lang='lat' dir='ltr'><strong>thesis,</strong></span> <span class='ocrx_word' id='word_1_10' title='bbox 459 311 507 374; x_wconf 85' lang='lat' dir='ltr'><strong>An</strong></span> <span class='ocrx_word' id='word_1_11' title='bbox 522 313 644 377; x_wconf 84' lang='lat' dir='ltr'><strong>Orestes</strong></span> <span class='ocrx_word' id='word_1_12' title='bbox 655 325 738 378; x_wconf 86' lang='lat' dir='ltr'><strong>recte</strong></span> <span class='ocrx_word' id='word_1_13' title='bbox 750 319 789 379; x_wconf 83' lang='lat' dir='ltr'><strong>sit</strong></span> <span class='ocrx_word' id='word_1_14' title='bbox 799 320 974 389; x_wconf 83' lang='lat' dir='ltr'><strong>absolutus,·</strong></span> <span class='ocrx_word' id='word_1_15' title='bbox 988 322 1068 382; x_wconf 87' lang='lat' dir='ltr'><strong>cuius</strong></span> 
     </span>
     <span class='ocr_line' id='line_1_3' title="bbox 62 396 1067 481; baseline 0.001 -18"><span class='ocrx_word' id='word_1_16' title='bbox 62 402 184 481; x_wconf 88' lang='lat' dir='ltr'><strong>generis</strong></span> <span class='ocrx_word' id='word_1_17' title='bbox 202 409 264 475; x_wconf 92' lang='lat' dir='ltr'><strong>est,</strong></span> <span class='ocrx_word' id='word_1_18' title='bbox 286 396 336 459; x_wconf 86' lang='lat' dir='ltr'><strong>An</strong></span> <span class='ocrx_word' id='word_1_19' title='bbox 355 396 430 460; x_wconf 81' lang='lat' dir='ltr'><strong>Coto</strong></span> <span class='ocrx_word' id='word_1_20' title='bbox 446 407 530 460; x_wconf 84' lang='lat' dir='ltr'><strong>rcctc</strong></span> <span class='ocrx_word' id='word_1_21' title='bbox 545 396 699 461; x_wconf 76' lang='lat' dir='ltr'><strong><em>Marciam</em></strong></span> <span class='ocrx_word' id='word_1_22' title='bbox 713 399 875 465; x_wconf 83' lang='lat' dir='ltr'><strong>Hortensio</strong></span> <span class='ocrx_word' id='word_1_23' title='bbox 893 406 1067 467; x_wconf 79' lang='lat' dir='ltr'><em>tradiderit.</em></span> 
     </span>
     <span class='ocr_line' id='line_1_4' title="bbox 62 483 1067 568; baseline 0.002 -21"><span class='ocrx_word' id='word_1_24' title='bbox 62 486 98 547; x_wconf 88' lang='lat' dir='ltr'><strong>Hi</strong></span> <span class='ocrx_word' id='word_1_25' title='bbox 117 485 215 546; x_wconf 91' lang='lat' dir='ltr'><strong>thesin</strong></span> <span class='ocrx_word' id='word_1_26' title='bbox 230 502 246 543; x_wconf 93' lang='lat' dir='ltr'><strong>a</strong></span> <span class='ocrx_word' id='word_1_27' title='bbox 265 500 353 543; x_wconf 89' lang='lat' dir='ltr'><strong>causa</strong></span> <span class='ocrx_word' id='word_1_28' title='bbox 369 483 412 541; x_wconf 93' lang='lat' dir='ltr'><strong>sic</strong></span> <span class='ocrx_word' id='word_1_29' title='bbox 428 483 621 561; x_wconf 89' lang='lat' dir='ltr'><strong>distinguunt,</strong></span> <span class='ocrx_word' id='word_1_30' title='bbox 640 492 670 542; x_wconf 89' lang='lat' dir='ltr'><strong>ut</strong></span> <span class='ocrx_word' id='word_1_31' title='bbox 686 484 736 543; x_wconf 91' lang='lat' dir='ltr'><strong>illa</strong></span> <span class='ocrx_word' id='word_1_32' title='bbox 754 486 792 545; x_wconf 88' lang='lat' dir='ltr'><strong>sit</strong></span> <span class='ocrx_word' id='word_1_33' title='bbox 807 490 987 565; x_wconf 81' lang='lat' dir='ltr'><strong>spectativae</strong></span> <span class='ocrx_word' id='word_1_34' title='bbox 1003 508 1067 568; x_wconf 88' lang='lat' dir='ltr'><strong>par·</strong></span> 
     </span>
     <span class='ocr_line' id='line_1_5' title="bbox 62 565 1067 650; baseline 0 -19"><span class='ocrx_word' id='word_1_35' title='bbox 62 573 119 646; x_wconf 89' lang='lat' dir='ltr'><strong>tis,</strong></span> <span class='ocrx_word' id='word_1_36' title='bbox 137 569 214 628; x_wconf 88' lang='lat' dir='ltr'><strong>haec</strong></span> <span class='ocrx_word' id='word_1_37' title='bbox 231 568 358 634; x_wconf 88' lang='lat' dir='ltr'><strong>activae;</strong></span> <span class='ocrx_word' id='word_1_38' title='bbox 377 565 437 625; x_wconf 86' lang='lat' dir='ltr'><strong>illic</strong></span> <span class='ocrx_word' id='word_1_39' title='bbox 454 569 527 625; x_wconf 89' lang='lat' dir='ltr'><strong>enirn</strong></span> <span class='ocrx_word' id='word_1_40' title='bbox 540 568 670 626; x_wconf 79' lang='lat' dir='ltr'><strong>veritatis</strong></span> <span class='ocrx_word' id='word_1_41' title='bbox 686 577 793 628; x_wconf 81' lang='lat' dir='ltr'><strong>tantum</strong></span> <span class='ocrx_word' id='word_1_42' title='bbox 809 572 902 646; x_wconf 88' lang='lat' dir='ltr'><strong>gratia</strong></span> <span class='ocrx_word' id='word_1_43' title='bbox 918 571 1067 650; x_wconf 88' lang='lat' dir='ltr'><strong>disputari,</strong></span> 
     </span>
     <span class='ocr_line' id='line_1_6' title="bbox 63 651 353 730; baseline -0.021 -16"><span class='ocrx_word' id='word_1_44' title='bbox 63 655 112 715; x_wconf 92' lang='lat' dir='ltr'><strong>hic</strong></span> <span class='ocrx_word' id='word_1_45' title='bbox 128 653 279 730; x_wconf 82' lang='lat' dir='ltr'>negotium</span> <span class='ocrx_word' id='word_1_46' title='bbox 295 651 353 727; x_wconf 89' lang='lat' dir='ltr'><strong>agi.</strong></span> 
     </span>
    </p>

    <p class='ocr_par' dir='ltr' id='par_1_3' title="bbox 62 733 1113 3318">
     <span class='ocr_line' id='line_1_7' title="bbox 155 733 1112 816; baseline 0.002 -22"><span class='ocrx_word' id='word_1_47' title='bbox 155 735 325 813; x_wconf 82' lang='lat' dir='ltr'><strong>Quanquam</strong></span> <span class='ocrx_word' id='word_1_48' title='bbox 349 733 464 793; x_wconf 87' lang='lat' dir='ltr'><strong>inutiles</strong></span> <span class='ocrx_word' id='word_1_49' title='bbox 494 737 608 812; x_wconf 86' lang='lat' dir='ltr'><strong>quidam</strong></span> <span class='ocrx_word' id='word_1_50' title='bbox 630 740 739 798; x_wconf 88' lang='lat' dir='ltr'><strong>oratori</strong></span> <span class='ocrx_word' id='word_1_51' title='bbox 761 747 860 816; x_wconf 87' lang='lat' dir='ltr'><strong>putant</strong></span> <span class='ocrx_word' id='word_1_52' title='bbox 887 737 1068 798; x_wconf 90' lang='lat' dir='ltr'><strong>universales</strong></span> <span class='ocrx_word' id='word_1_53' title='bbox 1080 754 1112 805; x_wconf 73' lang='lat' dir='ltr'><strong>lt</strong></span> 
     </span>
     <span class='ocr_line' id='line_1_8' title="bbox 64 815 1069 901; baseline -0.001 -20"><span class='ocrx_word' id='word_1_54' title='bbox 64 821 275 901; x_wconf 78' lang='lat' dir='ltr'><strong>quaestiones,</strong></span> <span class='ocrx_word' id='word_1_55' title='bbox 305 819 371 896; x_wconf 90' lang='lat' dir='ltr'><strong>quia</strong></span> <span class='ocrx_word' id='word_1_56' title='bbox 397 815 467 877; x_wconf 91' lang='lat' dir='ltr'><strong>nihil</strong></span> <span class='ocrx_word' id='word_1_57' title='bbox 497 822 605 897; x_wconf 84' lang='lat' dir='ltr'><strong>prosit,</strong></span> <span class='ocrx_word' id='word_1_58' title='bbox 636 821 712 900; x_wconf 91' lang='lat' dir='ltr'><strong>quod</strong></span> <span class='ocrx_word' id='word_1_59' title='bbox 736 830 865 896; x_wconf 87' lang='lat' dir='ltr'><strong>constet,</strong></span> <span class='ocrx_word' id='word_1_60' title='bbox 895 821 1069 883; x_wconf 83' lang='lat' dir='ltr'><strong>ducendum</strong></span> 
     </span>
     <span class='ocr_line' id='line_1_9' title="bbox 64 901 1068 985; baseline -0.004 -19"><span class='ocrx_word' id='word_1_61' title='bbox 64 925 134 967; x_wconf 82' lang='lat' dir='ltr'><strong>esse</strong></span> <span class='ocrx_word' id='word_1_62' title='bbox 162 921 290 965; x_wconf 78' lang='lat' dir='ltr'><strong>uxorem</strong></span> <span class='ocrx_word' id='word_1_63' title='bbox 312 901 361 961; x_wconf 94' lang='lat' dir='ltr'><strong>vel</strong></span> <span class='ocrx_word' id='word_1_64' title='bbox 388 902 667 966; x_wconf 82' lang='lat' dir='ltr'><strong>administrandam</strong></span> <span class='ocrx_word' id='word_1_65' title='bbox 689 907 925 985; x_wconf 80' lang='lat' dir='ltr'><strong>rempublicam,</strong></span> <span class='ocrx_word' id='word_1_66' title='bbox 954 906 979 963; x_wconf 89' lang='lat' dir='ltr'><strong>si</strong></span> <span class='ocrx_word' id='word_1_67' title='bbox 1006 907 1068 982; x_wconf 90' lang='lat' dir='ltr'><strong>quis</strong></span> 
     </span>
     <span class='ocr_line' id='line_1_10' title="bbox 64 984 1068 1065; baseline 0 -18"><span class='ocrx_word' id='word_1_68' title='bbox 64 989 114 1049; x_wconf 91' lang='lat' dir='ltr'><strong>vel</strong></span> <span class='ocrx_word' id='word_1_69' title='bbox 130 996 229 1049; x_wconf 86' lang='lat' dir='ltr'><strong>aetate</strong></span> <span class='ocrx_word' id='word_1_70' title='bbox 244 985 294 1046; x_wconf 91' lang='lat' dir='ltr'><strong>vel</strong></span> <span class='ocrx_word' id='word_1_71' title='bbox 309 984 473 1045; x_wconf 88' lang='lat' dir='ltr'><strong>valetudine</strong></span> <span class='ocrx_word' id='word_1_72' title='bbox 489 987 668 1065; x_wconf 87' lang='lat' dir='ltr'><strong>impediatur.</strong></span> <span class='ocrx_word' id='word_1_73' title='bbox 701 989 759 1049; x_wconf 89' lang='lat' dir='ltr'><strong>Sed</strong></span> <span class='ocrx_word' id='word_1_74' title='bbox 774 1005 832 1048; x_wconf 89' lang='lat' dir='ltr'><strong>non</strong></span> <span class='ocrx_word' id='word_1_75' title='bbox 848 987 977 1048; x_wconf 89' lang='lat' dir='ltr'><strong>omnihus</strong></span> <span class='ocrx_word' id='word_1_76' title='bbox 994 989 1068 1048; x_wconf 90' lang='lat' dir='ltr'><strong>eius·</strong></span> 
     </span>
     <span class='ocr_line' id='line_1_11' title="bbox 64 1068 1069 1151; baseline -0.002 -17"><span class='ocrx_word' id='word_1_77' title='bbox 64 1072 146 1134; x_wconf 93' lang='lat' dir='ltr'><strong>modi</strong></span> <span class='ocrx_word' id='word_1_78' title='bbox 162 1068 380 1151; x_wconf 80' lang='lat' dir='ltr'><strong>quaestionibus</strong></span> <span class='ocrx_word' id='word_1_79' title='bbox 399 1071 442 1128; x_wconf 86' lang='lat' dir='ltr'><strong>sic</strong></span> <span class='ocrx_word' id='word_1_80' title='bbox 458 1073 573 1131; x_wconf 89' lang='lat' dir='ltr'><strong>occurri</strong></span> <span class='ocrx_word' id='word_1_81' title='bbox 590 1081 705 1151; x_wconf 83' lang='lat' dir='ltr'><strong>potest,</strong></span> <span class='ocrx_word' id='word_1_82' title='bbox 728 1083 758 1133; x_wconf 91' lang='lat' dir='ltr'><strong>ut</strong></span> <span class='ocrx_word' id='word_1_83' title='bbox 779 1073 854 1147; x_wconf 88' lang='lat' dir='ltr'><strong>illis,</strong></span> <span class='ocrx_word' id='word_1_84' title='bbox 873 1075 951 1134; x_wconf 82' lang='lat' dir='ltr'><strong>sitne</strong></span> <span class='ocrx_word' id='word_1_85' title='bbox 971 1075 1069 1133; x_wconf 82' lang='lat' dir='ltr'><strong>uirtus</strong></span> 
     </span>
     <span class='ocr_line' id='line_1_12' title="bbox 62 1154 1112 1236; baseline 0 -18"><span class='ocrx_word' id='word_1_86' title='bbox 62 1157 160 1236; x_wconf 74' lang='lat' dir='ltr'><strong>finis?</strong></span> <span class='ocrx_word' id='word_1_87' title='bbox 182 1162 351 1234; x_wconf 77' lang='lat' dir='ltr'><strong>regaturne</strong></span> <span class='ocrx_word' id='word_1_88' title='bbox 368 1155 566 1231; x_wconf 84' lang='lat' dir='ltr'><strong>providentio</strong></span> <span class='ocrx_word' id='word_1_89' title='bbox 585 1159 741 1218; x_wconf 76' lang='lat' dir='ltr'><strong>mundus?</strong></span> <span class='ocrx_word' id='word_1_90' title='bbox 770 1156 845 1229; x_wconf 81' lang='lat' dir='ltr'><strong>Quin</strong></span> <span class='ocrx_word' id='word_1_91' title='bbox 870 1158 954 1215; x_wconf 86' lang='lat' dir='ltr'><strong>etiarn</strong></span> <span class='ocrx_word' id='word_1_92' title='bbox 971 1156 998 1214; x_wconf 92' lang='lat' dir='ltr'><strong>in</strong></span> <span class='ocrx_word' id='word_1_93' title='bbox 1013 1154 1068 1232; x_wconf 87' lang='lat' dir='ltr'><strong>his,</strong></span> <span class='ocrx_word' id='word_1_94' title='bbox 1079 1165 1112 1218; x_wconf 86' lang='grc'><strong>13</strong></span> 
     </span>
     <span class='ocr_line' id='line_1_13' title="bbox 66 1236 1070 1320; baseline -0.002 -20"><span class='ocrx_word' id='word_1_95' title='bbox 66 1258 143 1320; x_wconf 84' lang='lat' dir='ltr'><strong>quae</strong></span> <span class='ocrx_word' id='word_1_96' title='bbox 166 1238 201 1299; x_wconf 92' lang='lat' dir='ltr'><strong>ad</strong></span> <span class='ocrx_word' id='word_1_97' title='bbox 225 1254 380 1317; x_wconf 90' lang='lat' dir='ltr'><strong>personam</strong></span> <span class='ocrx_word' id='word_1_98' title='bbox 403 1236 584 1315; x_wconf 84' lang='lat' dir='ltr'><strong>referuntur,</strong></span> <span class='ocrx_word' id='word_1_99' title='bbox 611 1248 718 1299; x_wconf 91' lang='lat' dir='ltr'><strong>utnon</strong></span> <span class='ocrx_word' id='word_1_100' title='bbox 740 1249 784 1299; x_wconf 91' lang='lat' dir='ltr'><strong>est</strong></span> <span class='ocrx_word' id='word_1_101' title='bbox 808 1242 877 1300; x_wconf 88' lang='lat' dir='ltr'><strong>satis</strong></span> <span class='ocrx_word' id='word_1_102' title='bbox 901 1240 1070 1317; x_wconf 85' lang='lat' dir='ltr'><strong>generalem</strong></span> 
     </span>
     <span class='ocr_line' id='line_1_14' title="bbox 65 1322 1069 1402; baseline -0.003 -17"><span class='ocrx_word' id='word_1_103' title='bbox 65 1333 213 1385; x_wconf 81' lang='lat' dir='ltr'><strong>tractasse</strong></span> <span class='ocrx_word' id='word_1_104' title='bbox 241 1322 457 1401; x_wconf 90' lang='lat' dir='ltr'><strong>quaestionem,</strong></span> <span class='ocrx_word' id='word_1_105' title='bbox 486 1322 525 1382; x_wconf 90' lang='lat' dir='ltr'><strong>ita</strong></span> <span class='ocrx_word' id='word_1_106' title='bbox 551 1325 697 1400; x_wconf 89' lang='lat' dir='ltr'><strong>perveniri</strong></span> <span class='ocrx_word' id='word_1_107' title='bbox 723 1324 758 1383; x_wconf 83' lang='lat' dir='ltr'><strong>ad</strong></span> <span class='ocrx_word' id='word_1_108' title='bbox 784 1325 914 1402; x_wconf 91' lang='lat' dir='ltr'><strong>speciem</strong></span> <span class='ocrx_word' id='word_1_109' title='bbox 940 1324 993 1382; x_wconf 91' lang='lat' dir='ltr'><strong>nisi</strong></span> <span class='ocrx_word' id='word_1_110' title='bbox 1021 1323 1069 1383; x_wconf 89' lang='lat' dir='ltr'><strong>illa</strong></span> 
     </span>
     <span class='ocr_line' id='line_1_15' title="bbox 65 1405 1070 1488; baseline -0.002 -20"><span class='ocrx_word' id='word_1_111' title='bbox 65 1411 148 1488; x_wconf 88' lang='lat' dir='ltr'><strong>prius</strong></span> <span class='ocrx_word' id='word_1_112' title='bbox 172 1423 297 1467; x_wconf 85' lang='lat' dir='ltr'><strong>excussa</strong></span> <span class='ocrx_word' id='word_1_113' title='bbox 318 1422 375 1464; x_wconf 90' lang='lat' dir='ltr'><strong>uon</strong></span> <span class='ocrx_word' id='word_1_114' title='bbox 399 1415 506 1484; x_wconf 89' lang='lat' dir='ltr'><strong>potest.</strong></span> <span class='ocrx_word' id='word_1_115' title='bbox 553 1405 624 1466; x_wconf 85' lang='lat' dir='ltr'><strong>Nam</strong></span> <span class='ocrx_word' id='word_1_116' title='bbox 648 1407 810 1486; x_wconf 91' lang='lat' dir='ltr'><strong>quomodo,</strong></span> <span class='ocrx_word' id='word_1_117' title='bbox 838 1405 887 1468; x_wconf 82' lang='lat' dir='ltr'><strong>Ao</strong></span> <span class='ocrx_word' id='word_1_118' title='bbox 908 1409 968 1468; x_wconf 74' lang='lat' dir='ltr'><strong>citt</strong></span> <span class='ocrx_word' id='word_1_119' title='bbox 989 1425 1070 1467; x_wconf 77' lang='lat' dir='ltr'><strong>uuor</strong></span> 
     </span>
     <span class='ocr_line' id='line_1_16' title="bbox 65 1487 1070 1568; baseline -0.004 -13"><span class='ocrx_word' id='word_1_120' title='bbox 65 1493 214 1555; x_wconf 83' lang='lat' dir='ltr'><strong>ducenda</strong></span> <span class='ocrx_word' id='word_1_121' title='bbox 230 1492 284 1566; x_wconf 83' lang='lat' dir='ltr'><strong>sit,</strong></span> <span class='ocrx_word' id='word_1_122' title='bbox 301 1488 474 1550; x_wconf 85' lang='lat' dir='ltr'><strong>deliberabit</strong></span> <span class='ocrx_word' id='word_1_123' title='bbox 493 1487 581 1565; x_wconf 84' lang='lat' dir='ltr'><strong>Cato,</strong></span> <span class='ocrx_word' id='word_1_124' title='bbox 600 1491 654 1549; x_wconf 90' lang='lat' dir='ltr'><strong>nisi</strong></span> <span class='ocrx_word' id='word_1_125' title='bbox 672 1492 849 1568; x_wconf 91' lang='lat' dir='ltr'><strong>constiterit,</strong></span> <span class='ocrx_word' id='word_1_126' title='bbox 870 1510 984 1552; x_wconf 72' lang='lat' dir='ltr'><strong>cruores</strong></span> <span class='ocrx_word' id='word_1_127' title='bbox 1004 1509 1070 1551; x_wconf 81' lang='lat' dir='ltr'><strong>esse</strong></span> 
     </span>
     <span class='ocr_line' id='line_1_17' title="bbox 65 1572 1069 1652; baseline -0.004 -13"><span class='ocrx_word' id='word_1_128' title='bbox 65 1577 255 1640; x_wconf 78' lang='lat' dir='ltr'><strong>ducendus?</strong></span> <span class='ocrx_word' id='word_1_129' title='bbox 298 1572 336 1632; x_wconf 84' lang='lat' dir='ltr'><strong>Et</strong></span> <span class='ocrx_word' id='word_1_130' title='bbox 361 1574 525 1652; x_wconf 87' lang='lat' dir='ltr'><strong>quomodo,</strong></span> <span class='ocrx_word' id='word_1_131' title='bbox 554 1576 605 1635; x_wconf 85' lang='lat' dir='ltr'><strong>An</strong></span> <span class='ocrx_word' id='word_1_132' title='bbox 630 1576 746 1638; x_wconf 80' lang='lat' dir='ltr'><strong>ducere</strong></span> <span class='ocrx_word' id='word_1_133' title='bbox 774 1576 882 1637; x_wconf 84' lang='lat' dir='ltr'><strong>uetect</strong></span> <span class='ocrx_word' id='word_1_134' title='bbox 903 1572 1069 1651; x_wconf 80' lang='lat' dir='ltr'><strong>Marcium,</strong></span> 
     </span>
     <span class='ocr_line' id='line_1_18' title="bbox 67 1654 1112 1739; baseline -0.004 -19"><span class='ocrx_word' id='word_1_135' title='bbox 67 1669 242 1739; x_wconf 89' lang='lat' dir='ltr'><strong>quaeretur,</strong></span> <span class='ocrx_word' id='word_1_136' title='bbox 262 1658 316 1717; x_wconf 89' lang='lat' dir='ltr'><strong>nisi</strong></span> <span class='ocrx_word' id='word_1_137' title='bbox 334 1654 442 1718; x_wconf 79' lang='lat' dir='ltr'><strong>Oclcnt</strong></span> <span class='ocrx_word' id='word_1_138' title='bbox 461 1659 607 1719; x_wconf 82' lang='lat' dir='ltr'><strong>ducendo</strong></span> <span class='ocrx_word' id='word_1_139' title='bbox 625 1679 706 1720; x_wconf 75' lang='lat' dir='ltr'><strong>umor</strong></span> <span class='ocrx_word' id='word_1_140' title='bbox 727 1662 793 1720; x_wconf 75' lang='lat' dir='ltr'><strong>est?</strong></span> <span class='ocrx_word' id='word_1_141' title='bbox 823 1659 895 1719; x_wconf 90' lang='lat' dir='ltr'><strong>Sunt</strong></span> <span class='ocrx_word' id='word_1_142' title='bbox 917 1667 1012 1719; x_wconf 91' lang='lat' dir='ltr'><strong>tamen</strong></span> <span class='ocrx_word' id='word_1_143' title='bbox 1028 1658 1112 1717; x_wconf 77' lang='lat' dir='ltr'><strong>iri-14</strong></span> 
     </span>
     <span class='ocr_line' id='line_1_19' title="bbox 66 1740 1068 1822; baseline -0.003 -19"><span class='ocrx_word' id='word_1_144' title='bbox 66 1745 170 1822; x_wconf 88' lang='lat' dir='ltr'><strong>scripti</strong></span> <span class='ocrx_word' id='word_1_145' title='bbox 193 1744 310 1803; x_wconf 90' lang='lat' dir='ltr'><strong>nomine</strong></span> <span class='ocrx_word' id='word_1_146' title='bbox 325 1740 523 1818; x_wconf 77' lang='lat' dir='ltr'><strong>Hermagorae</strong></span> <span class='ocrx_word' id='word_1_147' title='bbox 546 1741 627 1816; x_wconf 86' lang='lat' dir='ltr'><strong>iibri,</strong></span> <span class='ocrx_word' id='word_1_148' title='bbox 652 1745 700 1821; x_wconf 92' lang='lat' dir='ltr'><strong>qui</strong></span> <span class='ocrx_word' id='word_1_149' title='bbox 719 1743 886 1804; x_wconf 84' lang='lat' dir='ltr'><strong>confirmant</strong></span> <span class='ocrx_word' id='word_1_150' title='bbox 906 1742 984 1802; x_wconf 89' lang='lat' dir='ltr'><strong>illam</strong></span> <span class='ocrx_word' id='word_1_151' title='bbox 1007 1743 1068 1820; x_wconf 92' lang='lat' dir='ltr'><strong>opi-</strong></span> 
     </span>
     <span class='ocr_line' id='line_1_20' title="bbox 66 1824 1069 1903; baseline -0.003 -16"><span class='ocrx_word' id='word_1_152' title='bbox 66 1830 199 1902; x_wconf 90' lang='lat' dir='ltr'><strong>nionem,</strong></span> <span class='ocrx_word' id='word_1_153' title='bbox 229 1828 291 1885; x_wconf 91' lang='lat' dir='ltr'><strong>sive</strong></span> <span class='ocrx_word' id='word_1_154' title='bbox 317 1824 408 1884; x_wconf 84' lang='lat' dir='ltr'><strong>falsus</strong></span> <span class='ocrx_word' id='word_1_155' title='bbox 435 1833 480 1884; x_wconf 89' lang='lat' dir='ltr'><strong>est</strong></span> <span class='ocrx_word' id='word_1_156' title='bbox 502 1826 600 1885; x_wconf 88' lang='lat' dir='ltr'><strong>titulus</strong></span> <span class='ocrx_word' id='word_1_157' title='bbox 625 1828 687 1886; x_wconf 88' lang='lat' dir='ltr'><strong>sive</strong></span> <span class='ocrx_word' id='word_1_158' title='bbox 711 1828 784 1888; x_wconf 87' lang='lat' dir='ltr'><strong>alius</strong></span> <span class='ocrx_word' id='word_1_159' title='bbox 807 1825 854 1885; x_wconf 93' lang='lat' dir='ltr'><strong>hic</strong></span> <span class='ocrx_word' id='word_1_160' title='bbox 874 1825 1069 1903; x_wconf 84' lang='lat' dir='ltr'><strong>Hermagoras</strong></span> 
     </span>
     <span class='ocr_line' id='line_1_21' title="bbox 66 1908 1069 1989; baseline -0.005 -17"><span class='ocrx_word' id='word_1_161' title='bbox 66 1912 129 1972; x_wconf 84' lang='lat' dir='ltr'><strong>luit.</strong></span> <span class='ocrx_word' id='word_1_162' title='bbox 169 1908 243 1970; x_wconf 87' lang='lat' dir='ltr'><strong>Nam</strong></span> <span class='ocrx_word' id='word_1_163' title='bbox 261 1909 390 1968; x_wconf 91' lang='lat' dir='ltr'><strong>eiusdem</strong></span> <span class='ocrx_word' id='word_1_164' title='bbox 406 1926 474 1968; x_wconf 89' lang='lat' dir='ltr'><strong>esse</strong></span> <span class='ocrx_word' id='word_1_165' title='bbox 491 1910 636 1987; x_wconf 91' lang='lat' dir='ltr'><strong>quomodo</strong></span> <span class='ocrx_word' id='word_1_166' title='bbox 655 1919 792 1989; x_wconf 88' lang='lat' dir='ltr'><strong>possunt,</strong></span> <span class='ocrx_word' id='word_1_167' title='bbox 817 1912 865 1986; x_wconf 91' lang='lat' dir='ltr'><strong>qui</strong></span> <span class='ocrx_word' id='word_1_168' title='bbox 883 1909 919 1969; x_wconf 91' lang='lat' dir='ltr'><strong>de</strong></span> <span class='ocrx_word' id='word_1_169' title='bbox 937 1909 992 1969; x_wconf 90' lang='lat' dir='ltr'><strong>hac</strong></span> <span class='ocrx_word' id='word_1_170' title='bbox 1008 1916 1069 1968; x_wconf 91' lang='lat' dir='ltr'><strong>arte</strong></span> 
     </span>
     <span class='ocr_line' id='line_1_22' title="bbox 66 1990 1069 2071; baseline -0.004 -16"><span class='ocrx_word' id='word_1_171' title='bbox 66 1994 239 2055; x_wconf 88' lang='lat' dir='ltr'><strong>mirabiliter</strong></span> <span class='ocrx_word' id='word_1_172' title='bbox 259 1992 346 2052; x_wconf 90' lang='lat' dir='ltr'><strong>multa</strong></span> <span class='ocrx_word' id='word_1_173' title='bbox 372 1994 552 2071; x_wconf 87' lang='lat' dir='ltr'><strong>composuit,</strong></span> <span class='ocrx_word' id='word_1_174' title='bbox 576 2010 656 2070; x_wconf 89' lang='lat' dir='ltr'><strong>curn,</strong></span> <span class='ocrx_word' id='word_1_175' title='bbox 676 1996 751 2055; x_wconf 87' lang='lat' dir='ltr'><strong>sicut</strong></span> <span class='ocrx_word' id='word_1_176' title='bbox 772 2012 810 2053; x_wconf 88' lang='lat' dir='ltr'><strong>ex</strong></span> <span class='ocrx_word' id='word_1_177' title='bbox 831 1990 982 2053; x_wconf 79' lang='lat' dir='ltr'><strong>Ciceronis</strong></span> <span class='ocrx_word' id='word_1_178' title='bbox 999 2008 1069 2070; x_wconf 91' lang='lat' dir='ltr'><strong>quo·</strong></span> 
     </span>
     <span class='ocr_line' id='line_1_23' title="bbox 68 2072 1070 2159; baseline -0.006 -19"><span class='ocrx_word' id='word_1_179' title='bbox 68 2098 124 2159; x_wconf 89' lang='lat' dir='ltr'><strong>que</strong></span> <span class='ocrx_word' id='word_1_180' title='bbox 140 2072 290 2139; x_wconf 86' lang='lat' dir='ltr'><strong>rhetorico</strong></span> <span class='ocrx_word' id='word_1_181' title='bbox 308 2079 401 2154; x_wconf 88' lang='lat' dir='ltr'><strong>primo</strong></span> <span class='ocrx_word' id='word_1_182' title='bbox 419 2077 601 2137; x_wconf 84' lang='lat' dir='ltr'><strong>manifestum</strong></span> <span class='ocrx_word' id='word_1_183' title='bbox 617 2088 677 2156; x_wconf 91' lang='lat' dir='ltr'><strong>est,</strong></span> <span class='ocrx_word' id='word_1_184' title='bbox 698 2079 846 2139; x_wconf 89' lang='lat' dir='ltr'><strong>materiam</strong></span> <span class='ocrx_word' id='word_1_185' title='bbox 862 2077 1025 2138; x_wconf 89' lang='lat' dir='ltr'><strong>rhetorices</strong></span> <span class='ocrx_word' id='word_1_186' title='bbox 1041 2077 1070 2135; x_wconf 93' lang='lat' dir='ltr'><strong>in</strong></span> 
     </span>
     <span class='ocr_line' id='line_1_24' title="bbox 66 2157 1070 2241; baseline -0.005 -17"><span class='ocrx_word' id='word_1_187' title='bbox 66 2165 158 2224; x_wconf 86' lang='lat' dir='ltr'><strong>thesis</strong></span> <span class='ocrx_word' id='word_1_188' title='bbox 186 2170 216 2222; x_wconf 90' lang='lat' dir='ltr'><strong>et</strong></span> <span class='ocrx_word' id='word_1_189' title='bbox 238 2179 341 2221; x_wconf 83' lang='lat' dir='ltr'><strong>causas</strong></span> <span class='ocrx_word' id='word_1_190' title='bbox 368 2157 520 2220; x_wconf 80' lang='lat' dir='ltr'><strong>diviserit?</strong></span> <span class='ocrx_word' id='word_1_191' title='bbox 562 2160 648 2235; x_wconf 81' lang='lat' dir='ltr'><strong>Quod</strong></span> <span class='ocrx_word' id='word_1_192' title='bbox 673 2161 860 2241; x_wconf 89' lang='lat' dir='ltr'><strong>reprehendit</strong></span> <span class='ocrx_word' id='word_1_193' title='bbox 882 2158 1005 2239; x_wconf 75' lang='lat' dir='ltr'><strong>Cicero,</strong></span> <span class='ocrx_word' id='word_1_194' title='bbox 1035 2178 1070 2220; x_wconf 90' lang='lat' dir='ltr'><strong>ac</strong></span> 
     </span>
     <span class='ocr_line' id='line_1_25' title="bbox 68 2243 1070 2324; baseline -0.005 -16"><span class='ocrx_word' id='word_1_195' title='bbox 68 2248 162 2308; x_wconf 88' lang='lat' dir='ltr'><strong>thesin</strong></span> <span class='ocrx_word' id='word_1_196' title='bbox 186 2245 256 2306; x_wconf 90' lang='lat' dir='ltr'><strong>nihil</strong></span> <span class='ocrx_word' id='word_1_197' title='bbox 278 2243 313 2305; x_wconf 92' lang='lat' dir='ltr'><strong>ad</strong></span> <span class='ocrx_word' id='word_1_198' title='bbox 335 2253 481 2304; x_wconf 90' lang='lat' dir='ltr'><strong>oratorem</strong></span> <span class='ocrx_word' id='word_1_199' title='bbox 504 2247 651 2323; x_wconf 89' lang='lat' dir='ltr'><strong>pertinere</strong></span> <span class='ocrx_word' id='word_1_200' title='bbox 677 2246 824 2306; x_wconf 85' lang='lat' dir='ltr'><strong>contendit</strong></span> <span class='ocrx_word' id='word_1_201' title='bbox 846 2254 995 2324; x_wconf 89' lang='lat' dir='ltr'><strong>totumque</strong></span> <span class='ocrx_word' id='word_1_202' title='bbox 1012 2244 1070 2305; x_wconf 92' lang='lat' dir='ltr'><strong>hoc</strong></span> 
     </span>
     <span class='ocr_line' id='line_1_26' title="bbox 66 2326 1112 2410; baseline -0.004 -18"><span class='ocrx_word' id='word_1_203' title='bbox 66 2349 161 2410; x_wconf 76' lang='lat' dir='ltr'><strong>genus</strong></span> <span class='ocrx_word' id='word_1_204' title='bbox 181 2328 361 2408; x_wconf 80' lang='lat' dir='ltr'><strong>quaestionis</strong></span> <span class='ocrx_word' id='word_1_205' title='bbox 376 2327 413 2389; x_wconf 92' lang='lat' dir='ltr'><strong>ad</strong></span> <span class='ocrx_word' id='word_1_206' title='bbox 434 2326 626 2408; x_wconf 89' lang='lat' dir='ltr'><strong>philosophos</strong></span> <span class='ocrx_word' id='word_1_207' title='bbox 647 2329 748 2390; x_wconf 88' lang='lat' dir='ltr'><strong>refert.</strong></span> <span class='ocrx_word' id='word_1_208' title='bbox 790 2329 849 2389; x_wconf 89' lang='lat' dir='ltr'><strong>Sed</strong></span> <span class='ocrx_word' id='word_1_209' title='bbox 871 2347 917 2389; x_wconf 90' lang='lat' dir='ltr'><strong>me</strong></span> <span class='ocrx_word' id='word_1_210' title='bbox 937 2328 1069 2390; x_wconf 89' lang='lat' dir='ltr'><strong>liberavit</strong></span> <span class='ocrx_word' id='word_1_211' title='bbox 1079 2334 1112 2388; x_wconf 79' lang='lat'><strong>15</strong></span> 
     </span>
     <span class='ocr_line' id='line_1_27' title="bbox 66 2411 1068 2495; baseline -0.006 -19"><span class='ocrx_word' id='word_1_212' title='bbox 66 2413 265 2495; x_wconf 89' lang='lat' dir='ltr'><strong>respondendi</strong></span> <span class='ocrx_word' id='word_1_213' title='bbox 287 2412 480 2487; x_wconf 88' lang='lat' dir='ltr'><strong>verecundia,</strong></span> <span class='ocrx_word' id='word_1_214' title='bbox 505 2420 533 2470; x_wconf 91' lang='lat' dir='ltr'><strong>et</strong></span> <span class='ocrx_word' id='word_1_215' title='bbox 550 2412 627 2489; x_wconf 93' lang='lat' dir='ltr'><strong>quod</strong></span> <span class='ocrx_word' id='word_1_216' title='bbox 648 2413 713 2490; x_wconf 88' lang='lat' dir='ltr'><strong>ipse</strong></span> <span class='ocrx_word' id='word_1_217' title='bbox 731 2411 785 2472; x_wconf 93' lang='lat' dir='ltr'><strong>hos</strong></span> <span class='ocrx_word' id='word_1_218' title='bbox 801 2411 893 2471; x_wconf 89' lang='lat' dir='ltr'><strong>libros</strong></span> <span class='ocrx_word' id='word_1_219' title='bbox 916 2411 1068 2490; x_wconf 84' lang='lat' dir='ltr'><strong>improbat,</strong></span> 
     </span>
     <span class='ocr_line' id='line_1_28' title="bbox 68 2495 1071 2578; baseline -0.007 -18"><span class='ocrx_word' id='word_1_220' title='bbox 68 2509 95 2560; x_wconf 89' lang='lat' dir='ltr'><strong>et</strong></span> <span class='ocrx_word' id='word_1_221' title='bbox 112 2497 192 2578; x_wconf 92' lang='lat' dir='ltr'><strong>quod</strong></span> <span class='ocrx_word' id='word_1_222' title='bbox 214 2500 244 2557; x_wconf 91' lang='lat' dir='ltr'><strong>in</strong></span> <span class='ocrx_word' id='word_1_223' title='bbox 267 2506 385 2556; x_wconf 88' lang='lat' dir='ltr'><strong>oratore</strong></span> <span class='ocrx_word' id='word_1_224' title='bbox 407 2505 494 2575; x_wconf 88' lang='lat' dir='ltr'><strong>atque</strong></span> <span class='ocrx_word' id='word_1_225' title='bbox 516 2495 578 2570; x_wconf 86' lang='lat' dir='ltr'><strong>his,</strong></span> <span class='ocrx_word' id='word_1_226' title='bbox 603 2510 676 2574; x_wconf 87' lang='lat' dir='ltr'><strong>quos</strong></span> <span class='ocrx_word' id='word_1_227' title='bbox 693 2497 729 2555; x_wconf 88' lang='lat' dir='ltr'><strong>de</strong></span> <span class='ocrx_word' id='word_1_228' title='bbox 752 2503 869 2555; x_wconf 86' lang='lat' dir='ltr'><strong>oratore</strong></span> <span class='ocrx_word' id='word_1_229' title='bbox 885 2495 1018 2573; x_wconf 84' lang='lat' dir='ltr'><strong>scripsit,</strong></span> <span class='ocrx_word' id='word_1_230' title='bbox 1042 2503 1071 2553; x_wconf 90' lang='lat' dir='ltr'><strong>et</strong></span> 
     </span>
     <span class='ocr_line' id='line_1_29' title="bbox 67 2576 1070 2663; baseline -0.009 -20"><span class='ocrx_word' id='word_1_231' title='bbox 67 2583 187 2663; x_wconf 83' lang='lat' dir='ltr'><strong>Topicis</strong></span> <span class='ocrx_word' id='word_1_232' title='bbox 210 2583 371 2661; x_wconf 87' lang='lat' dir='ltr'><strong>praecipit,</strong></span> <span class='ocrx_word' id='word_1_233' title='bbox 392 2590 422 2640; x_wconf 92' lang='lat' dir='ltr'><strong>ut</strong></span> <span class='ocrx_word' id='word_1_234' title='bbox 444 2579 602 2658; x_wconf 90' lang='lat' dir='ltr'><strong>apropriis</strong></span> <span class='ocrx_word' id='word_1_235' title='bbox 624 2580 758 2658; x_wconf 89' lang='lat' dir='ltr'><strong>personis</strong></span> <span class='ocrx_word' id='word_1_236' title='bbox 782 2587 868 2657; x_wconf 89' lang='lat' dir='ltr'><strong>atque</strong></span> <span class='ocrx_word' id='word_1_237' title='bbox 891 2576 1070 2656; x_wconf 91' lang='lat' dir='ltr'><strong>temporibus</strong></span> 
     </span>
     <span class='ocr_line' id='line_1_30' title="bbox 67 2661 1070 2741; baseline -0.006 -12"><span class='ocrx_word' id='word_1_238' title='bbox 67 2684 226 2730; x_wconf 79' lang='lat' dir='ltr'><strong>avocemus</strong></span> <span class='ocrx_word' id='word_1_239' title='bbox 250 2666 492 2725; x_wconf 89' lang='lat' dir='ltr'><strong>controversiam:</strong></span> <span class='ocrx_word' id='word_1_240' title='bbox 517 2664 591 2741; x_wconf 84' lang='lat' dir='ltr'><strong>quio</strong></span> <span class='ocrx_word' id='word_1_241' title='bbox 608 2664 703 2725; x_wconf 81' lang='lat' dir='ltr'><strong>lolius</strong></span> <span class='ocrx_word' id='word_1_242' title='bbox 720 2665 826 2725; x_wconf 86' lang='lat' dir='ltr'><strong>dicere</strong></span> <span class='ocrx_word' id='word_1_243' title='bbox 847 2664 940 2724; x_wconf 87' lang='lat' dir='ltr'><strong>liccat</strong></span> <span class='ocrx_word' id='word_1_244' title='bbox 961 2661 999 2722; x_wconf 83' lang='lat' dir='ltr'><strong>cle</strong></span> <span class='ocrx_word' id='word_1_245' title='bbox 1016 2680 1070 2739; x_wconf 74' lang='lat' dir='ltr'><strong>gc-</strong></span> 
     </span>
     <span class='ocr_line' id='line_1_31' title="bbox 66 2745 1068 2829; baseline -0.01 -15"><span class='ocrx_word' id='word_1_246' title='bbox 66 2771 141 2816; x_wconf 82' lang='lat' dir='ltr'><strong>nrrc</strong></span> <span class='ocrx_word' id='word_1_247' title='bbox 160 2767 253 2829; x_wconf 88' lang='lat' dir='ltr'><strong>quum</strong></span> <span class='ocrx_word' id='word_1_248' title='bbox 268 2749 308 2812; x_wconf 86' lang='lat' dir='ltr'><strong>dc</strong></span> <span class='ocrx_word' id='word_1_249' title='bbox 322 2750 441 2828; x_wconf 82' lang='lat' dir='ltr'><strong>specle,</strong></span> <span class='ocrx_word' id='word_1_250' title='bbox 465 2757 510 2824; x_wconf 79' lang='lat' dir='ltr'><strong>el,</strong></span> <span class='ocrx_word' id='word_1_251' title='bbox 536 2749 618 2825; x_wconf 86' lang='lat' dir='ltr'><strong>quod</strong></span> <span class='ocrx_word' id='word_1_252' title='bbox 633 2749 666 2809; x_wconf 85' lang='lat' dir='ltr'><strong>in</strong></span> <span class='ocrx_word' id='word_1_253' title='bbox 681 2750 823 2810; x_wconf 83' lang='lat' dir='ltr'><strong>universo</strong></span> <span class='ocrx_word' id='word_1_254' title='bbox 835 2746 999 2826; x_wconf 81' lang='lat' dir='ltr'><strong>probatum</strong></span> <span class='ocrx_word' id='word_1_255' title='bbox 1018 2745 1068 2822; x_wconf 83' lang='lat' dir='ltr'><strong>sit,</strong></span> 
     </span>
     <span class='ocr_line' id='line_1_32' title="bbox 66 2828 1113 2916; baseline -0.01 -19"><span class='ocrx_word' id='word_1_256' title='bbox 66 2838 96 2897; x_wconf 83' lang='lat' dir='ltr'><strong>in</strong></span> <span class='ocrx_word' id='word_1_257' title='bbox 118 2840 214 2916; x_wconf 81' lang='lat' dir='ltr'><strong>porte</strong></span> <span class='ocrx_word' id='word_1_258' title='bbox 232 2834 396 2913; x_wconf 83' lang='lat' dir='ltr'><strong>prolatum</strong></span> <span class='ocrx_word' id='word_1_259' title='bbox 420 2852 487 2894; x_wconf 82' lang='lat' dir='ltr'><strong>esse</strong></span> <span class='ocrx_word' id='word_1_260' title='bbox 507 2850 634 2894; x_wconf 79' lang='lat' dir='ltr'><strong>necesse</strong></span> <span class='ocrx_word' id='word_1_261' title='bbox 651 2834 699 2896; x_wconf 81' lang='lat' dir='ltr'><strong>sit.</strong></span> <span class='ocrx_word' id='word_1_262' title='bbox 734 2833 831 2892; x_wconf 85' lang='lat' dir='ltr'><strong>Status</strong></span> <span class='ocrx_word' id='word_1_263' title='bbox 855 2839 949 2890; x_wconf 88' lang='lat' dir='ltr'><strong>autem</strong></span> <span class='ocrx_word' id='word_1_264' title='bbox 969 2830 997 2888; x_wconf 93' lang='lat' dir='ltr'><strong>in</strong></span> <span class='ocrx_word' id='word_1_265' title='bbox 1012 2828 1070 2889; x_wconf 91' lang='lat' dir='ltr'><strong>hoc</strong></span> <span class='ocrx_word' id='word_1_266' title='bbox 1080 2831 1113 2887; x_wconf 87' lang='lat'><strong>16</strong></span> 
     </span>
     <span class='ocr_line' id='line_1_33' title="bbox 68 2912 1070 2997; baseline -0.008 -18"><span class='ocrx_word' id='word_1_267' title='bbox 68 2936 155 2980; x_wconf 89' lang='lat' dir='ltr'><strong>omne</strong></span> <span class='ocrx_word' id='word_1_268' title='bbox 170 2935 264 2997; x_wconf 89' lang='lat' dir='ltr'><strong>genus</strong></span> <span class='ocrx_word' id='word_1_269' title='bbox 279 2916 419 2978; x_wconf 85' lang='lat' dir='ltr'><strong>materiae</strong></span> <span class='ocrx_word' id='word_1_270' title='bbox 435 2916 537 2991; x_wconf 88' lang='lat' dir='ltr'><strong>iidem,</strong></span> <span class='ocrx_word' id='word_1_271' title='bbox 559 2918 607 2994; x_wconf 91' lang='lat' dir='ltr'><strong>qui</strong></span> <span class='ocrx_word' id='word_1_272' title='bbox 624 2916 653 2975; x_wconf 92' lang='lat' dir='ltr'><strong>in</strong></span> <span class='ocrx_word' id='word_1_273' title='bbox 668 2934 788 2992; x_wconf 82' lang='lat' dir='ltr'><strong>causas,</strong></span> <span class='ocrx_word' id='word_1_274' title='bbox 815 2914 929 2975; x_wconf 90' lang='lat' dir='ltr'><strong>cadunt.</strong></span> <span class='ocrx_word' id='word_1_275' title='bbox 966 2912 1070 2973; x_wconf 78' lang='lat' dir='ltr'><strong>Adhuc</strong></span> 
     </span>
     <span class='ocr_line' id='line_1_34' title="bbox 68 2997 1070 3079; baseline -0.008 -15"><span class='ocrx_word' id='word_1_276' title='bbox 68 3003 217 3078; x_wconf 90' lang='lat' dir='ltr'><strong>adiicitur,</strong></span> <span class='ocrx_word' id='word_1_277' title='bbox 241 3002 314 3062; x_wconf 81' lang='lat' dir='ltr'><strong>alius</strong></span> <span class='ocrx_word' id='word_1_278' title='bbox 332 3018 400 3060; x_wconf 89' lang='lat' dir='ltr'><strong>esse</strong></span> <span class='ocrx_word' id='word_1_279' title='bbox 416 3001 603 3079; x_wconf 90' lang='lat' dir='ltr'><strong>quaestiones</strong></span> <span class='ocrx_word' id='word_1_280' title='bbox 617 3001 646 3059; x_wconf 92' lang='lat' dir='ltr'><strong>in</strong></span> <span class='ocrx_word' id='word_1_281' title='bbox 668 3000 756 3060; x_wconf 87' lang='lat' dir='ltr'><strong>rebus</strong></span> <span class='ocrx_word' id='word_1_282' title='bbox 777 3000 865 3078; x_wconf 82' lang='lat' dir='ltr'><strong>ipsis,</strong></span> <span class='ocrx_word' id='word_1_283' title='bbox 883 2997 970 3074; x_wconf 88' lang='lat' dir='ltr'><strong>alias,</strong></span> <span class='ocrx_word' id='word_1_284' title='bbox 995 3014 1070 3075; x_wconf 91' lang='lat' dir='ltr'><strong>quae</strong></span> 
     </span>
     <span class='ocr_line' id='line_1_35' title="bbox 68 3078 1071 3169; baseline -0.007 -21"><span class='ocrx_word' id='word_1_285' title='bbox 68 3087 103 3148; x_wconf 94' lang='lat' dir='ltr'><strong>ad</strong></span> <span class='ocrx_word' id='word_1_286' title='bbox 119 3086 230 3169; x_wconf 82' lang='lat' dir='ltr'><strong>aliquid</strong></span> <span class='ocrx_word' id='word_1_287' title='bbox 245 3085 424 3146; x_wconf 84' lang='lat' dir='ltr'><strong>referantur:</strong></span> <span class='ocrx_word' id='word_1_288' title='bbox 448 3084 535 3162; x_wconf 87' lang='lat' dir='ltr'><strong>illud,</strong></span> <span class='ocrx_word' id='word_1_289' title='bbox 556 3081 605 3145; x_wconf 82' lang='lat' dir='ltr'><strong>An</strong></span> <span class='ocrx_word' id='word_1_290' title='bbox 625 3102 706 3146; x_wconf 81' lang='lat' dir='ltr'><strong>uuor</strong></span> <span class='ocrx_word' id='word_1_291' title='bbox 728 3083 896 3145; x_wconf 74' lang='lat' dir='ltr'><strong>docendo?</strong></span> <span class='ocrx_word' id='word_1_292' title='bbox 925 3079 998 3156; x_wconf 91' lang='lat' dir='ltr'><strong>hoc,</strong></span> <span class='ocrx_word' id='word_1_293' title='bbox 1021 3078 1071 3141; x_wconf 84' lang='lat' dir='ltr'><strong>An</strong></span> 
     </span>
     <span class='ocr_line' id='line_1_36' title="bbox 66 3164 1069 3248; baseline -0.011 -14"><span class='ocrx_word' id='word_1_294' title='bbox 66 3174 134 3234; x_wconf 83' lang='lat' dir='ltr'><strong>ocni</strong></span> <span class='ocrx_word' id='word_1_295' title='bbox 163 3172 331 3233; x_wconf 76' lang='lat' dir='ltr'><strong>ducendo?</strong></span> <span class='ocrx_word' id='word_1_296' title='bbox 362 3168 451 3246; x_wconf 85' lang='lat' dir='ltr'><strong>illud,</strong></span> <span class='ocrx_word' id='word_1_297' title='bbox 481 3166 531 3230; x_wconf 84' lang='lat' dir='ltr'><strong>An</strong></span> <span class='ocrx_word' id='word_1_298' title='bbox 554 3169 667 3248; x_wconf 80' lang='lat' dir='ltr'><strong>fortis?</strong></span> <span class='ocrx_word' id='word_1_299' title='bbox 699 3168 772 3243; x_wconf 89' lang='lat' dir='ltr'><strong>hoc,</strong></span> <span class='ocrx_word' id='word_1_300' title='bbox 803 3164 852 3227; x_wconf 84' lang='lat' dir='ltr'><strong>An</strong></span> <span class='ocrx_word' id='word_1_301' title='bbox 877 3166 1009 3245; x_wconf 77' lang='lat' dir='ltr'><strong>sortior?</strong></span> <span class='ocrx_word' id='word_1_302' title='bbox 1041 3173 1069 3224; x_wconf 92' lang='lat' dir='ltr'><strong>et</strong></span> 
     </span>
     <span class='ocr_line' id='line_1_37' title="bbox 66 3256 180 3318; baseline -0.009 -2"><span class='ocrx_word' id='word_1_303' title='bbox 66 3256 180 3318; x_wconf 81' lang='lat' dir='ltr'><strong>similia.</strong></span> 
     </span>
    </p>

    <p class='ocr_par' dir='ltr' id='par_1_4' title="bbox 154 3331 1110 3416">
     <span class='ocr_line' id='line_1_38' title="bbox 154 3331 1110 3416; baseline -0.009 -15"><span class='ocrx_word' id='word_1_304' title='bbox 154 3339 309 3402; x_wconf 79' lang='lat' dir='ltr'><strong>Causam</strong></span> <span class='ocrx_word' id='word_1_305' title='bbox 333 3338 393 3397; x_wconf 88' lang='lat' dir='ltr'><strong>huit</strong></span> <span class='ocrx_word' id='word_1_306' title='bbox 413 3337 631 3416; x_wconf 82' lang='lat' dir='ltr'><strong>Apollodorus,</strong></span> <span class='ocrx_word' id='word_1_307' title='bbox 662 3344 693 3395; x_wconf 90' lang='lat' dir='ltr'><strong>ut</strong></span> <span class='ocrx_word' id='word_1_308' title='bbox 712 3334 951 3413; x_wconf 89' lang='lat' dir='ltr'><strong>interpretatione</strong></span> <span class='ocrx_word' id='word_1_309' title='bbox 972 3331 1110 3411; x_wconf 80' lang='lat' dir='ltr'><strong>Valgiitl</strong></span> 
     </span>
    </p>
   </div>
   <div class='ocr_carea' id='block_1_3' title="bbox 68 3417 1070 3560">
    <p class='ocr_par' dir='ltr' id='par_1_5' title="bbox 68 3417 1070 3560">
     <span class='ocr_line' id='line_1_39' title="bbox 68 3417 1070 3560; baseline -0.01 -74"><span class='ocrx_word' id='word_1_310' title='bbox 68 3424 207 3505; x_wconf 87' lang='lat' dir='ltr'><strong>discipuli</strong></span> <span class='ocrx_word' id='word_1_311' title='bbox 226 3425 288 3484; x_wconf 89' lang='lat' dir='ltr'><strong>eius</strong></span> <span class='ocrx_word' id='word_1_312' title='bbox 303 3431 383 3498; x_wconf 87' lang='lat' dir='ltr'><strong>utar,</strong></span> <span class='ocrx_word' id='word_1_313' title='bbox 406 3422 461 3482; x_wconf 91' lang='lat' dir='ltr'><strong>ita:</strong></span> <span class='ocrx_word' id='word_1_314' title='bbox 484 3419 590 3482; x_wconf 84' lang='lat' dir='ltr'><strong>Guucu</strong></span> <span class='ocrx_word' id='word_1_315' title='bbox 611 3427 657 3483; x_wconf 85' lang='lat' dir='ltr'><strong>ert</strong></span> <span class='ocrx_word' id='word_1_316' title='bbox 676 3421 829 3500; x_wconf 71' lang='lat' dir='ltr'><strong>negotium</strong></span> <span class='ocrx_word' id='word_1_317' title='bbox 850 3419 988 3560; x_wconf 67' lang='lat' dir='ltr'><strong>otpqihuo</strong></span> <span class='ocrx_word' id='word_1_318' title='bbox 1005 3417 1070 3477; x_wconf 84' lang='lat' dir='ltr'><strong>suis</strong></span> 
     </span>
    </p>
   </div>
   <div class='ocr_carea' id='block_1_4' title="bbox 0 0 1292 4026">
    <p class='ocr_par' dir='ltr' id='par_1_6' title="bbox 0 0 1292 4026">
     <span class='ocr_line' id='line_1_40' title="bbox 0 0 1292 4026; baseline 0 0"><span class='ocrx_word' id='word_1_319' title='bbox 0 0 1292 4026; x_wconf 95' lang='lat' dir='ltr'><strong> </strong></span> 
     </span>
    </p>
   </div>
  </div>
 </body>
</html>
