2574 3998
334 165 422 214 rusr.
448 164 597 214 oanoon.
619 166 689 213 nin.
712 167 763 232 vr,
783 162 809 215 a.
1015 151 1076 215 285

68 321 109 382 rls
132 321 161 381 in
183 330 331 398 posterum
349 321 413 398 spei
441 337 499 380 non
521 328 584 380 erat
604 320 688 379 ratio.
725 319 822 396 Idem,
850 338 913 380 eum
936 322 1106 389 offensane

67 415 232 482 vereretur,
249 408 274 465 si
294 404 462 482 obiurgaret
480 405 580 484 populi
596 404 747 481 segnitiam
765 406 793 464 in
812 406 969 466 asserenda
988 406 1075 467 liber·

67 498 128 551 tate
147 492 190 549 rei
209 490 360 567 publicae,
383 490 522 550 maiorum
537 487 623 549 laude
640 488 681 547 uti
698 487 812 564 maluit,
836 490 884 567 qni
905 508 966 550 rem
981 492 1075 570 publi-

69 591 132 635 cam
148 574 307 634 fortissime
323 573 581 634 administrassent.
612 570 684 632 Nam
700 581 729 632 et
744 571 846 632 faciles
862 573 962 634 hahuit
978 593 1074 652 aures,

68 666 99 718 et
113 667 214 718 natura
238 657 430 736 sequebatur,
453 667 483 717 ut
504 655 626 717 meliora
648 655 804 735 probantes
827 657 959 736 peiomm
974 662 1075 738 poeni-

67 750 155 802 teret.
200 739 351 802 Ciceronis
375 741 490 820 qnidem
519 740 568 801 vel
594 759 649 800 una
675 757 729 819 pro
758 738 892 801 Glnentio
919 743 1107 820 quamlibet9

66 824 165 886 multis
182 825 325 905 exemplis
338 825 464 885 sufficiet
482 826 585 886 oratio.
623 823 695 884 Nam
721 825 798 902 qnod
820 826 848 885 in
869 842 905 886 eo
924 826 1075 888 consilinm

66 911 190 971 maxime
206 907 314 970 mirer?
338 910 494 989 primamne
513 908 742 988 expositionem,
759 927 815 987 qua
831 910 929 986 matri,
947 911 1027 971 cuius
1044 912 1075 970 fi-

67 992 137 1055 lium
157 995 308 1073 premebat
333 995 507 1070 auctoritas,
532 992 651 1054 abstulit
672 989 778 1053 fidem?
800 1011 852 1069 an,
878 994 955 1072 qnod
979 996 1076 1056 iudicii

68 1079 199 1157 corrupti
222 1079 331 1138 crimen
351 1077 511 1137 transferre
532 1078 560 1136 in
581 1077 777 1137 adversarium
799 1077 898 1138 maluit
920 1096 1004 1157 quam
1026 1098 1075 1139 ne·

66 1179 141 1240 gare
157 1169 279 1240 propter
296 1164 502 1235 inveteratam,
517 1170 549 1220 nt
566 1162 631 1240 ipse
650 1161 729 1237 dicit,
750 1158 913 1222 infamiam?
929 1180 980 1239 an,
998 1164 1075 1241 quod

66 1248 146 1306 inre
166 1245 307 1306 invidiosa
329 1245 405 1323 legis
422 1245 529 1305 auxilio
545 1246 701 1306 novissime
718 1254 763 1305 est
778 1244 869 1304 usus?
891 1263 948 1324 qno
965 1265 1075 1325 genere

68 1328 248 1390 defensionis
271 1331 355 1391 etiam
380 1328 550 1389 offendisset
575 1328 699 1388 nondum
729 1328 928 1408 praemollitas
952 1331 1076 1391 indicum

67 1423 197 1482 mentcs;
219 1432 270 1490 an,
294 1413 371 1493 quod
394 1432 428 1473 se
450 1414 543 1493 ipsum
564 1413 653 1472 invito
673 1410 808 1473 Cluentio
829 1413 931 1474 facere
952 1422 1075 1475 testatus

68 1494 138 1559 est?
172 1497 246 1571 Quid
266 1515 319 1576 pro
335 1495 466 1559 flilone‘l
483 1497 559 1576 quod
577 1514 634 1556 non
650 1505 715 1557 ante
731 1498 873 1573 narravit,
890 1517 974 1577 qnam
991 1510 1120 1578 prae-lo

68 1580 183 1643 iudiciis
200 1583 331 1642 omnibus
348 1601 427 1642 rcum
444 1578 606 1643 liberaret?
627 1581 704 1659 quod
719 1581 884 1642 insidiarum
900 1583 1032 1644 invidiam
1047 1587 1075 1643 in

69 1663 203 1727 Clodium
213 1669 309 1742 vertit,
330 1685 491 1746 quanquam
502 1684 605 1727 revera
621 1664 716 1726 fuerat
732 1684 827 1744 pugna
842 1663 981 1727 fortuita?
998 1668 1075 1746 quod

69 1750 177 1811 factum
195 1758 224 1809 et
239 1751 366 1810 laudavit
382 1761 412 1811 et
427 1759 522 1812 tamen
539 1750 688 1810 voluntate
703 1747 820 1809 llilonis
836 1748 979 1811 removit?
998 1754 1075 1831 qnod

67 1833 112 1895 illi
132 1852 238 1913 preces
255 1851 312 1894 non
330 1834 409 1895 dedit
430 1845 459 1895 et
477 1836 505 1894 in
521 1852 619 1894 earnm
635 1834 731 1894 locum
750 1835 815 1913 ipse
834 1833 999 1896 successit?
1030 1837 1074 1898 ln-

70 1917 178 1979 dnitum
201 1927 246 1978 est
267 1937 453 1995 enumcrare,
472 1927 503 1978 ut
520 1916 623 1979 Cottae
640 1918 799 1978 detraxerit
817 1920 1028 1997 auctoritatem,
1045 1929 1088 1999 ut¹

69 2017 124 2081 pro
140 2001 257 2080 Ligario
275 2021 308 2063 se
324 2003 512 2081 opposuerit,
532 1999 697 2063 Cornelium
712 2003 776 2080 ipsa
795 2003 989 2064 confessionis
1006 2005 1075 2065 fidu·

68 2085 114 2146 cia
132 2087 281 2165 eripuerit.
318 2085 393 2147 Illud
415 2087 514 2147 dicere
530 2087 601 2145 satis
616 2084 728 2162 haheo,
745 2085 816 2146 nihil
833 2105 901 2147 esse
916 2103 974 2147 non
989 2088 1115 2148 modoll

67 2169 97 2229 in
116 2169 225 2230 orando
243 2171 339 2231 sedin
355 2171 431 2230 omni
446 2171 505 2229 rita
521 2170 600 2248 prius
616 2168 756 2245 consilio,
779 2169 945 2250 frustraque
959 2173 1021 2232 eine
1038 2191 1074 2234 eo

68 2254 142 2314 tradi
165 2263 280 2315 ceteras
303 2264 398 2329 artes,
428 2253 553 2333 plusque
579 2251 628 2311 vcl
655 2253 717 2312 sine
745 2252 875 2314 doctrina
895 2255 1075 2333 prudentiam

70 2355 154 2416 quam
170 2340 233 2399 sine
250 2338 402 2418 pmdentia
420 2338 521 2398 facere
537 2336 706 2397 doctrinam.
738 2335 849 2414 Aptare
866 2341 951 2397 etiam
967 2341 1074 2399 oratio-

10 2468 12 2473 .
69 2438 135 2480 nem
150 2422 236 2499 locis,
253 2421 444 2502 temporibus,
461 2419 597 2499 personis
610 2419 927 2480 estciusdemvirtutis.
959 2423 1017 2482 Sed
1029 2423 1076 2482 hic

70 2509 136 2584 quia
152 2506 238 2565 latius
259 2507 340 2566 fusus
356 2515 401 2566 est
416 2504 500 2565 locus
519 2504 682 2580 mixtusque
695 2521 759 2562 cum
775 2503 955 2567 elocutione:
970 2514 1075 2566 tracta·

69 2587 156 2666 bitur,
177 2608 240 2650 cum
257 2591 430 2671 praecipere
446 2588 483 2649 de
501 2595 569 2668 apte
585 2584 708 2648 dicendo
728 2588 920 2667 coeperimus

446 2898 723 2914 W—
