2566 4026
365 218 870 286 rusr.onaron.u1n.vur,a.a.
1085 213 1122 274 51

115 386 162 438 est
176 396 290 438 coecos
305 377 474 438 secandam
491 377 573 436 aiom
587 383 688 450 sture,
712 384 756 451 et,
781 378 829 453 qui
848 395 917 436 suos
934 388 1012 438 artus
1027 397 1125 439 morsu

116 460 295 536 lacerasset,
319 460 435 536 lingitur
450 461 479 518 in
494 458 604 519 scholis
619 477 718 539 cupro
738 479 772 520 oe
788 461 928 524 cubasse.
971 460 1164 539 Ingeniosati

116 545 191 604 hacc
212 554 241 604 et
260 546 345 604 fortia
367 553 452 603 etex
474 544 591 622 ancipiti
611 543 719 603 diserta
742 544 912 622 creduntur,
935 548 1123 626 pervasitque

116 631 171 688 iam
186 630 291 688 multos
306 630 361 688 ista
377 629 547 705 persuasio,
568 634 599 685 ut
620 627 649 686 id
664 629 719 686 ianr
737 628 850 687 demum
865 629 1017 706 eleganter
1036 639 1124 709 atque

117 713 261 790 exquisite
284 712 390 771 dictum
411 721 529 790 putent,
553 711 631 790 quod
646 712 891 790 interpretandum
907 715 952 773 sit.
996 714 1055 774 Sed
1075 732 1123 783 au·

116 795 256 857 ditoribus
280 798 365 856 etiam
388 795 532 854 nonnullis
553 804 636 871 grata
658 803 723 854 sunt
744 795 833 872 haec,
861 815 935 876 quae
959 815 1022 858 cum
1039 799 1124 857 intel·

116 881 267 940 lexerunt:
284 881 415 939 acumine
432 897 484 938 suo
501 879 683 938 delectantur
699 887 728 938 et
743 879 885 957 gaudent,
904 899 962 942 non
978 883 1059 959 quasi
1075 899 1123 942 aa·

115 965 220 1024 dierint
235 963 287 1024 sed
303 965 386 1043 quasi
401 964 571 1022 invenerint.

201 1047 292 1108 Nobis
317 1048 407 1125 prima
425 1049 462 1106 sit
477 1048 567 1106 virtus
584 1048 797 1127 perspicuitas,
816 1050 934 1127 propria
949 1049 1057 1127 verba,
1078 1064 1168 1118 rena

116 1142 180 1193 otus
197 1133 287 1208 ordo,
307 1149 365 1190 non
378 1132 407 1190 in
421 1131 539 1208 longum
555 1129 642 1190 dilata
659 1130 825 1199 conclusio;
847 1131 917 1192 nihil
933 1151 1030 1211 neque
1049 1135 1125 1195 desit

114 1234 212 1294 neque
233 1215 402 1295 superfluat.
443 1213 486 1273 lta
509 1230 605 1273 sermo
631 1224 661 1274 et
681 1214 775 1274 doctis
794 1215 954 1293 probabilis
975 1227 1004 1277 et
1021 1217 1124 1297 planus

114 1302 255 1378 imperitis
273 1300 336 1359 erit.
374 1298 455 1358 Haec
471 1297 628 1376 eloquendi
644 1297 820 1358 observatio.
860 1299 932 1359 Nam
946 1319 1042 1361 rerum
1057 1320 1124 1381 per·

115 1386 254 1463 spicuitas
272 1399 328 1462 quo
341 1383 427 1443 modo
443 1381 616 1460 praestanda
632 1383 685 1459 sit,
704 1383 825 1442 diximus
837 1384 866 1442 in
881 1387 1048 1463 praeceptis
1059 1403 1123 1445 nar·

114 1469 245 1528 rationis.
290 1467 397 1527 Similis
420 1476 514 1526 autem
539 1467 613 1526 ratio
637 1475 682 1525 est
700 1469 728 1525 in
751 1467 891 1526 omnibus.
935 1466 1008 1528 Nam
1030 1471 1055 1528 si
1074 1479 1167 1533 nte-23

115 1571 173 1631 que
194 1553 349 1631 pauciora,
372 1568 456 1628 quam
479 1559 611 1628 oportet,
636 1568 732 1628 neque
750 1550 835 1628 plura
849 1569 946 1630 neque
964 1553 1124 1613 inordinata

115 1645 163 1695 aut
181 1637 344 1696 indistincta
365 1634 536 1694 dixerimus:
561 1642 643 1693 erunt
659 1635 783 1694 dilucida
799 1643 828 1694 et
846 1635 1035 1713 negligenter
1052 1653 1123 1716 quo·

116 1739 173 1799 que
190 1719 372 1781 audientibus
388 1727 504 1798 aperta;
530 1717 607 1795 quod
622 1727 651 1777 et
666 1720 759 1798 ipsum
772 1720 801 1777 in
817 1720 940 1779 consilio
957 1729 1002 1780 est
1015 1720 1123 1780 haben·

115 1804 197 1878 dum,
215 1822 273 1863 non
288 1822 405 1881 semper
421 1813 477 1863 tam
494 1820 561 1861 esse
577 1820 674 1862 acrem
689 1803 791 1862 iudicis
803 1803 1008 1881 intentionem,
1026 1813 1057 1864 ut
1072 1804 1123 1864 ob·

114 1891 283 1948 scuritatem
303 1886 378 1965 apud
396 1905 429 1946 se
444 1889 510 1964 ipse
525 1887 659 1946 discutiat
675 1895 704 1946 et
719 1887 848 1947 tenebris
865 1888 1004 1948 orationis
1018 1888 1124 1948 inierat

115 1972 260 2050 quoddam
277 1969 486 2047 intelligentiae
503 1988 573 2029 snae
589 1969 699 2046 lumen,
724 1971 776 2031 sed
793 1971 890 2032 multis
907 1989 971 2032 eum
988 1971 1123 2051 frequen·

114 2064 162 2115 ter
177 2054 403 2134 cogitationibus
420 2055 553 2129 avocari,
569 2055 624 2112 nisi
641 2062 698 2114 tam
714 2055 792 2114 clara
808 2055 929 2130 inerint,
954 2073 1028 2134 quae
1044 2055 1123 2115 dice·

114 2158 195 2215 mus,
220 2149 250 2198 ut
276 2142 304 2198 in
322 2140 442 2199 animum
459 2139 521 2196 eius
540 2139 649 2212 oratio,
672 2146 702 2195 ut
718 2138 764 2198 sol
778 2140 807 2196 in
823 2139 943 2215 oculos,
968 2140 1080 2199 etiamsi
1096 2141 1124 2198 in

117 2241 180 2283 eam
192 2241 251 2282 non
266 2221 443 2297 intendatur,
460 2223 596 2279 incurrat.
630 2219 727 2293 Quare
738 2237 812 2297 non,
829 2231 860 2281 ut
875 2222 1042 2299 intelligere
1054 2223 1167 2300 pos-24

114 2309 171 2382 sit,
191 2307 261 2382 sed,
278 2325 314 2366 ne
331 2306 445 2364 omnino
461 2305 556 2382 possit
571 2320 628 2361 non
642 2304 826 2381 intelligere,
850 2304 1015 2364 curandum.
1054 2303 1123 2363 Pro·

114 2400 181 2470 pter
198 2390 377 2470 quodetiam
397 2387 556 2466 repetimus
577 2405 685 2465 saepe,
706 2405 781 2465 quae
796 2403 854 2446 non
868 2388 938 2446 satis
951 2388 1124 2466 percepisse

115 2490 185 2550 eos,
204 2476 252 2553 qui
270 2480 467 2551 cognoscunt,
489 2479 636 2548 putamus:
666 2468 755 2543 Quae
773 2488 872 2533 causo
892 2471 997 2549 atique
1018 2479 1125 2534 nostro

114 2561 208 2637 culpo
226 2560 311 2621 dicto
332 2557 494 2619 obscurius
515 2563 576 2616 est:
598 2555 642 2616 od
658 2555 805 2634 planiora
820 2563 849 2616 ot
868 2556 1040 2617 communia
1059 2572 1123 2617 ma-

113 2644 272 2722 girvardo
288 2642 522 2708 descendisses,-
543 2657 606 2698 cum
621 2639 649 2699 id
667 2640 759 2717 ipsum
771 2639 879 2718 optime
895 2638 959 2715 liat,
977 2639 1055 2719 quod
1069 2655 1123 2697 nos

114 2726 269 2806 aliqnando
284 2743 342 2786 non
358 2726 466 2804 optime
483 2724 591 2782 iecisse
607 2723 781 2782 simulamus.

515 2876 559 2926 Du
582 2874 723 2926 ORNATU.

199 2973 249 3033 lll.
279 2973 373 3033 Venio
390 2991 465 3034 nttnc
480 2972 516 3032 ad
535 2979 725 3047 ornatum,
748 2971 777 3030 in
798 2988 855 3050 quo
873 2971 935 3030 sine
952 2968 1039 3030 dubio
1057 2970 1123 3048 plus

117 3075 201 3136 quam
221 3060 250 3117 in
271 3058 379 3116 ceteris
397 3055 511 3116 dicendi
532 3053 661 3132 partibus
678 3054 734 3113 sibi
756 3053 886 3132 indulget
902 3062 1010 3114 orator.
1051 3051 1123 3114 Nam

117 3141 269 3202 emendate
291 3140 406 3219 quidem
431 3157 465 3200 ac
487 3138 583 3200 lucide
608 3137 762 3197 dicentium
779 3148 866 3199 tenue
887 3138 1045 3216 praemium
1067 3146 1122 3213 est,

116 3227 268 3304 magisque
290 3234 321 3284 ut
334 3224 410 3284 vitiis
426 3240 527 3283 carere
547 3238 630 3298 quam
650 3231 680 3280 ut
696 3221 821 3302 aliquam
842 3235 974 3297 magnam
990 3221 1123 3281 virtutem

117 3309 239 3388 adeptus
266 3326 333 3369 esse
354 3307 489 3368 videaris.
533 3305 663 3378 Intentio
685 3322 749 3365 cum
770 3306 910 3385 imperitis
930 3322 1022 3384 saepe
1045 3315 1151 3367 com-2

116 3394 227 3470 munis,
254 3393 407 3472 dispositio
428 3390 562 3452 modicae
587 3388 736 3448 doctrinae
762 3391 841 3452 credi
866 3398 978 3468 potest;
1002 3390 1123 3469 siquae

113 3487 183 3538 sunt
209 3486 286 3537 artes
312 3475 449 3536 altiores:
475 3475 647 3554 plerumque
673 3475 873 3551 occultantur,
900 3481 1028 3619 upprtes
1051 3475 1122 3541 sint;
