2566 4026
160 123 201 186 76
472 133 509 180 m.
525 130 606 178 sao.
624 130 844 191 commotam

160 291 253 366 derit,
276 288 306 348 in
319 287 377 348 hoc
393 306 458 347 eum
474 287 517 346 ire
533 283 699 364 patiemur?
726 286 836 347 aridum
851 294 939 366 atque
963 285 1088 345 ieiunum
1107 304 1164 346 non

158 375 270 436 alemus
287 382 316 432 et
334 379 415 432 certe
433 389 498 430 eum
513 371 596 449 quasi
611 367 792 430 vestiemus?
822 368 895 430 Nam
911 371 936 428 si
952 370 1095 449 quaedam
1114 371 1164 430 de·

159 458 277 518 trahere
298 456 498 516 necessarium
514 463 577 531 est,
604 473 655 514 cur
677 471 735 513 non
757 456 794 513 sit
817 454 946 514 adiicere
969 452 1165 514 concessum?

118 555 151 608 lo
159 540 264 621 Neque
286 557 344 618 ego
369 548 470 599 contra
492 547 620 599 naturam
643 556 751 617 pugno.
786 537 851 597 Non
873 539 946 598 enim
969 539 1165 598 deserendum

160 627 188 686 id
202 624 324 700 bonum,
347 624 372 682 si
394 623 473 703 quod
488 623 646 700 ingenitum
663 632 724 699 est,
749 624 900 698 existimo,
924 623 978 682 sed
1001 624 1166 700 augendum

118 723 149 774 ll
160 709 381 786 addendumque
407 709 486 786 quod
508 715 614 767 cessat.
649 705 695 766 An
717 724 789 767 vero
807 706 985 767 clarissimus
1006 707 1057 767 ille
1079 726 1164 786 prae-

161 803 265 872 ceptor
285 792 452 867 Isocrates,
472 809 558 870 quem
578 808 636 850 nou
657 792 749 869 magis
766 790 831 850 libri
853 791 1059 851 benedixisse
1080 809 1166 870 quam

161 878 296 956 discipuli
320 877 397 937 bene
424 877 561 937 docuisse
587 884 746 951 testantur,
775 894 839 935 cum
865 875 901 938 de
929 874 1050 954 Ephoro
1076 885 1165 955 atque

160 960 352 1042 Theopompo
369 961 412 1020 sic
424 960 586 1036 iudicaret,
609 961 748 1028 utoltert'
763 961 863 1039 frenis
877 961 970 1021 atteri
986 962 1165 1022 calcaribus

159 1065 237 1125 opus
252 1066 318 1108 esse
332 1045 463 1120 diceret,
487 1053 535 1104 aut
555 1045 584 1102 in
606 1043 658 1103 illo
674 1043 800 1104 lentiore
818 1045 984 1104 tarditatem
1005 1053 1053 1103 aut
1070 1046 1098 1103 in
1111 1044 1163 1104 illo

159 1148 255 1209 paene
276 1129 430 1210 praecipiti
451 1129 676 1189 concitationem
697 1130 887 1190 adiuvandam
904 1127 1039 1188 docendo
1062 1129 1163 1188 existi·

159 1217 263 1290 mavit,
283 1233 347 1275 cum
363 1212 485 1273 alterum
501 1213 622 1273 alterius
641 1221 742 1275 natura
756 1213 936 1273 miscendum
953 1207 1165 1273 arbitraretur?

118 1298 318 1361 ttlmbecillts
333 1307 430 1358 tamen
452 1299 575 1376 ingeniis
596 1316 666 1357 sane
682 1299 726 1357 sic
742 1297 962 1376 obsequendum
980 1297 1035 1373 sit,
1056 1304 1087 1355 ut
1102 1305 1164 1355 tan-

158 1392 218 1443 tum
233 1385 262 1442 in
276 1385 322 1459 id,
347 1399 405 1462 quo
424 1391 512 1441 vocat
528 1391 644 1457 natura,
668 1382 817 1443 ducantur.
848 1380 891 1442 lta
907 1383 1000 1456 euim,
1023 1381 1101 1460 quod
1116 1397 1164 1439 so-

159 1466 217 1527 lnm
244 1476 383 1545 possunt,
411 1467 514 1526 melius
542 1466 680 1526 efficient.
719 1468 845 1528 sivero
870 1465 1023 1527 liberalior
1044 1465 1165 1526 materia

160 1551 317 1628 contigerit
333 1560 362 1611 et
378 1552 406 1609 in
422 1568 478 1629 qua
494 1551 597 1610 merito
619 1550 655 1611 ad
671 1568 754 1628 spem
770 1552 895 1611 oratoris
912 1551 1000 1610 simus
1017 1550 1165 1628 aggressi,

116 1634 238 1697 lbnulla
256 1634 372 1695 dicendi
387 1635 479 1695 virtus
497 1635 655 1695 omittenda
674 1645 729 1695 est.
767 1635 841 1696 Nam
855 1635 927 1697 licet
942 1636 980 1693 sit
995 1633 1120 1713 aliquam
1137 1635 1166 1692 in

159 1727 273 1799 partem
287 1719 422 1798 pronior,
439 1727 470 1779 ut
486 1737 612 1780 necesse
628 1729 689 1793 est,
708 1722 816 1780 ceteris
832 1729 1000 1780 tamennon
1017 1735 1165 1796 repugna-

160 1803 218 1880 bit,
237 1813 323 1883 atque
341 1822 376 1863 ea
395 1822 464 1864 cura
477 1805 559 1882 paria
574 1804 664 1864 iaciet
679 1805 730 1880 iis,
747 1807 775 1864 in
791 1804 895 1884 quibus
911 1801 1071 1870 eminebat;
1088 1803 1165 1863 sicut

161 1887 212 1948 ille
235 1888 286 1967 (ue
311 1888 469 1949 abeodem
489 1888 627 1967 exemplo
647 1889 836 1968 recedamus)
860 1886 1020 1950 exercendi
1039 1902 1165 1965 corpora

159 1973 287 2052 peritus,
304 1990 379 2049 non,
402 1973 427 2031 si
443 1973 606 2034 docendum
624 1975 839 2052 pancratiasten
859 1973 1041 2050 susceperit,
1065 1987 1164 2049 pugno

159 2057 249 2117 ferire
267 2056 315 2117 vel
338 2057 422 2118 calce
439 2067 547 2119 tantum
563 2067 611 2118 aut
629 2077 722 2117 nexus
743 2059 831 2120 modo
848 2068 936 2138 atque
952 2059 979 2115 in
1002 2057 1047 2116 his
1064 2064 1164 2115 certos

159 2140 274 2219 aliquos
290 2141 423 2216 docebit,
446 2143 500 2202 sed
517 2144 611 2202 omnia
628 2160 704 2223 quae
722 2152 788 2202 sunt
805 2143 868 2204 eius
892 2141 1067 2202 certaminis.
1100 2137 1165 2198 Erit

160 2225 208 2304 qui
224 2243 262 2283 ex
276 2224 321 2283 his
337 2225 433 2304 aliqua
450 2243 508 2286 non
523 2228 631 2305 possit:
648 2227 718 2286 inid
734 2229 858 2288 maxime
871 2227 949 2307 quod
964 2225 1073 2304 poterit
1085 2239 1163 2283 oom-

119 2318 259 2386 14ponet.
291 2307 363 2368 Nam
379 2320 445 2370 suot
468 2312 542 2371 haec
558 2311 615 2371 duo
635 2312 753 2374 vitanda
774 2329 912 2393 prorsus:
936 2327 1074 2372 unumne
1092 2317 1164 2368 tem·

159 2403 226 2472 ptes
249 2394 329 2472 quod
353 2394 431 2455 ellici
452 2412 510 2455 non
531 2398 641 2475 possit,
667 2398 790 2458 alterum
809 2416 847 2457 ne
864 2396 900 2456 ab
923 2412 978 2473 eo,
1002 2393 1079 2473 quod
1099 2395 1164 2472 quis

160 2478 269 2556 optime
290 2479 378 2555 facit,
402 2481 431 2538 in
449 2479 544 2556 aliud,
571 2481 607 2542 ad
628 2483 819 2561 quodminus
841 2490 886 2540 est
906 2481 1045 2554 idoneus,
1071 2488 1163 2537 trans-

157 2562 247 2622 feras.
286 2561 326 2622 ht
349 2565 374 2623 si
395 2565 484 2624 luerit
505 2568 554 2643 qui
575 2566 729 2626 docebitur
750 2566 818 2641 ille,
843 2581 930 2642 quem
953 2562 1162 2623 adolescentes

158 2664 260 2706 senem
279 2648 419 2726 vidimus,
448 2648 647 2709 Nicostratus:
678 2648 809 2708 omnibus
831 2651 860 2707 in
888 2663 924 2706 eo
948 2644 1073 2706 docendi
1095 2661 1161 2721 par·

156 2730 233 2791 tibus
253 2731 386 2792 similiter
406 2742 517 2808 utetur,
537 2733 707 2812 efficietque
726 2733 823 2808 illum,
845 2730 937 2810 qualis
961 2729 1009 2788 hic
1027 2728 1095 2804 luit,
1119 2727 1161 2787 lu·

159 2814 263 2876 ctando
282 2818 514 2896 pugnandoque,
534 2833 655 2895 quorum
669 2826 794 2896 utroque
809 2819 967 2877 certamine
985 2813 1088 2873 iisdem
1101 2813 1161 2872 die·

116 2896 211 2968 15bus
236 2900 445 2977 coronabatur,
475 2903 620 2960 invictum.
659 2901 698 2962 Et
726 2910 833 2981 quanto
860 2901 888 2962 id
913 2900 1006 2976 magis
1037 2899 1162 2958 oratoris

157 2982 245 3042 futuri
265 2986 404 3062 magistro
426 2985 636 3064 providendum
662 2983 738 3046 erit‘l
772 2985 838 3047 Non
858 2986 932 3046 enim
956 2983 1027 3043 satis
1051 2991 1097 3042 est
1120 2981 1161 3040 di-

158 3084 228 3125 cere
256 3087 360 3146 presse
383 3079 492 3129 tantum
520 3079 568 3130 aut
594 3070 740 3131 subtiliter
767 3080 815 3132 aut
838 3089 961 3152 aspere,
986 3084 1044 3127 non
1068 3067 1161 3142 magis

157 3167 242 3229 quam
261 3152 412 3229 phonasco
432 3155 524 3215 acutis
541 3163 650 3214 tantum
672 3166 720 3216 aut
737 3157 839 3218 mediis
859 3164 908 3217 aut
925 3152 1062 3233 gravibus
1080 3151 1160 3211 sonis

157 3233 328 3295 authorum
355 3240 441 3298 etiam
466 3240 617 3317 particulis
645 3242 807 3302 excellere.
852 3240 925 3303 Nam
952 3240 1028 3298 sicut
1052 3235 1161 3297 cithara

156 3316 196 3377 ita
214 3321 307 3379 oratio
329 3322 463 3400 perlecta
481 3340 539 3384 non
561 3334 623 3400 est,
645 3327 700 3387 nisi
720 3327 756 3388 ab
776 3329 833 3387 imo
856 3327 893 3387 ad
911 3341 1050 3384 summurn
1071 3321 1160 3381 omni·

158 3400 212 3462 bus
231 3404 339 3465 intenta
359 3409 456 3467 neruis
479 3412 652 3471 consentiat.
