2566 4026
206 123 266 189 178
522 136 885 196 mnenoumuunmuu

202 293 314 356 marito
335 293 424 369 dicit,
448 290 638 371 appellatam
659 310 693 353 se
715 293 754 353 de
776 301 883 372 stupro
903 311 924 355 a
942 295 1088 374 pricipno
1108 304 1137 357 et
1155 298 1215 360 oibr

205 377 397 441 emutilatum
419 385 536 454 tempus
557 381 588 437 el
608 375 727 447 locem,-
748 377 858 438 eadem
875 386 984 441 contra
1001 377 1086 456 lilim
1107 380 1215 442 detulit

204 461 244 523 de
264 478 417 535 maceca,
439 461 520 523 edito
537 466 655 524 tantum
670 461 731 521 alia
745 469 879 539 tempore
897 477 937 521 ac
959 462 1042 534 loca·
1065 472 1160 542 pater
1181 466 1213 526 in

204 563 257 621 co,
285 560 374 624 pacm
395 561 477 605 anor
496 544 724 623 praedixerat,
750 543 847 621 filiam
867 546 999 622 incenit,
1027 555 1090 608 tam
1110 548 1143 609 in
1165 566 1213 626 eo,

203 643 291 707 quem
310 627 401 705 filias,
423 644 574 698 excomm,-
589 627 673 689 illam
689 629 877 705 repudiavit,
900 644 963 707 aaa
978 638 1096 692 tacente
1115 631 1212 708 filium

203 713 338 777 abdicat.
369 710 446 771 Nihil
461 711 518 771 dici
533 719 632 790 potest
647 729 700 790 pro
716 713 832 787 iuvene,
850 711 927 790 quod
942 729 1000 771 non
1011 713 1087 773 idem
1103 715 1141 774 sit
1156 732 1212 793 pro

163 803 342 859 tinorerca.
377 794 523 855 Ponentur
544 804 639 854 tamen
660 797 744 855 etiam
765 796 939 864 communia;
963 796 1067 858 deinde
1086 815 1124 857 ex
1143 817 1209 876 per·

204 897 339 939 sonarum
360 880 575 957 comparatione
598 887 628 939 et
647 880 743 940 indicii
765 880 865 939 ordine
889 888 918 939 et
941 880 1058 941 silentio
1075 882 1210 960 repudia·

145 971 250 1024 lootae
265 973 432 1040 argumenta
448 963 598 1023 ducentur.
633 961 678 1022 Ne
702 961 773 1023 illud
795 964 911 1041 quidem
925 964 1062 1041 ignorare
1080 974 1211 1043 oportet,

203 1048 343 1127 quaedam
360 1065 443 1123 esse,
467 1065 540 1125 qnae
562 1046 692 1105 colorem
718 1063 776 1105 non
798 1047 941 1125 recipiant
960 1048 1014 1109 sed
1032 1058 1139 1108 tantum
1160 1049 1210 1108 de·

202 1131 345 1192 fendenda
366 1133 438 1206 sint,
464 1131 556 1209 qualis
575 1139 620 1190 est
635 1129 686 1190 ille
708 1130 812 1206 dives,
841 1132 893 1209 qni
911 1139 1044 1195 statuam
1057 1135 1211 1210 pauperie

201 1216 317 1277 inimici
331 1212 462 1295 llapellio
479 1215 591 1276 cecidit
613 1224 641 1273 et
662 1232 729 1274 reus
751 1223 796 1274 est
817 1215 996 1284 iniuriarum;
1020 1233 1083 1275 nam
1103 1214 1210 1275 iactum

203 1299 265 1359 eius
288 1299 448 1358 modestum
476 1316 544 1358 esse
566 1315 649 1358 nemo
674 1297 795 1373 dixerit,
822 1297 966 1376 fortasse,
997 1309 1028 1359 ut
1048 1301 1085 1359 sit
1108 1307 1210 1375 tutum,

204 1382 354 1443 obtinebit.

143 1487 193 1538 101
287 1465 398 1538 Quodsi
421 1484 507 1544 pars
533 1466 723 1543 expositionis
745 1482 811 1543 pro
827 1466 951 1542 nobis,
971 1485 1056 1546 pars
1079 1476 1210 1526 contra

201 1568 272 1609 nos
291 1551 359 1609 erit:
376 1549 522 1609 miscenda
539 1550 576 1607 sit
593 1568 628 1609 an
646 1550 808 1627 separanda
823 1552 962 1625 narratio,
980 1569 1043 1610 cum
1061 1553 1125 1629 ipsa
1141 1568 1209 1610 con-

201 1634 316 1695 dicione
331 1649 436 1693 causae
458 1632 675 1692 deliberandum
695 1642 749 1692 est.
783 1632 855 1692 Nam
877 1636 901 1692 si
925 1634 1008 1712 plura
1029 1643 1111 1709 sunt,
1135 1652 1210 1712 quae

201 1725 325 1776 nocent:
342 1734 416 1795 quae
434 1726 573 1795 prosunt,
591 1715 758 1776 obruuntur.
790 1716 889 1795 ltaque
905 1727 972 1777 tnnc
989 1718 1119 1778 dividere
1136 1721 1209 1796 opti·

200 1818 276 1860 mum
293 1801 366 1876 erit,
383 1800 489 1876 ethis,
507 1818 581 1879 quae
597 1810 708 1879 partem
723 1810 850 1860 nostram
865 1801 1048 1876 adiuvabunt,
1067 1803 1211 1879 expositis

202 1893 231 1944 et
248 1884 433 1959 confirmatis,
451 1885 591 1944 adversus
608 1884 720 1962 reliqua
732 1886 772 1944 uti
786 1884 934 1960 remediis,
949 1885 985 1944 de
1003 1883 1106 1963 quibus
1122 1901 1210 1962 supra

142 1983 193 2037 102
201 1968 307 2029 dictum
321 1978 374 2028 est.
405 1968 437 2028 Si
457 1969 540 2047 plura
555 1968 728 2047 proderunt:
745 1969 829 2027 etiam
844 1971 1024 2046 coniungere
1039 1968 1149 2043 licebit,
1166 1976 1208 2042 ut,

197 2070 277 2131 -quae
299 2052 429 2128 obstant,
456 2054 486 2111 in
502 2053 604 2112 mediis
627 2053 707 2113 velut
732 2051 846 2113 auxiliis
868 2055 976 2112 nostris
998 2054 1095 2131 posita
1117 2054 1211 2110 minus

201 2134 326 2196 babeant
345 2137 456 2196 virium.
495 2136 577 2209 Quae
600 2147 772 2197 tamennon
794 2146 877 2196 erunt
892 2135 967 2196 nuda
984 2135 1134 2213 ponenda,
1156 2134 1210 2192 sed

202 2228 232 2278 ut
248 2228 277 2279 et
292 2228 390 2280 nostra
405 2219 500 2300 aliqua
515 2222 763 2296 argumentatione
783 2218 944 2293 firmemus,
969 2228 997 2279 et
1020 2219 1134 2280 diversa
1159 2235 1210 2277 cur

204 2302 354 2364 credibilia
369 2319 426 2363 non
445 2305 518 2379 sint,
535 2305 716 2373 adiiciamus;
737 2305 819 2383 quia,
844 2305 898 2362 nisi
913 2304 1143 2377 distinxerimus,
1159 2319 1209 2361 ve·

202 2387 322 2448 rendum
338 2397 392 2463 est,
409 2405 445 2446 ne
460 2387 537 2447 bona
552 2398 651 2449 nostra
668 2389 818 2468 permixtis
835 2387 918 2448 malis
933 2389 1126 2466 inquinentur.

143 2483 196 2539 103
285 2469 339 2531 Illa
361 2488 477 2550 quoque
499 2471 535 2531 de
558 2475 721 2533 narratione
744 2473 875 2550 praecipi
900 2471 1012 2548 solent,
1040 2490 1076 2530 ne
1096 2489 1151 2549 qua
1173 2488 1211 2529 ex

202 2573 237 2615 ea
252 2555 301 2615 bat
317 2559 464 2631 excursio,
481 2575 517 2614 ne
536 2565 711 2616 avertatnra
729 2556 824 2615 iudice
841 2572 950 2630 sermo,
966 2572 1002 2613 ne
1017 2555 1130 2613 alienae
1143 2571 1209 2631 per·

201 2656 291 2698 sonae
320 2656 424 2699 vocem
449 2639 566 2716 demus,
594 2658 630 2699 ne
658 2647 906 2717 argumentemur,
935 2637 1070 2696 adiiciunt
1097 2637 1211 2713 quidem

201 2723 302 2798 ctiam,
318 2742 355 2783 ne
370 2732 480 2782 utamur
495 2723 663 2793 affectibus;
683 2739 806 2801 quorum
827 2721 970 2800 pleraque
993 2727 1058 2777 sunt
1074 2719 1209 2796 irequen·

201 2807 311 2866 tissime
337 2806 542 2880 custodienda,
564 2810 620 2867 imo
644 2824 803 2885 nunquam,
826 2806 880 2863 nisi
901 2805 974 2862 ratio
990 2803 1134 2879 coegerit,
1150 2821 1210 2860 mn-

143 2890 295 2954 104tanda.
328 2889 365 2950 Ut
381 2891 417 2949 sit
433 2891 578 2969 expositio
594 2893 750 2969 perspicua
764 2898 793 2948 et
807 2886 922 2963 brevis,
938 2885 1008 2946 nihil
1025 2887 1139 2964 quidem
1153 2895 1211 2945 tam

200 2991 266 3035 raro
282 2976 391 3053 poterit
403 2971 514 3034 habere
526 2976 667 3034 rationem
685 2991 769 3052 quam
788 2972 984 3039 excursio;
1011 2988 1066 3030 neo
1086 2987 1210 3047 unquam

201 3057 320 3118 debebit
341 3076 408 3119 esse
432 3060 487 3117 nisi
505 3057 604 3117 breuis
622 3067 650 3118 et
662 3057 746 3131 talis,
770 3065 800 3115 ut
824 3056 853 3114 vi
870 3055 991 3132 quadam
1006 3055 1154 3114 videamur
1169 3053 1211 3112 ei-

200 3142 295 3202 iectus
311 3143 392 3203 velut
406 3150 489 3202 recto
510 3142 613 3201 itinere
630 3140 763 3219 depulsi,
781 3138 874 3218 qualis
896 3148 941 3198 est
959 3136 1111 3198 Ciceronis
1132 3139 1211 3196 circa

143 3227 312 3304 tosnupties
340 3227 456 3286 Sasiae:
488 3222 669 3286 Omnlierie
694 3225 798 3286 coelae
825 3223 1008 3285 incredibile
1036 3231 1064 3284 et
1082 3228 1213 3301 praeter

201 3308 284 3371 banc
303 3328 395 3370 anam
424 3311 457 3369 in
481 3310 563 3370 omni
583 3311 648 3371 oita
668 3307 861 3370 inauditam!
899 3305 924 3368 0
946 3307 1102 3368 libidinem
1121 3304 1211 3387 effre·

200 3400 307 3455 natam
334 3399 362 3454 et
383 3393 579 3454 indomitam!
624 3390 649 3453 0
680 3392 849 3453 andaciam
875 3390 1083 3472 sinpulareml
1113 3406 1212 3451 nonne
