2566 4026
401 159 490 208 tusa.
508 159 658 208 codron.
676 160 746 208 nm.
762 160 805 222 11,
822 159 847 211 1.
1087 148 1129 211 59

118 313 202 397 plinis
225 314 327 375 dehita
350 315 380 373 in
400 314 503 376 schola
527 315 638 375 minore
656 314 787 375 subsidat
803 334 839 376 ac
860 315 1029 378 rhetoricen
1051 319 1128 397 apud

117 401 324 479 grammaticos
355 408 504 460 exerceat.
549 399 608 476 ltu,
638 399 716 478 quod
744 408 790 460 est
818 401 941 461 maxime
962 402 1125 481 ridiculum,

116 502 170 544 non
189 493 259 544 ante
288 483 325 545 ad
344 483 524 544 declamandi
541 484 709 561 magistrum
731 484 884 546 mittendus
901 486 1033 548 videatur
1053 505 1127 566 puer

116 586 201 649 quam
223 567 393 630 declamare
415 570 498 629 sciat.
527 567 604 629 ,Nos
628 586 710 628 suum
732 568 836 647 cuique
864 570 1043 648 professioni
1064 581 1153 636 mol

116 653 179 714 dnm
202 652 317 714 demus.
363 651 401 722 llt
423 652 611 731 grammatice
629 651 730 731 (quam
752 654 781 711 in
796 651 927 714 Latinum
948 656 1125 718 transferen-

115 747 157 798 tes
180 738 393 800 litteraturam
420 737 621 817 vocaverunt)
650 736 721 796 fines
746 754 815 796 suos
840 739 929 814 norit,
954 743 1126 817 praesertim

114 831 224 882 tantum
245 820 282 882 ah
309 821 366 881 hac
393 820 601 900 appellationis
628 837 699 881 suae
729 831 919 900 paupertate,
944 823 1018 884 intra
1041 842 1127 904 quam

114 908 197 986 primi
221 906 266 967 illi
290 906 465 982 constitere,
489 913 646 984 provecta;
671 906 852 965 namtenuis
875 906 993 967 alonte
1016 926 1125 968 assum-

114 993 169 1070 ptis
193 991 402 1051 historioorum
424 991 649 1067 criticorumque
672 989 781 1048 viribus
804 990 893 1068 pleno
910 992 966 1052 iam
991 992 1062 1054 satis
1085 992 1125 1055 al·

113 1092 168 1136 reo
192 1076 274 1150 duit,
299 1092 363 1134 oum
379 1082 497 1153 praeter
518 1076 661 1135 rationem
682 1082 765 1134 recte
788 1073 926 1152 loquendi
947 1092 1006 1135 non
1025 1094 1125 1154 pamm

113 1159 225 1240 alioqui
249 1160 400 1237 copiosam
429 1176 524 1239 prope
547 1158 672 1219 omnium
694 1159 879 1227 maximarum
906 1161 1009 1220 artium
1030 1161 1124 1221 soien-

113 1247 180 1306 tiam
199 1243 338 1321 amplexa
354 1244 406 1311 sit;
429 1251 458 1302 et
479 1242 638 1318 rhetorice,
657 1243 703 1302 cui
720 1259 825 1302 nomen
839 1243 883 1302 vis
902 1243 1059 1323 eloquendi
1075 1244 1151 1312 deo

113 1329 167 1405 dit,
200 1327 303 1388 cilicia
326 1345 378 1386 sua
400 1344 459 1386 non
475 1325 619 1387 detrectet
641 1344 697 1386 nec
726 1328 865 1405 occupari
887 1328 1014 1406 gaudeat
1034 1331 1123 1407 perti-

113 1422 233 1473 nentem
256 1412 293 1472 ad
310 1430 343 1471 se
360 1409 507 1488 laborem,
533 1429 624 1490 quae,
649 1410 715 1470 dum
736 1429 828 1489 opere
849 1411 936 1488 cedit,
960 1413 1015 1472 iam
1030 1430 1124 1491 paena

113 1497 309 1577 possessione
332 1495 456 1575 depulsa
473 1505 527 1555 est.
573 1495 677 1574 Neque
696 1495 851 1569 infitiabor,
875 1495 1002 1576 aliquem
1015 1515 1053 1557 ex
1077 1499 1152 1574 iis,6

113 1583 161 1661 qui
183 1581 395 1659 grammaticen
420 1579 626 1658 profiteantur,
656 1597 786 1659 eousque
816 1580 957 1641 scientiae
985 1582 1124 1660 progredi

115 1684 224 1746 posse,
252 1673 284 1725 ut
307 1664 438 1725 adhaec
461 1680 579 1743 quoque
599 1664 739 1725 tradenda
761 1665 903 1733 sufficiatt
931 1666 984 1726 sed
1009 1686 1073 1727 cum
1094 1666 1123 1726 id

115 1760 199 1828 aget,
223 1749 352 1809 rhetoris
375 1749 474 1809 officio
497 1748 634 1826 iungetur
655 1766 712 1808 non
735 1767 799 1808 suo.
848 1749 852 1756 '

199 1832 264 1893 Nos
281 1849 371 1913 porro
390 1834 564 1911 quaerimus,
582 1832 695 1912 quando
709 1833 762 1910 iis,
780 1851 855 1912 quae
870 1834 1018 1894 rhetorice
1038 1842 1150 1912 prae-'l

116 1921 203 1998 cipit,
228 1917 425 1996 percipiendis
442 1935 516 1996 puer
533 1927 659 1977 maturus
679 1935 746 1977 esse
763 1918 904 1978 videatur.
938 1917 970 1978 ln
988 1936 1044 1996 quo
1061 1920 1122 1997 qui-

116 2004 180 2066 dem
203 2019 263 2062 non
284 2000 314 2062 id
337 2001 558 2077 aestimandum,
594 2001 674 2061 cuius
704 2002 826 2080 quisque
856 2002 893 2061 sit
920 2005 1041 2078 aetatis,
1070 2002 1123 2062 sed

116 2096 252 2167 quantum
274 2087 304 2145 in
324 2085 425 2145 studiis
447 2087 504 2146 iam
527 2085 669 2146 effecerit.
714 2084 751 2144 Et
773 2104 810 2145 ne
838 2086 942 2146 diutius
966 2086 1120 2156 disseram;

116 2172 231 2251 quando
255 2171 292 2229 sit
314 2168 425 2229 rhetori
446 2169 612 2245 tradendus,
636 2171 679 2229 sic
701 2171 809 2248 optime
827 2170 900 2230 liniri
923 2170 1029 2248 credo,
1053 2190 1122 2233 com

114 2258 237 2336 poterit.
282 2253 341 2315 Sed
364 2254 422 2313 hoc
442 2254 536 2332 ipsum
565 2272 602 2313 ex
629 2255 782 2332 superiore
809 2254 916 2333 pendet
940 2257 1151 2334 quaestione&

115 2340 187 2400 Nam
211 2340 236 2397 si
258 2339 463 2416 grammatices
480 2356 582 2397 munus
600 2356 693 2416 usque
716 2338 751 2398 ad
768 2340 915 2400 suasorias
934 2349 1120 2417 prorogatur,

115 2424 225 2485 tardius
247 2423 367 2483 rhetore
391 2438 464 2501 opus
484 2431 538 2482 est.
583 2421 622 2480 At
640 2423 666 2481 si
684 2421 785 2483 rhetor
804 2424 896 2500 prima
910 2423 1007 2484 officia
1024 2423 1122 2502 operis

117 2510 159 2568 sui
181 2524 241 2569 non
261 2514 398 2582 recusat,
423 2524 440 2566 a
458 2505 670 2566 narrationibus
688 2506 784 2565 statim
806 2515 835 2565 et
852 2506 987 2566 laudandi
1009 2507 1121 2584 vitupe-

116 2593 256 2671 randique
275 2589 425 2670 opusculis
442 2607 510 2650 cura
526 2591 588 2649 eius
607 2589 799 2650 desideratur.
830 2589 876 2648 An
892 2590 1058 2665 ignoramus
1074 2599 1150 2653 ano

115 2678 203 2755 tiquis
226 2675 285 2735 hoc
312 2675 404 2736 luisse
427 2676 463 2735 ad
487 2673 647 2751 augendam
674 2673 871 2751 eloquentiam
893 2690 985 2749 genus
1010 2673 1121 2732 exerci-

115 2761 249 2835 tationis,
273 2768 304 2818 ut
324 2759 425 2819 theses
448 2759 579 2818 dicerent
605 2766 634 2818 et
662 2775 828 2818 communes
858 2757 943 2817 locos
973 2765 1001 2816 et
1022 2765 1123 2816 cetera

116 2845 187 2904 citra
203 2843 388 2921 complexum
406 2860 502 2902 rerum
516 2859 774 2921 personarumque,
795 2841 897 2921 quihus
915 2858 1005 2901 verae
1023 2841 1121 2900 lictae·

116 2947 173 3007 que
196 2927 418 2988 controversiae
440 2923 643 2987 continentur?
686 2925 732 2986 llx
756 2944 814 3006 qno
838 2926 934 3006 palam
957 2935 1012 3002 est,
1038 2942 1123 3004 quam

116 3013 241 3091 turpiter
263 3012 381 3071 deserat
403 3028 467 3072 eam
489 3020 601 3091 partem
624 3009 787 3071 rhetorices
809 3011 960 3089 institutio,
986 3027 1070 3089 quarn
1093 3017 1122 3068 et

115 3097 237 3173 primam
259 3095 359 3156 hahuit
383 3104 412 3154 et
434 3094 481 3155 diu
504 3094 606 3154 solam.
653 3095 727 3169 Quid
755 3105 850 3156 autem
880 3105 924 3155 est
948 3114 985 3155 ex
1007 3096 1059 3171 iis,
1086 3093 1163 3156 dero

114 3180 218 3260 quihus
246 3179 431 3259 supradixi,
459 3180 537 3258 quod
559 3196 617 3239 non
640 3198 704 3239 cum
725 3180 753 3238 in
777 3181 843 3256 alia,
869 3198 942 3259 quae
966 3188 1031 3239 sunt
1054 3195 1120 3257 pro·

113 3266 176 3343 pria
198 3264 366 3340 rhetorum,
394 3273 453 3323 tum
476 3272 558 3324 certe
581 3264 609 3322 in
636 3263 707 3324 illud
736 3263 870 3324 iudiciale
899 3282 1005 3325 causae
1028 3280 1121 3340 genus

112 3346 242 3411 incidat?
286 3348 333 3409 An
353 3365 410 3410 non
431 3349 458 3407 in
480 3347 546 3408 loro
567 3347 739 3408 narrandum
761 3345 827 3408 est?
843 3367 899 3428 qua
918 3350 947 3409 in
969 3357 1053 3428 parte
1071 3363 1120 3406 ne-

114 3435 179 3495 scio
202 3451 241 3495 an
262 3434 299 3492 sit
323 3433 372 3493 vel
393 3431 555 3513 plurimum.
600 3429 667 3492 Non
688 3431 750 3493 laus
774 3451 810 3493 ac
830 3434 1005 3513 vituperatio
1029 3439 1163 3492 certa-ll
