2566 4026
227 181 285 239 190
538 188 901 248 M.FAB.QU1NT1L1AN1

183 341 330 411 llinutilia
350 341 510 402 credamus.
543 344 602 405 Sed
623 341 681 404 boc
698 343 900 423 qualecunque
918 341 1072 403 discrimen
1093 362 1159 404 raro
1179 348 1228 407 ad·

223 425 338 486 modum
354 428 483 494 eveniet;
500 426 576 486 idern
591 427 665 503 lere,
680 437 711 487 ut
726 428 796 502 dixi,
812 428 840 485 in
855 427 931 485 omni
948 444 1059 502 genere
1074 445 1229 490 causarum

223 519 253 570 et
269 508 400 587 proderit
415 519 445 569 et
462 509 587 570 decebit.
618 511 672 571 Est
687 520 792 587 autem,
809 511 887 588 quod
903 527 1002 568 omnes
1020 520 1048 570 et
1064 530 1182 591 semper
1200 523 1229 574 et

222 593 330 670 ubique
345 594 459 668 deceat,
475 593 575 653 facere
587 612 622 655 ac
638 594 737 654 dicere
752 595 892 662 honestc;
909 603 1069 673 contraque
1082 599 1229 656 neminem

221 694 345 754 unquam
357 676 419 737 ullo
435 677 463 735 in
477 676 557 754 loco,
572 679 705 756 turpiter.
735 678 847 738 Minora
862 695 935 737 vero
951 696 1086 757 quaeque
1103 690 1169 740 sunt
1189 700 1227 741 ex

221 760 323 821 mediis
343 760 514 839 plerumque
535 771 602 821 sunt
624 762 708 839 talia,
730 771 761 821 ut
785 762 848 822 aliis
870 762 926 821 sint
946 763 1134 823 concedenda
1160 765 1227 825 aliis

221 862 279 905 non
294 844 366 920 sint,
388 853 436 904 aut
453 862 506 923 pro
531 862 675 924 persona,
697 854 848 924 ternpore,
867 846 952 921 loco,
976 864 1063 906 causa
1081 849 1174 924 magis
1192 866 1227 908 ac

181 929 311 991 lominus
326 928 376 988 vel
395 937 534 989 excusata
549 928 675 990 debeant
689 929 782 990 rideri
799 929 848 990 vel
865 928 1117 1008 reprehendenda.
1154 929 1226 990 Cum

221 1012 347 1072 dicamus
372 1020 467 1072 autem
488 1011 525 1072 de
544 1013 632 1073 rebus
655 1022 703 1074 aut
723 1013 826 1074 alienis
848 1022 896 1073 aut
916 1015 1040 1074 nostris:
1071 1012 1227 1076 dividenda

220 1097 294 1155 ratio
318 1104 364 1154 est
387 1113 503 1172 eorum,
530 1095 595 1157 dum
616 1099 739 1157 sciamus
763 1097 906 1176 pleraque
933 1106 1035 1156 neutro
1063 1097 1131 1157 loco
1155 1116 1226 1158 con·

219 1196 329 1239 vemre.

304 1261 335 1323 ln
351 1264 449 1341 primis
464 1264 551 1341 igitur
566 1265 657 1323 omnis
672 1265 777 1324 vitiosa
792 1264 948 1325 iactatio
964 1268 1020 1340 est,
1038 1265 1226 1342 eloquentiae

220 1347 359 1409 tamenin
377 1356 493 1408 oratore
511 1349 687 1426 praecipue,
712 1347 854 1425 offertque
872 1348 1053 1408 audientibus
1070 1365 1127 1408 non
1142 1350 1225 1410 fasti-

181 1440 211 1495 16
219 1433 294 1492 dium
317 1430 403 1492 modo
426 1431 479 1494 scd
500 1431 671 1509 plerumque
694 1433 779 1491 ctiam
800 1431 905 1491 odium.
935 1431 1030 1492 Habet
1051 1434 1224 1493 enimmens

220 1526 318 1576 nostra
334 1525 433 1577 natura
448 1514 571 1577 sublime
586 1515 719 1593 quiddam
736 1524 765 1575 et
780 1524 910 1575 erectum
924 1524 953 1575 et
967 1518 1118 1593 impatiens
1135 1535 1223 1595 supe-

220 1601 315 1660 rioris.
345 1598 477 1680 ldeoque
498 1600 629 1661 abiectos
653 1608 702 1660 aut
723 1601 932 1659 summittentes
953 1617 986 1658 se
1010 1599 1136 1660 libenter
1150 1601 1223 1661 alle·

219 1701 335 1759 vamus,
360 1685 426 1762 quia
447 1684 505 1744 lroc
525 1685 626 1745 iacere
642 1692 775 1761 tanquam
791 1684 916 1743 maiores
937 1683 1081 1752 videmur;
1103 1692 1133 1742 et
1151 1702 1221 1762 quo·

218 1769 294 1826 tiens
310 1766 445 1827 discessit
458 1768 622 1845 aemulatio,
638 1766 770 1828 succedit
782 1767 950 1827 humanitas.
977 1766 1016 1827 Αι
1028 1768 1077 1846 qui
1089 1785 1122 1826 se
1134 1785 1223 1846 supra

219 1851 333 1910 modum
356 1851 486 1928 extollit,
509 1870 643 1930 premere
657 1871 693 1913 nc
707 1851 863 1929 despicere
880 1850 1022 1927 creditur,
1044 1869 1099 1911 neo
1115 1859 1173 1911 tam
1189 1870 1223 1910 se

179 1943 212 2001 17
219 1935 358 1994 maiorem
370 1952 458 2012 quam
478 1937 604 1995 minores
621 1946 738 1996 ceteros
753 1936 864 1996 facere.
902 1934 972 1995 lnde
988 1936 1116 1996 invident
1131 1935 1222 1994 humi·

220 2019 327 2093 liores,
349 2017 428 2095 (nam
449 2018 506 2078 hoc
526 2021 624 2080 vitium
644 2029 689 2080 eet
710 2036 827 2096 eorum,
850 2020 898 2097 qui
918 2038 974 2081 nec
993 2020 1100 2079 cedere
1119 2018 1223 2078 volunt

219 2120 274 2161 neo
291 2111 413 2180 possunt
428 2103 622 2182 contendere)
645 2103 740 2163 rident
754 2103 941 2181 superiores,
963 2102 1126 2182 improbant
1141 2101 1221 2162 boni.

219 2185 391 2263 Plerumque
413 2205 485 2246 vero
502 2186 704 2266 deprehendas
727 2188 921 2264 arrogantium
935 2187 1038 2247 falsam
1054 2186 1091 2245 de
1109 2205 1141 2247 se
1158 2187 1222 2264 opi-

218 2271 346 2338 nionem;
367 2270 464 2331 sedin
479 2272 557 2331 veris
573 2288 690 2352 quoque
704 2270 813 2330 suflicit
827 2271 1014 2330 conscientia.

302 2353 510 2432 Reprehensus
535 2364 580 2415 est
601 2356 630 2415 in
651 2355 707 2416 hac
723 2363 807 2434 parte
827 2371 885 2413 non
899 2354 1086 2414 mediocriter
1102 2351 1221 2430 Cicero,

219 2455 380 2516 quanquam
391 2438 416 2498 is
425 2438 540 2516 quidem
547 2456 643 2498 rerum
654 2457 670 2498 a
682 2457 715 2498 se
726 2447 874 2515 gestarum
881 2439 972 2498 maior
980 2455 1064 2516 quarn
1079 2437 1220 2515 eloquen-

177 2522 274 2582 18tiae
289 2521 342 2582 luit
363 2523 392 2581 in
413 2521 590 2582 orationibus
615 2524 714 2600 utique
731 2524 864 2582 iactator.
895 2521 934 2581 Et
955 2521 1127 2601 plerumque
1147 2521 1221 2581 illud

218 2622 335 2683 quoque
350 2623 408 2665 non
422 2608 484 2666 sine
500 2607 596 2684 aliqua
610 2608 723 2666 ratione
738 2606 819 2666 iecit.
841 2604 900 2665 Αιιι
916 2607 990 2665 enirn
1004 2605 1138 2665 tuebatur
1154 2621 1220 2680 eos,

218 2688 320 2768 quibus
338 2699 400 2750 erat
416 2685 593 2752 adiutoribus
608 2707 678 2750 usus
693 2691 721 2749 in
737 2689 926 2768 opprimenda
943 2690 1152 2764 coniuratione,
1172 2696 1221 2747 aut

216 2772 413 2851 respondebat
428 2774 567 2844 invidiae:
586 2777 632 2835 cui
649 2783 817 2835 tamennon
832 2773 884 2834 luit
894 2791 947 2852 par
958 2781 1093 2833 servatae
1106 2772 1220 2851 patriae

216 2873 340 2936 poenam
353 2875 456 2936 passus
472 2857 600 2927 exilium
616 2858 788 2934 utiliorum,
805 2875 880 2936 quae
897 2867 999 2935 egerat
1011 2858 1039 2916 in
1055 2855 1218 2931 consulatu,

216 2941 354 3020 frequens
367 2944 601 3003 commemoratio
616 2943 710 3021 possit
720 2942 812 3002 videri
826 2959 884 3002 non
898 2941 1012 3019 gloriae
1026 2941 1118 3018 magis
1135 2956 1219 3018 quam

175 3025 379 3088 19delensioni
396 3027 471 3089 data.
506 3025 709 3105 Eloquentiam
727 3027 859 3104 quidem,
882 3043 945 3086 cunr
963 3025 1158 3103 plenissimam
1176 3023 1218 3084 di-

216 3128 321 3171 versae
338 3111 428 3190 partis
446 3111 594 3172 advocatis
613 3110 805 3186 concederet,
828 3109 883 3170 sibi
900 3127 1043 3188 nunquam
1058 3109 1087 3169 in
1102 3107 1218 3184 agendo

216 3194 369 3255 immodice
385 3196 541 3273 arrogavit.
571 3194 651 3255 Illius
667 3203 733 3254 sunt
749 3196 839 3255 enim:
855 3193 891 3256 st
906 3195 982 3272 quid
999 3202 1044 3256 est
1057 3192 1172 3271 inpendi
1187 3193 1219 3252 in

216 3296 273 3354 me,
295 3280 376 3357 quod
389 3281 486 3342 centio
502 3294 595 3357 quom
609 3281 649 3341 stt
665 3281 818 3358 cuiquam,
837 3288 876 3355 et,
897 3276 964 3352 Quo
979 3278 1103 3357 impertio
1119 3278 1220 3337 manns

176 3371 351 3438 toposoatm,
370 3365 541 3426 subsidium
555 3363 627 3424 matt
641 3364 799 3442 dilipcotiu
814 3363 1001 3442 comparavi.
1040 3361 1116 3435 Quin
1131 3361 1218 3418 etiam

217 3453 317 3506 contra
333 3445 369 3521 Q.
389 3444 547 3509 Caecilium
565 3447 602 3508 de
623 3456 794 3509 accusatore
811 3448 840 3506 in
861 3446 986 3506 Verrem
1004 3443 1215 3506 constituendo.
