2566 4026
334 184 795 254 msu.oennos.n1n.v111,s
1029 173 1070 238 73

148 343 207 403 Sed
235 343 336 402 borum
359 343 474 420 quidem
498 361 637 420 generum
658 351 687 401 et
709 340 804 402 bonae
827 343 883 403 dici
900 352 1023 421 possunt
1040 352 1069 405 et

62 426 167 489 malae.
200 426 271 486 Illae
289 444 405 504 semper
420 429 543 487 vitiosae
566 445 582 486 a
603 425 734 486 verbo:
756 425 867 487 Patres
882 429 1112 506 conscriptum

61 513 109 574 sic
132 513 211 572 eeim
233 513 442 589 incipiendum
466 520 510 571 est
540 511 628 585 mibi,
660 519 693 570 et
718 512 914 572 memineritis
933 521 1066 588 petrem.

62 595 149 656 Peius
170 592 278 670 adhuc,
305 611 362 672 quo
385 596 476 671 magis
491 594 595 653 falsum
616 602 661 652 est
677 602 706 652 et
721 593 836 670 longius
851 596 981 673 petitum,
999 612 1067 654 con-

61 688 106 739 tra
123 677 244 737 eandem
259 694 392 737 sororem
407 678 592 754 gladiatoris,
610 678 690 737 cuius
701 678 787 738 modo
803 678 861 737 leci
876 679 1066 738 mentionem:

61 759 114 823 Ad
128 763 255 839 dipiiem
266 764 414 840 pepeeci.
446 760 500 822 llst
516 764 601 821 etiam
616 763 734 837 generis
750 761 897 838 eiusdem,
913 764 1014 822 nescio
1033 772 1108 826 antl

61 847 290 920 vitiosissimum,
308 847 442 922 quotiens
453 845 609 905 verborum
627 845 795 922 ambiguitas
808 864 979 905 cumrerum
993 846 1067 906 falsa

62 929 188 1008 quadam
204 927 388 988 similitudine
403 931 537 1006 iungitur.
578 927 693 988 Clarum
715 938 863 989 auctorem
883 930 995 989 iuvenis
1018 948 1066 990 au·

61 1014 120 1074 divi
129 1057 137 1087 ,
162 1029 226 1072 cum
245 1012 323 1072 lecta
336 1014 364 1070 in
380 1015 475 1091 capite
491 1012 638 1072 cuiusdam
655 1030 723 1072 ossa
739 1015 900 1074 sententiae
915 1015 1008 1090 gratia
1024 1023 1066 1073 te-

60 1096 156 1156 nenda
171 1098 254 1156 matri
270 1095 415 1157 dedisset:
437 1095 654 1175 Infelicissime
675 1098 808 1174 semine,
829 1098 963 1158 eoadem
981 1105 1068 1158 eete-

60 1182 124 1242 listi
148 1181 244 1259 filiurn
273 1190 302 1240 et
324 1181 387 1241 iem
406 1199 479 1242 osse
500 1182 607 1258 lepisti.
641 1179 687 1239 Ad
708 1179 766 1239 hoc
786 1181 920 1259 plerique
945 1181 1065 1239 minimis
1075 1191 1109 1243 22

60 1266 149 1325 etiam
169 1263 391 1323 inventiunculis
412 1263 556 1340 gaudent,
578 1281 654 1342 quae
676 1281 820 1324 excussae
845 1265 932 1323 risum
948 1263 1064 1339 hebent,

60 1351 196 1408 iuventae
213 1347 290 1407 lucie
306 1348 414 1424 ingenii
429 1347 619 1407 blandiuntur.
657 1345 703 1406 De
719 1364 771 1423 eo,
796 1349 844 1426 qui
864 1347 1020 1425 naufragus
1037 1357 1066 1406 et

60 1441 128 1495 aute
147 1449 283 1508 agrorum
299 1431 452 1491 sterilitate
467 1440 590 1491 vexatus
601 1433 630 1490 ln
642 1429 753 1491 scholis
766 1432 883 1509 lingitur
894 1450 927 1490 se
944 1449 1065 1510 suspen-

60 1515 158 1575 disse:
184 1514 280 1588 (leem
302 1535 360 1577 eec
384 1523 471 1577 terre
493 1517 603 1593 recipit
618 1534 676 1576 eec
690 1534 791 1592 mere,
806 1518 952 1593 pendeat.
993 1514 1109 1579 lluict3

60 1598 157 1659 simile
172 1601 200 1658 in
215 1599 282 1675 illo,
308 1599 344 1659 de
369 1616 426 1677 quo
448 1617 536 1678 supra
554 1599 629 1676 dixi,
653 1599 698 1659 oui
714 1607 799 1678 pater
815 1617 867 1660 sua
882 1597 1009 1658 membra
1024 1599 1064 1659 la·

61 1685 172 1744 cenanti
193 1701 335 1742 venenum
357 1683 449 1744 dedit:
477 1680 538 1756 oet
555 1685 634 1746 beec
655 1684 733 1759 edit,
758 1683 848 1744 debet
871 1683 928 1744 boc
952 1684 1065 1744 bibere.

58 1765 97 1826 Et
113 1767 141 1826 in
155 1766 345 1843 luxuriosum,
363 1767 411 1845 qui
424 1759 656 1847 ἆποκαρτέρησιν
671 1766 823 1827 simulasse
835 1767 953 1827 dicitur:
969 1764 1066 1829 Necte

58 1853 213 1928 loqueum,
225 1851 331 1926 liedes,
352 1853 436 1928 qeed
447 1853 594 1929 faecibus
608 1852 669 1912 teis
683 1852 859 1919 irasceriss
875 1869 960 1912 seme
973 1869 1064 1912 oece-

58 1953 146 2009 eem,
170 1936 259 1996 decet
273 1936 467 1996 leseriosere
482 1936 612 1997 bibendo
630 1936 717 1996 neeri.
755 1934 821 1996 Alia
841 1951 930 1994 vana:
952 1943 983 1994 ut
1001 1944 1107 2000 sua-24

61 2018 158 2078 dentis
180 2019 365 2097 purpuratis,
387 2027 418 2077 ut
438 2017 636 2079 Alexandrum
651 2016 809 2094 Babylonis
825 2017 959 2077 incendio
978 2036 1064 2097 sepe·
1132 2016 1136 2024 '

60 2101 150 2177 liant,
179 2099 394 2164 Alemeedrem
425 2104 560 2180 sepelio,·
591 2104 648 2163 boc
678 2103 839 2178 qeisqeere
867 2103 1019 2180 spectabit
1043 2120 1065 2163 a

58 2188 158 2248 tecto?
173 2185 262 2259 Quasi
277 2203 349 2245 vero
365 2185 393 2245 id
406 2187 442 2245 sit
458 2187 486 2243 in
501 2203 533 2244 re
548 2193 609 2244 tota
620 2184 856 2262 indignissimum.
881 2184 947 2245 Alia
962 2187 1063 2245 nimia:

58 2277 90 2330 ut
107 2269 144 2329 de
160 2269 309 2329 Germanis
326 2269 470 2329 dicentem
486 2267 627 2345 quendam
644 2268 754 2344 audivi,
778 2266 880 2346 Gepct
893 2271 997 2330 eescio
1012 2270 1065 2330 edi

56 2353 252 2431 impositum
274 2362 303 2413 et
326 2353 362 2413 de
385 2354 448 2411 viro
472 2352 556 2426 lorti,
578 2349 667 2411 Belle
681 2352 810 2413 trmdoee
823 2353 974 2430 propellit.
1006 2351 1105 2413 sedas

58 2437 123 2497 linis
141 2454 199 2496 non
215 2438 280 2512 erit,
297 2438 322 2496 si
337 2436 466 2514 singulas
485 2443 686 2512 corruptorum
701 2451 865 2512 persequar
881 2434 1000 2494 formas.

144 2519 217 2582 lllud
233 2522 346 2599 potius,
371 2520 448 2598 quod
476 2528 521 2579 est
540 2518 632 2594 magis
654 2518 860 2577 necessarium.
896 2517 978 2577 Duae
998 2525 1064 2576 sunt

57 2605 193 2664 diversae
212 2606 380 2683 opiniones,
405 2604 525 2664 aliorum
546 2602 704 2662 sententias
719 2600 799 2661 solas
816 2620 910 2680 paene
929 2609 1062 2680 spectan-

59 2690 138 2763 tium,
157 2689 278 2748 aliorum
294 2689 408 2748 omnino
424 2688 627 2753 damnantium
651 2703 772 2764 quorum
786 2685 853 2746 milri
868 2695 998 2746 neutrum
1013 2684 1062 2743 ad-

57 2771 173 2831 modum
187 2772 295 2850 placct.
336 2770 473 2831 Densitas
497 2788 595 2830 earum
619 2768 715 2829 obstat
734 2770 872 2839 invicem;
900 2778 931 2828 ut
949 2770 978 2828 in
993 2770 1106 2832 satis26

58 2855 191 2914 omnibus
206 2856 408 2933 lmctibusque
426 2854 561 2915 arborum
571 2853 651 2931 ,niihil
673 2853 708 2913 ad
723 2855 826 2914 iustam
840 2852 1062 2931 magnitudinem

58 2939 232 2999 adolescere
250 2948 364 3017 potest,
388 2939 466 3017 quod
483 2938 569 3014 loco,
588 2939 616 2997 in
632 2954 717 3015 quem
732 2947 861 3013 crescat,
879 2945 967 2998 caret.
999 2935 1062 2995 Nec

57 3024 181 3100 pictura,
205 3025 305 3101 inqua
323 3022 393 3083 nihil
413 3023 602 3083 circumlitum
618 3030 674 3097 est,
697 3024 811 3081 eminet.
848 3021 978 3098 Ideoque
995 3020 1061 3079 arti·

58 3107 131 3166 lices
154 3109 255 3181 etiam,
279 3126 343 3166 cum
364 3106 449 3185 plura
470 3107 499 3165 in
520 3123 604 3165 unam
619 3104 744 3166 tabulam
760 3122 851 3184 opera
866 3104 1060 3179 contulerunt,

59 3192 161 3268 spatiis
180 3191 373 3268 distinguunt,
395 3209 431 3249 ne
447 3189 566 3249 umbrae
581 3191 610 3248 in
625 3206 751 3268 corpora
767 3189 879 3249 cadant.
918 3188 1000 3248 Facit
1014 3192 1103 3249 resi?

58 3274 161 3334 eadem
183 3277 329 3334 concisam
355 3291 471 3352 quoque
493 3276 661 3333 orationem.
705 3273 842 3333 Subsistit
869 3274 943 3331 enim
969 3271 1061 3331 omnis

58 3360 213 3434 sententia,
235 3359 361 3435 ideoque
377 3366 445 3436 post
461 3376 523 3417 eam
539 3358 638 3435 utique
659 3357 736 3417 aliud
757 3365 803 3417 est
824 3358 942 3417 initium.
977 3354 1061 3416 Unde

58 3442 156 3502 soluta
172 3443 236 3502 lere
253 3443 345 3501 oratio
365 3451 394 3502 et
410 3459 426 3501 e
442 3441 563 3518 singulis
579 3457 637 3500 non
657 3439 793 3500 membris
817 3441 869 3501 sed
884 3441 982 3501 frustis
999 3437 1060 3501 col·
