2566 4026
238 188 300 250 206
555 201 592 248 u.
610 200 689 246 una.
707 199 929 258 omnururnru

237 365 337 436 partes
359 372 417 413 non
440 355 496 413 sint
514 355 712 432 perexiguae,
738 353 847 432 alioqui
869 371 969 412 rursus
991 354 1104 414 multae
1130 363 1219 414 erunt
1232 363 1254 414 ιι

239 458 302 501 eam
323 438 500 515 distinguent
521 447 608 516 atque
630 438 792 498 concident.
825 437 889 496 Nec
907 438 1006 515 utique
1030 447 1152 498 certum
1172 440 1253 519 impe

237 525 362 585 raverim
376 523 491 582 modum
505 522 560 582 sed
575 523 697 581 maxime
714 524 879 600 utquisque
892 521 1119 599 linieturloous,
1138 524 1171 582 ni
1185 525 1254 584 forto

196 619 294 674 tsstam
316 623 504 681 numerosus,
526 615 558 666 ut
575 608 640 684 ipse
662 622 780 684 quoque
804 606 892 666 dividi
915 605 1030 665 debeat.
1072 605 1176 667 Dandi
1198 615 1255 668 suut

239 694 312 753 certi
327 691 442 769 quidam
456 691 580 765 termini,
598 698 629 748 ut
647 698 813 749 contextum
828 689 994 764 verborum,
1012 691 1061 767 qui
1078 700 1129 751 est
1145 691 1255 752 difficil·
1281 691 1283 735 t

238 777 338 851 limus,
362 777 510 834 continuet
527 773 630 834 crebra
646 774 812 850 meditatio,
835 783 934 853 partes
950 773 1093 852 deinceps
1109 776 1200 853 ipsas
1215 793 1255 834 re·

239 861 345 939 petitus
363 860 436 919 ordo
453 858 617 936 coniungat.
652 856 717 916 Non
734 867 779 918 est
794 858 911 933 inutile,
936 860 987 934 iis,
1010 875 1088 935 quae
1105 858 1255 919 difficilius

237 943 387 1018 haereant,
403 943 514 1021 aliquas
531 959 681 1022 apponere
696 951 791 1018 notas,
807 960 925 1020 quarum
941 941 1109 1002 recordatio
1130 960 1255 1003 commo·

195 1037 307 1095 ueneat
322 1036 351 1087 et
364 1029 447 1105 quasi
457 1027 566 1086 excitet
577 1027 754 1102 memoriam,
772 1026 872 1104 (nemo
893 1028 978 1086 etiam
990 1026 1053 1086 lere
1071 1035 1132 1086 tam
1145 1028 1255 1104 infelix,

239 1121 286 1187 ut,
313 1111 390 1190 quod
415 1111 519 1187 cuique
543 1109 611 1170 loco
631 1111 744 1187 signum
766 1111 971 1185 destinaverit,
993 1111 1126 1187 nesciat,
1154 1121 1203 1189 ut,
1224 1113 1256 1170 sit

240 1196 409 1255 excitandus
426 1194 461 1255 ad
476 1194 550 1269 hoc,
572 1195 631 1272 q'uo
649 1195 685 1254 ad
702 1194 859 1254 remedium
883 1197 987 1272 utitur)
1003 1203 1034 1253 ut
1054 1195 1145 1273 ipsae
1171 1205 1255 1256 uotae

239 1280 313 1358 (ιιι
329 1280 404 1338 enim
421 1287 467 1338 est
490 1297 528 1338 ex
541 1278 591 1338 illa
610 1287 672 1338 arte
689 1296 747 1337 non
767 1279 884 1358 inutile)
907 1287 1032 1338 attentos
1054 1279 1092 1338 ad
1114 1297 1192 1356 eos,
1213 1278 1256 1358 qui

138 1379 144 1386 ·
239 1364 391 1437 excidunt,
408 1380 528 1422 sensus:
552 1379 687 1422 ancoram
702 1371 732 1421 ut
748 1381 835 1441 supra
852 1363 952 1441 posui,
969 1363 993 1420 si
1009 1362 1046 1421 de
1062 1381 1143 1423 nave
1160 1364 1256 1424 dicen·

196 1449 304 1517 eodum
326 1456 420 1515 esset;
445 1445 605 1525 spiculum,
628 1446 707 1506 side
728 1447 854 1525 proelio.
885 1445 1004 1505 lllultum
1021 1446 1098 1506 enim
1113 1448 1206 1525 signa
1219 1448 1256 1508 ia·

240 1535 326 1605 ciunt,
344 1540 373 1591 et
391 1549 429 1590 ex
444 1530 499 1591 alia
514 1532 652 1590 memoria
666 1532 746 1591 venit
763 1531 834 1591 alia:
850 1539 880 1590 ut
896 1548 960 1590 oum
975 1530 1137 1590 translatus
1155 1531 1256 1592 anulus

238 1616 288 1675 vel
304 1614 437 1692 alligatus
454 1624 635 1674 commoneat
656 1631 725 1690 nos,
749 1633 801 1674 cur
819 1615 848 1674 id
864 1614 1030 1674 iecerirnus.
1063 1613 1151 1674 llaec
1166 1618 1257 1693 magis

239 1699 332 1759 adhuc
347 1699 519 1774 astringunt,
540 1701 588 1776 qui
608 1700 775 1759 memoriam
795 1698 831 1758 ab
853 1699 951 1777 aliquo
976 1698 1060 1757 simili
1077 1701 1257 1760 transiemnt

239 1783 330 1857 adid,
347 1782 424 1859 quod
439 1782 642 1842 continendum
658 1792 718 1843 est:
734 1792 765 1842 ut
779 1783 806 1840 in
821 1781 993 1858 nominibus,
1010 1782 1036 1840 si
1050 1780 1165 1842 Fabius
1182 1785 1256 1843 forte

240 1867 276 1925 sit
293 1865 450 1941 tenendus,
471 1865 632 1925 referamus
649 1865 685 1925 ad
706 1866 786 1925 illum
802 1863 1024 1940 Cunctatorem,
1049 1867 1099 1944 qui
1115 1868 1255 1928 excidere

197 1963 298 2016 31non
313 1958 421 2027 potest,
440 1958 487 2009 aut
502 1949 538 2008 ad
554 1949 680 2027 aliquem
697 1952 828 2027 amicum,
846 1953 894 2030 qui
909 1952 984 2010 idem
1000 1959 1138 2009 vocetur.
1174 1950 1254 2025 Quod

241 2043 286 2096 ιιι
303 2033 416 2093 facilius
431 2034 460 2092 in
474 2032 563 2112 Apris
579 2042 608 2092 et
630 2035 659 2092 in
676 2033 759 2094 Ursis
781 2044 810 2094 et
826 2034 944 2095 Nasone
967 2043 1015 2095 aut
1033 2030 1161 2113 Crispo,
1184 2043 1215 2094 ut
1229 2033 1254 2094 id

239 2118 395 2177 memoriae
420 2116 572 2195 alligatur,
596 2117 672 2177 unde
693 2126 759 2178 suut
781 2121 904 2179 nomina.
943 2116 1033 2194 Origo
1061 2134 1187 2196 quoque
1206 2118 1253 2178 ali·

241 2202 354 2280 quando
371 2202 580 2261 declinatorum
594 2203 712 2262 tenendi
726 2204 817 2280 magis
834 2220 921 2262 causa
937 2212 992 2278 est,
1007 2211 1038 2261 ut
1052 2202 1082 2260 in
1094 2199 1252 2266 Cicerone.

238 2285 361 2360 Verrio,
377 2284 509 2345 Aurelio.
542 2285 601 2346 Sed
619 2286 693 2346 haec
707 2288 814 2346 miseri.

198 2384 232 2437 32
323 2368 397 2429 lllud
413 2371 556 2430 nemiuem
566 2386 624 2429 non
639 2370 759 2445 iuvabit,
775 2371 878 2430 iisdem
892 2368 995 2447 quihus
1008 2369 1167 2447 scripserit
1181 2368 1252 2428 ceris

241 2455 386 2514 ediscere.
419 2454 555 2532 Sequitur
579 2456 654 2513 euim
674 2455 806 2530 vestigiis
827 2453 996 2531 quibusdam
1016 2455 1206 2529 memoriam,
1226 2458 1253 2510 ιι

240 2537 321 2598 velut
347 2536 440 2598 oculis
465 2540 589 2597 intuetur
612 2554 670 2597 non
695 2539 816 2616 paginas
837 2538 930 2599 >modo
955 2536 1008 2596 sed
1028 2555 1135 2597 versus
1161 2552 1252 2615 prope

240 2623 337 2700 ipsos;
360 2639 435 2699 quae
456 2629 515 2680 tum
536 2621 605 2681 dicit
625 2621 726 2680 similis
744 2621 864 2698 legenti.
896 2621 956 2681 lam
972 2637 1045 2680 vero
1062 2622 1087 2679 si
1103 2620 1193 2680 litura
1208 2625 1251 2679 aut

241 2705 366 2765 adiectis
383 2704 479 2782 aliqua
494 2713 581 2783 atque
596 2707 714 2765 mutatio
726 2706 908 2780 interveniat,
925 2707 1008 2781 signa
1020 2712 1087 2763 sunt
1099 2704 1250 2783 quaedam,

199 2801 316 2868 eaquae
337 2789 479 2848 intuentes
501 2789 638 2850 deerrare
662 2806 719 2848 non
742 2806 906 2868 possumus.
940 2788 1022 2848 Haec
1046 2789 1138 2863 ratio,
1162 2795 1194 2847 ut
1211 2791 1251 2845 est

240 2873 300 2947 illi,
323 2872 359 2932 de
376 2890 431 2951 qua
447 2873 567 2950 primum
582 2873 695 2933 locutus
712 2891 789 2950 sum,
815 2875 868 2934 arti
886 2890 943 2932 non
961 2871 1127 2946 dissimilis,
1151 2871 1209 2945 ita,
1229 2867 1251 2926 ιι

241 2956 310 3036 quid
324 2974 370 3015 me
390 2958 590 3036 experimenta
605 2956 781 3033 docuerunt,
804 2965 835 3017 et
855 2957 1020 3035 expeditior
1041 2964 1071 3015 et
1093 2955 1250 3035 potentior.

240 3039 383 3101 Ediscere
398 3042 485 3100 tacite
500 3041 580 3119 (nam
595 3041 624 3101 id
639 3058 755 3120 quoque
771 3051 818 3101 est
832 3041 1008 3120 quaesitum)
1025 3048 1090 3099 erat
1105 3039 1251 3117 optimum,

242 3126 339 3184 sinon
361 3124 489 3184 subirent
511 3124 592 3184 velut
613 3126 736 3185 otiosum
751 3125 872 3184 animum
890 3124 1061 3202 plemmque
1078 3122 1155 3183 aliae
1176 3119 1252 3198 cogi·

242 3209 380 3277 tationem
404 3217 527 3286 propter
544 3226 616 3287 quas
632 3208 802 3269 excitandus
819 3217 865 3269 est
882 3225 974 3283 voce,
997 3216 1028 3267 ut
1050 3206 1162 3285 duplici
1177 3212 1251 3266 motu

242 3291 356 3352 iuvetur
370 3293 508 3353 memoria
524 3292 638 3353 dicendi
656 3302 685 3352 et
706 3293 850 3353 audiendi.
884 3293 943 3354 Sed
966 3290 1041 3351 haec
1060 3307 1122 3350 vox
1143 3291 1183 3349 sit
1197 3304 1251 3349 mo·

199 3374 308 3436 aidica
330 3385 360 3435 et
379 3377 471 3452 magis
493 3395 627 3436 murmur.
666 3374 721 3448 Qui
741 3386 837 3437 autem
860 3377 978 3454 legente
1002 3375 1060 3436 alio
1083 3374 1206 3450 ediscit,
1227 3371 1253 3429 in

244 3466 327 3536 parte
342 3459 485 3537 tardatur,
508 3461 586 3540 quod
606 3461 702 3521 acrior
725 3470 770 3521 est
790 3461 942 3523 oculorum
962 3477 1047 3540 quam
1064 3459 1176 3519 aurium
1192 3474 1252 3518 sen·
