2566 4026
136 149 178 212 do
459 145 824 206 amnemamnem

162 303 207 355 AN
226 300 371 354 ORATORI
389 300 517 352 ooTuRo
536 299 743 351 Nocussnrun
761 300 812 351 SIT
830 301 975 354 PLURIUM
992 305 1121 358 aarum

561 381 724 437 GOGNITIO.

224 478 261 538 X.
297 478 377 539 Haec
393 480 429 539 de
448 478 657 555 Grammatice‚
679 496 763 557 pam
781 477 952 541 brevissime
971 483 1069 560 potui,
1090 501 1149 542 non

141 574 171 623 ut
191 564 284 623 omnia
303 563 432 622 dicerem
450 572 596 639 sectatus,
616 562 694 641 quod
710 563 848 622 inlinitum
865 574 944 641 erat,
969 565 1022 626 sed
1041 576 1072 625 ut
1089 585 1147 627 ma·

139 649 216 709 xime
238 648 422 716 neccssaria;
446 665 520 707 nunc
538 647 574 706 de
597 648 739 706 ceteris
762 646 923 724 artibus,
946 649 1049 728 quibus
1067 652 1147 710 insti·

140 731 280 805 tuendos,
302 731 469 809 priusquam
484 731 594 790 rhetori
610 732 774 808 tradantur,
793 749 903 809 pueros
918 734 1064 809 existimo,
1082 735 1146 794 stri·

141 817 208 877 atim
236 814 422 892 subiungam,
452 823 482 873 ut
510 815 655 875 efficiatur
678 812 758 874 orbis
784 814 836 876 ille
864 817 1031 893 doctrinae,
1062 836 1146 895 quam

140 898 245 960 Graeci
268 897 412 977 ἔγκυκλον
427 898 565 958 παιδείαν
584 907 701 959 vocant.

114 1005 132 1057 2
226 981 300 1042 Nam
321 983 423 1042 iisdem
445 982 510 1043 lere
534 984 614 1042 annis
638 983 758 1042 aliarum
786 1000 903 1062 quoque
929 985 1147 1064 disciplinarum

143 1068 236 1128 studia
258 1067 448 1145 ingredienda
466 1076 547 1143 suut,
572 1085 665 1146 quae,
689 1068 755 1144 quia
779 1076 808 1126 et
832 1069 914 1146 ipsae
934 1077 1012 1129 artes
1033 1078 1098 1127 sunt
1117 1079 1146 1129 et

142 1170 208 1211 esse
231 1151 383 1230 perfectae
406 1152 469 1210 sine
492 1151 592 1211 orandi
616 1152 738 1211 scientia
760 1161 882 1229 possunt
903 1171 958 1212 nec
984 1171 1084 1211 rursus
1109 1153 1146 1214 ad

142 1234 325 1296 efficiendum
343 1245 489 1296 oratorem
507 1236 576 1295 satis
594 1235 692 1295 valent
712 1235 812 1295 solae:
839 1238 950 1296 ausint
971 1236 1039 1296 huic
1062 1232 1146 1315 oper'i

118 1320 345 1394 successariae,
373 1321 530 1398 quaeritur.
570 1318 643 1380 Nam
666 1319 749 1398 quid,
774 1321 920 1398 inquiunt,
944 1320 980 1380 ad
1004 1320 1145 1397 agendam

142 1421 258 1464 causam
275 1402 464 1463 dicendamve
482 1404 654 1462 sententiam
674 1405 817 1481 pertinet,
840 1407 935 1481 scire,
959 1405 1144 1482 quemadmo-

141 1487 207 1570 durn
230 1487 296 1546 data
319 1486 395 1546 linea
418 1488 552 1546 constitui
570 1488 713 1564 triangula
733 1489 833 1566 aequis
852 1489 992 1550 lateribus
1010 1485 1144 1567 possint?

140 1567 199 1630 Aut
221 1585 278 1647 quo
302 1570 403 1629 melius
426 1571 475 1630 vel
496 1570 634 1630 defendet
656 1589 738 1631 reum
757 1572 805 1631 vel
825 1583 911 1650 reget
934 1573 1072 1647 consilia,
1096 1573 1145 1650 qui

117 1655 270 1716 deitharae
293 1671 381 1713 sonos
402 1653 563 1714 nominihus
587 1663 616 1713 et
634 1656 734 1732 spatiis
754 1653 937 1716 distinxerit?
967 1655 1145 1715 Enumerent

141 1740 227 1799 etiam
249 1738 376 1797 fortasse
401 1739 506 1799 multos
535 1737 691 1816 quamlibet
713 1738 799 1798 utiles
817 1740 901 1816 foro,
925 1741 973 1818 qui
993 1758 1048 1799 nec
1070 1755 1142 1816 geo-

140 1832 252 1883 metren
275 1823 417 1882 audierint
438 1841 494 1882 nec
520 1823 648 1881 musicos
672 1823 727 1881 uisi
751 1821 806 1882 hac
829 1825 971 1883 communi
991 1823 1143 1901 voluptate

141 1908 249 1982 aurium
264 1905 436 1984 intelligant.
460 1907 570 1980 Quibus
586 1923 642 1982 ego
657 1907 778 1984 primurn
793 1907 850 1968 hoa
865 1908 1048 1986 respondeo,
1065 1907 1144 1985 quod

139 1989 177 2049 M.
200 1987 306 2050 Cicero
325 1991 435 2069 scripto
455 1992 490 2051 ad
504 1991 620 2050 Brutum
636 1988 711 2050 libro
727 1990 908 2069 frequentius
926 2000 1064 2066 testatur,
1086 2008 1144 2049 non

141 2092 205 2134 eum
229 2092 245 2134 a
266 2074 350 2134 nobis
373 2075 480 2135 institui
504 2083 667 2149 oratorem,
691 2075 739 2152 qui
758 2076 795 2134 sit
812 2084 859 2135 aut
876 2076 980 2150 luerit,
1004 2075 1056 2134 sed
1074 2075 1142 2133 ima·

139 2160 236 2235 ginem
254 2158 396 2235 quandam
412 2159 587 2237 concepisse
601 2176 655 2217 nos
674 2159 767 2218 animo
784 2160 909 2237 perfecti
926 2159 1002 2218 illius
1019 2167 1048 2217 et
1063 2157 1142 2216 nulla

117 2250 223 2320 aparte
246 2243 398 2302 cessantis.
429 2241 503 2303 Nam
526 2251 555 2302 ct
576 2244 736 2321 sapientem
753 2243 911 2304 formantes
935 2261 1014 2318 eum,
1038 2241 1085 2319 qui
1105 2241 1143 2299 sit

139 2325 251 2385 futurus
276 2335 489 2386 consummatus
512 2327 638 2405 undique
665 2337 709 2403 ct,
736 2336 767 2387 ut
789 2329 902 2403 dicunt,
926 2325 1057 2386 mortalis
1080 2325 1142 2403 qui-

140 2409 204 2469 dam
227 2409 315 2485 deus,
342 2428 399 2470 non
416 2411 502 2470 modo
527 2412 694 2488 cognitione
718 2411 890 2472 coelestium
912 2411 962 2471 vel
980 2409 1143 2470 mortalium

139 2502 239 2572 putant
263 2495 476 2571 instruendum,
498 2495 551 2555 sed
572 2514 626 2574 per
645 2496 787 2575 quaedam
807 2514 896 2574 parva
919 2512 1007 2570 sane,
1030 2494 1054 2551 si
1079 2494 1142 2570 ipsa

140 2578 253 2638 demum
278 2580 431 2657 aestimes,
459 2581 566 2640 ducunt
588 2581 664 2639 sicut
685 2579 843 2657 exquisitas
865 2578 978 2637 interim
1001 2574 1141 2649 ambigui·

139 2671 231 2729 tates;
258 2678 315 2721 uon
337 2664 403 2741 quia
424 2664 584 2725 ceratinae
605 2671 653 2721 aut
675 2663 883 2722 crocodilinae
898 2658 1018 2741 possint
1040 2657 1141 2716 facere

139 2747 317 2824 sapientem,
342 2747 394 2806 sed
417 2747 484 2824 quia
505 2744 585 2804 illum
608 2763 644 2804 ne
668 2745 697 2803 in
719 2744 840 2802 minImis
863 2741 979 2820 quidem
1004 2748 1140 2819 oporteat

113 2829 210 2889 fiialli.
238 2829 376 2889 Similiter
394 2839 555 2904 oratorem,
579 2829 628 2907 qui
646 2827 734 2888 debet
753 2846 820 2887 esse
839 2825 973 2904 sapiens,
993 2841 1051 2884 uon
1068 2841 1140 2901 geo-

138 2922 246 2972 metres
263 2914 353 2974 laciet
372 2923 420 2974 aut
440 2914 567 2973 musicus
586 2929 720 2991 quaeque
741 2911 785 2971 his
804 2911 861 2971 alia
879 2908 1065 2987 subiungam‚
1088 2908 1140 2967 sed

138 2996 194 3055 hae
212 3013 329 3075 quoque
347 3006 441 3074 artes,
459 3006 490 3057 ut
507 2997 544 3055 sit
563 3004 787 3070 consummatus,
805 2993 951 3054 iuvabunt.
983 2992 1045 3053 Nisi
1064 2992 1140 3052 forte

140 3079 285 3138 antidotos
315 3082 430 3159 quidem
460 3089 547 3159 atque
575 3079 646 3155 alia,
677 3097 752 3158 quae
781 3079 875 3139 oeulis
900 3088 948 3138 aut
971 3075 1140 3138 vulneribus

139 3162 306 3239 medentur,
329 3185 367 3225 ex
388 3165 484 3225 multis
508 3173 595 3242 atque
617 3165 730 3224 interim
754 3163 905 3223 contrariis
928 3179 1045 3241 quoque
1066 3161 1141 3219 inter

141 3265 173 3304 se
196 3245 347 3308 effectibus
372 3250 506 3328 componi
523 3248 671 3325 videmus,
698 3265 819 3326 quorum
842 3265 879 3306 ex
895 3247 1018 3306 diversis
1038 3245 1068 3304 lit
1085 3261 1141 3304 una

140 3330 189 3390 illa
212 3332 351 3408 mixtura,
376 3352 450 3413 quae
473 3332 543 3393 nulli
569 3348 669 3391 eorum
691 3332 792 3391 similis
811 3340 871 3407 est,
896 3329 999 3408 quihus
1016 3336 1140 3402 constat,

113 3413 193 3480 used
224 3417 358 3494 proprias
383 3419 462 3479 vires
492 3436 529 3477 ex
559 3415 689 3476 omuibus
716 3416 814 3484 sumit;
846 3424 876 3474 et
904 3423 980 3474 muta
1009 3411 1141 3473 animalia
