2566 4026
157 127 219 192 104
485 143 521 188 ιι.
534 141 612 188 rna.
630 141 852 201 onrnrmmm

19 365 21 370 .
112 307 268 374 dimotas,
284 295 462 377 Polyclitum
478 316 546 358 esce
564 295 718 357 dicebant.
751 295 837 370 Quod
859 295 975 376 quidem
988 313 1047 355 non
1062 298 1092 356 in
1109 297 1165 360 hoc

157 389 264 441 tantum
282 379 370 441 valet.
410 379 588 453 Quibusdam
609 381 702 457 enim,
726 379 791 439 dum
813 379 890 440 aliud
911 398 1003 457 agere
1023 381 1164 460 videmur,

157 464 234 525 aliud
252 465 409 534 efficimus;
433 466 508 525 sicut
526 464 573 524 hic
589 462 694 524 Cicero
714 464 919 542 consequitur,
938 483 991 540 ne,
1011 482 1076 524 cum
1090 483 1164 526 mor·

155 547 222 608 hum
241 550 375 627 insignis
393 557 480 626 atque
493 547 598 609 tabulis
609 547 726 607 obiiciat
737 546 835 623 Verri,
854 549 918 626 ipse
935 565 1054 629 quoque
1067 567 1165 610 earum

155 650 251 692 rerum
268 633 414 693 studiosus
431 651 497 692 esse
517 632 660 692 credatur.
689 630 726 691 Et
743 630 958 692 Demosthenes
974 633 1096 694 iurando
1113 652 1167 713 per

155 717 327 777 interiectos
344 718 373 777 in
388 715 556 777 Marathone
571 724 599 775 et
611 715 755 776 Salamine
766 716 795 776 id
807 717 877 794 agit,
891 725 922 776 ut
933 719 1045 776 minore
1059 718 1166 779 invidia

113 799 245 865 metatis
259 801 335 880 apud
347 799 547 861 Chaeroneam
559 808 701 878 acceptae
713 800 836 860 laboret.
854 799 974 860 Faciunt
983 800 1034 861 illa
1047 819 1166 882 quoque

155 884 306 945 ineundam
333 887 507 961 orationem,
532 885 628 964 aliqua
648 885 794 944 mentione
814 883 912 944 hahita
934 885 1052 944 differre
1071 895 1102 946 et
1116 887 1165 947 de·

155 985 266 1048 ponere
282 969 357 1048 aprrd
368 971 534 1029 memoriam
546 968 648 1027 iudicis
664 977 693 1028 et
704 985 877 1046 reposcere,
891 985 966 1062 quae
978 969 1164 1048 deposueris,

157 1062 186 1112 et
205 1071 345 1131 separare
362 1053 502 1132 quaedam
524 1052 672 1113 schemate
693 1051 808 1130 aliquo,
833 1052 912 1131 (non
937 1037 1012 1113 enim
1034 1063 1081 1113 est
1101 1056 1166 1153 ipsa

156 1154 259 1215 perse
273 1139 388 1197 iteratio
415 1137 554 1217 schema)
578 1145 607 1196 et
628 1138 768 1214 excipere
792 1136 889 1216 aliqua
910 1147 940 1197 et
962 1137 1032 1198 dare
1056 1140 1166 1198 actioni

155 1223 253 1281 varios
267 1220 349 1281 velut
363 1221 470 1281 vultus.
504 1220 616 1282 Gaudet
628 1221 702 1280 enim
715 1238 764 1281 res
778 1222 937 1291 varietate;
955 1231 984 1282 et
996 1223 1072 1282 sicut
1087 1223 1166 1283 oculi

156 1304 334 1366 diversarum
350 1315 470 1385 aspectu
486 1322 583 1366 rernm
597 1305 690 1382 magis
706 1304 886 1365 detinentur:
911 1306 950 1366 ita
972 1324 1091 1385 semper
1106 1307 1165 1367 ani·

154 1390 207 1448 mis
222 1398 362 1468 praestat,
377 1392 405 1449 in
423 1390 501 1469 quod
516 1408 549 1449 se
566 1388 647 1448 velut
661 1405 767 1448 novum
782 1388 938 1449 intendant.

112 1483 148 1538 64
240 1473 293 1535 Est
307 1474 492 1553 emphasis
508 1476 593 1534 etiam
609 1472 683 1532 inter
697 1472 820 1550 figuras,
839 1491 902 1533 cum
918 1491 956 1533 ex
972 1473 1069 1553 aliquo
1086 1473 1164 1535 dicto

155 1557 249 1617 latens
265 1558 372 1636 aliquid
389 1559 513 1618 eruitur:
538 1566 568 1617 ut
585 1557 661 1635 apud
677 1555 839 1633 Vergilium

239 1639 308 1702 Non
321 1642 408 1703 licuit
422 1642 549 1703 thalami
564 1648 720 1719 expertem
740 1642 806 1701 sine
826 1642 953 1702 crimine
972 1643 1068 1704 uitam

238 1723 360 1803 Depere
376 1743 460 1787 more
472 1727 583 1805 feroc?
602 1759 637 1767 -

156 1808 323 1885 Quanquam
346 1811 420 1868 enim
441 1809 478 1868 de
498 1808 677 1870 matrimonio
701 1809 849 1885 quaeritur
870 1806 962 1868 Dido:
988 1818 1084 1869 tamen
1107 1810 1165 1871 huc

156 1893 278 1970 erumpit
294 1893 356 1951 eius
372 1892 504 1967 affectus,
518 1901 548 1951 ut
562 1893 625 1951 sine
640 1890 772 1952 thalamis
784 1893 871 1951 vitam
885 1909 943 1951 non
954 1892 1100 1953 hominum
1111 1913 1165 1973 pu-

156 1985 198 2036 tet
222 1974 275 2035 sed
302 1976 437 2036 ferarum.
483 1975 571 2036 Aliud
592 1975 668 2054 apud
690 1975 822 2035 Ovidium
843 1993 953 2053 genus,
980 1977 1055 2055 apud
1078 1996 1165 2056 quem

156 2060 279 2136 Zmyrna
293 2061 396 2120 nutrici
412 2077 539 2120 amorem
554 2061 644 2139 patris
661 2061 704 2120 sic
721 2060 895 2120 confitetur:

328 2178 366 2190 -
386 2142 422 2220 Ο,
439 2145 533 2220 dicit,
548 2145 670 2225 felicem
688 2145 815 2223 conioye
830 2145 977 2206 matrem!

112 2234 147 2288 65
238 2228 311 2289 lluic
326 2229 376 2288 rel
394 2229 514 2288 confinis
529 2229 578 2288 vel
597 2229 699 2289 eadem
715 2237 776 2303 est,
794 2245 850 2306 qua
865 2245 940 2289 nuuc
952 2228 1058 2288 utlmur
1073 2228 1164 2306 pluri·

154 2330 238 2372 mum.
276 2311 336 2373 larn
360 2314 433 2373 enirn
456 2312 535 2374 adid
550 2331 657 2391 genus,
682 2312 759 2390 quod
778 2320 807 2371 et
832 2311 1098 2390 frequentissimum
1117 2322 1164 2373 est

156 2406 186 2458 et
201 2399 353 2496 expectari
374 2399 497 2458 maxime
514 2397 614 2473 credo,
630 2397 803 2456 veniendum
818 2405 873 2472 est,
889 2398 917 2455 in
932 2412 990 2495 quo
1006 2414 1061 2474 per
1073 2414 1165 2474 quan·

156 2480 220 2541 darn
246 2483 510 2560 suspicionem,
544 2480 645 2560 quod
646 2497 704 2540 non
726 2478 861 2556 dicimus,
892 2481 987 2557 accipi
1016 2479 1163 2556 volumus,

155 2581 212 2623 non
227 2568 326 2643 utique
353 2568 543 2640 contrarium,
565 2574 596 2624 ut
616 2566 645 2623 in
662 2564 808 2648 εἰρωνείᾳ,
830 2562 883 2622 sed
907 2563 983 2623 aliud
1009 2563 1106 2623 latens
1135 2573 1165 2623 et

155 2649 278 2709 auditori
302 2652 383 2727 quasi
406 2649 615 2710 inveniendum
655 2647 758 2724 Quod
780 2656 922 2726 utsupra
948 2646 1080 2724 ostendi,
1108 2649 1164 2708 iam

155 2732 218 2792 iere
236 2732 329 2792 solum
347 2733 490 2794 schema
506 2750 523 2793 a
537 2734 644 2792 nostris
659 2740 792 2808 vocatur,
809 2741 838 2791 et
848 2732 925 2792 unde
941 2733 1164 2792 controversiae

113 2817 342 2894 diliguratoe
366 2819 506 2878 dicuntur.
544 2816 615 2877 Eius
631 2815 739 2894 triplex
755 2834 824 2874 usus
840 2825 899 2875 est:
923 2834 996 2875 unus
1022 2835 1047 2875 ει
1039 2815 1164 2876 dicere

156 2900 251 2979 palam
267 2919 366 2980 parum
387 2910 476 2962 tutum
498 2910 559 2975 est,
584 2900 658 2960 alter
676 2901 700 2958 si
717 2916 775 2958 non
791 2899 893 2975 decet,
910 2901 1030 2976 tertius,
1049 2903 1097 2978 qui
1111 2918 1164 2960 ve-

155 2987 277 3044 nustatis
298 2985 384 3045 modo
400 2987 493 3063 gratia
515 2984 667 3045 adhibetur
687 2985 800 3062 etipsa
820 2983 948 3043 novitate
970 3001 1004 3043 ac
1019 2985 1164 3044 varietate

156 3071 259 3146 magis,
276 3070 401 3149 quamsi
417 3069 520 3129 relatio
535 3070 677 3145 sitrecte,
694 3067 832 3128 delectat.

114 3158 148 3214 ot
240 3151 286 3213 Ex
303 3153 358 3230 his,
375 3153 453 3232 quod
468 3163 513 3213 est
528 3155 659 3232 primurn,
680 3153 818 3230 frequens
834 3153 862 3210 in
875 3151 985 3211 scholis
1002 3159 1057 3210 est.
1090 3149 1162 3212 Nam

158 3244 187 3295 et
203 3240 355 3316 pactiones
372 3238 577 3317 deponentium
593 3237 743 3314 imperium
768 3244 954 3311 tyrannorum
969 3244 999 3295 et
1017 3243 1086 3314 post
1101 3233 1164 3293 hel·

157 3319 214 3379 lum
237 3320 324 3381 civile
345 3331 462 3381 senatus
493 3320 625 3381 consulta
657 3320 802 3397 linguntur
823 3327 853 3378 et
881 3319 1006 3398 capitale
1033 3318 1165 3378 obiicere

156 3411 305 3473 anteacta;
321 3413 362 3481 ut,
381 3404 459 3483 quod
474 3407 503 3464 in
518 3405 583 3464 foro
599 3420 657 3463 non
673 3403 803 3482 expedit,
826 3403 888 3463 illic
902 3421 958 3463 nec
972 3403 1071 3463 liceat.
1104 3400 1165 3462 Sed
