2566 4026
341 175 430 223 rusa.
453 174 602 224 causon.
625 175 694 223 urs.
712 177 762 241 rx,
778 171 804 225 4.
1004 165 1061 228 131

62 331 106 390 ier
128 330 185 389 hcc
208 330 349 390 ultimum:
372 330 462 388 minus
478 329 597 389 valebit.
642 328 714 388 Nam
733 330 819 389 totius
837 330 938 390 ductus
954 331 1001 391 hic
1023 343 1068 393 est

62 415 144 493 quasi
164 431 283 488 mucro,
306 422 336 471 ut
357 431 411 490 per
432 432 465 472 se
494 413 581 474 laeda
596 414 731 473 vomendi
746 415 908 473 necessitas
928 416 984 474 iam
999 417 1068 476 nihil

61 498 134 556 ultra
157 496 378 575 expectantibus
400 498 474 557 hanc
495 515 612 575 quoque
632 498 772 557 adiiceret
787 497 1014 574 deformitatem,
1038 510 1069 559 ut

61 581 142 640 cibus
165 582 259 641 teucri
282 597 340 640 non
365 590 468 658 posset
492 581 642 659 postridie.
688 579 810 640 Solebat
833 581 908 640 ulier
925 580 1109 652 Domitiusal

60 666 196 724 traiicere
213 665 240 723 in
258 665 396 724 clausulis
417 663 508 724 verba
524 673 631 724 tantum
647 664 828 742 asperandae
850 666 1067 743 compositionis

60 749 153 825 gratia
169 757 198 807 et
222 749 345 807 maxime
367 750 395 807 in
417 748 591 826 prooemiis:
617 758 646 808 ut
671 766 724 826 pro
747 747 912 824 Domitilla,
944 749 1069 811 Grotius

60 851 151 910 cpont
169 834 329 900 contineam
359 841 388 891 ει
403 850 457 910 pro
477 831 589 907 Laelia,
607 829 663 892 Eis
682 835 819 910 atrisque
835 834 922 910 opud
942 843 970 895 te
988 835 1068 895 iodi-

61 935 126 976 cem
144 918 340 992 periclitatur
360 914 477 978 Laelio.
522 915 607 984 Adeo
623 915 732 993 refugit
753 925 882 976 teneram
900 916 1067 977 delicatam·

61 1017 117 1078 que
138 998 304 1060 modulandi
323 999 520 1077 voluptatem,
544 1008 574 1059 ut
601 999 781 1059 currentibus
801 1018 855 1078 per
876 1018 909 1064 se
930 1003 1067 1075 numeris,

61 1083 139 1161 quod
161 1100 213 1142 ecs
233 1082 400 1158 inhiberet,
426 1083 578 1157 obiiceret.
622 1081 837 1162 Amphiboliam
860 1100 978 1163 quoque
1005 1084 1109 1144 herisi

59 1167 164 1226 vitiosa
181 1167 328 1227 locatione
345 1167 516 1241 verborum,
533 1183 618 1226 uerno
634 1174 694 1242 est,
714 1168 763 1246 qui
778 1168 899 1228 nesciat.
926 1167 1007 1227 Haec
1022 1186 1066 1228 ar·

59 1249 167 1319 bitror,
186 1260 216 1310 ut
231 1253 260 1309 iu
273 1250 374 1327 brevi,
398 1251 434 1310 de
451 1252 552 1311 ordine
572 1250 663 1310 luisse
681 1250 817 1321 diceuda;
838 1252 886 1330 qui
903 1252 928 1310 si
944 1252 1065 1311 vitiosus

60 1344 120 1394 est:
144 1335 214 1394 licet
230 1343 259 1394 et
273 1335 369 1394 vincta
391 1335 428 1394 sit
446 1343 476 1394 et
496 1343 563 1413 apte
585 1335 691 1395 cadens
714 1337 823 1413 oratio,
848 1344 944 1395 tamen
963 1336 1065 1394 merito

58 1418 252 1496 incomposita
273 1417 392 1477 dicatur.

144 1501 320 1562 lunotura
342 1497 483 1580 sequitur.
527 1500 580 1561 Est
601 1504 630 1563 iu
646 1501 760 1577 verbis,
781 1503 899 1579 incisis,
918 1503 1064 1579 membris,

59 1583 209 1664 periodis;
233 1587 327 1645 omnia
342 1603 465 1664 namque
480 1587 535 1645 ista
557 1594 587 1646 et
601 1587 722 1646 virtutes
739 1595 769 1646 et
782 1588 851 1646 vitia
868 1587 896 1645 iu
912 1577 1066 1664 complexu

59 1669 177 1730 habeut.
218 1668 332 1747 Atque,
358 1678 389 1728 ut
411 1669 541 1729 ordinem
559 1687 681 1750 sequar,
700 1671 821 1748 primum
838 1678 904 1730 sunt
925 1688 1000 1750 quae
1016 1673 1109 1729 ιιι-33

59 1754 161 1832 peritis
181 1770 297 1831 quoque
313 1752 348 1813 ad
368 1754 626 1831 reprehensionem
641 1753 779 1814 notabilia
796 1753 944 1830 videntur,
963 1755 992 1814 id
1010 1763 1065 1830 est,

60 1854 151 1914 quae,
171 1838 331 1896 commissis
349 1838 424 1897 inter
438 1856 471 1897 se
486 1837 584 1898 verbis
601 1836 727 1914 duobus,
746 1857 783 1897 ex
798 1838 896 1899 ultima
910 1839 1016 1917 prioris
1032 1856 1067 1898 ac

59 1921 149 1998 prima
174 1921 323 1998 sequentis
345 1920 459 1996 syllaba
487 1922 617 1982 deforme
649 1920 767 1998 aliquod
791 1939 895 1982 nomen
927 1921 1065 1982 efficiunt.

59 2002 131 2064 'l'um
148 2004 293 2064 vocalium
309 2019 484 2074 concursus;
507 2007 634 2083 quicum
651 2007 771 2081 accidit,
790 2006 849 2066 hiat
870 2015 900 2066 ει
916 2005 1067 2065 intersistit

60 2097 89 2147 et
106 2090 188 2166 quasi
204 2088 320 2148 laborat
333 2089 436 2148 oratio.
477 2089 606 2148 Pessime
622 2088 746 2165 longae,
764 2107 838 2167 quae
857 2090 976 2150 easdem
991 2089 1067 2148 inter

58 2189 92 2230 se
115 2171 227 2232 litteras
252 2173 448 2247 committunt,
481 2171 632 2232 sonabunt.
687 2172 864 2249 Praecipuus
887 2182 982 2233 tamen
1011 2173 1066 2231 erit
1158 2217 1160 2221 .

58 2254 152 2315 hiatus
175 2274 289 2331 earum,
314 2273 389 2334 quae
413 2271 485 2315 cavo
502 2263 550 2314 aut
566 2253 664 2332 patulo
680 2255 802 2314 maxime
825 2271 877 2315 ore
896 2257 1063 2315 efferuntur.

58 2336 83 2398 E
101 2338 217 2417 planior
232 2339 329 2399 littera
347 2347 410 2415 est,
433 2337 446 2396 l
467 2339 618 2414 angustior
632 2346 693 2414 est,
715 2337 842 2417 ideoque
863 2338 1015 2398 obscurius
1037 2339 1107 2401 iu34

57 2420 102 2481 his
122 2423 231 2482 vitium.
277 2421 370 2482 Minus
386 2421 537 2500 peccabit,
562 2422 611 2500 qui
627 2421 723 2498 longis
738 2421 844 2481 breves
860 2422 1012 2496 subiiciet,
1037 2429 1066 2478 et

58 2504 166 2583 adhuc,
184 2509 233 2586 qui
248 2515 411 2585 praeponet
428 2505 534 2583 longae
548 2504 676 2564 brevem.
714 2504 827 2565 illinima
845 2515 890 2566 cst
911 2507 940 2565 in
955 2503 1065 2565 duabus

57 2588 194 2649 brevibus
212 2591 345 2649 offensio.
386 2589 484 2668 Atque
500 2606 564 2649 cum
578 2588 653 2648 aliae
668 2589 877 2667 subiunguntur
891 2589 973 2664 aliis,
997 2604 1065 2667 pro·

56 2673 124 2732 inde
152 2674 319 2751 asperiores
339 2682 437 2748 erunt,
465 2681 551 2750 prout
577 2674 636 2731 oris
658 2672 755 2733 habitu
778 2673 863 2733 simili
879 2682 928 2734 aut
948 2673 1064 2733 diverso

57 2757 324 2835 pronuntiabuntur.
370 2756 436 2816 Non
458 2765 554 2815 tamen
577 2755 620 2832 id,
648 2765 679 2815 ut
699 2758 807 2817 crimen
830 2759 949 2834 ingens,
977 2759 1107 2833 expe-35

56 2841 234 2901 vescendum
260 2850 321 2915 est,
347 2858 382 2901 ac
404 2842 505 2900 nescio
522 2839 700 2916 negligentia
720 2842 750 2901 in
767 2841 824 2902 hoo
840 2859 876 2901 an
897 2838 1064 2904 sollicitudo

57 2924 95 2984 sit
110 2925 204 3001 peior.
249 2923 382 2985 Inhibeat
405 2924 481 2982 euim
495 2941 620 2983 necesse
640 2932 686 2982 est
700 2923 748 2985 hic
763 2934 855 2985 metus
871 2926 1007 3002 impetum
1024 2921 1064 2982 di·

57 3008 141 3068 cendi
172 3017 201 3068 et
224 3026 240 3068 a
261 3007 423 3086 potioribus
439 3014 560 3067 avertat.
606 3005 703 3080 Quare
725 3019 755 3069 ut
777 3008 974 3086 negligentiae
997 3024 1065 3086 pars

56 3089 115 3150 hcc
140 3093 214 3169 pati:
248 3093 287 3152 ita
315 3091 479 3151 humilitatis
503 3089 611 3170 ubique
632 3091 877 3169 perhorrescere,
904 3093 1066 3168 nimiosque

56 3190 114 3234 non
135 3176 276 3235 immerito
302 3176 329 3233 in
350 3175 406 3235 hac
432 3192 502 3236 cura
525 3182 626 3252 putant
647 3190 747 3236 omues
772 3175 924 3239 Isocraten
946 3184 1065 3236 secutos

57 3259 278 3338 praecipueque
291 3257 522 3337 Theopompum.
554 3255 593 3316 Αι
607 3256 821 3320 Demosthenes
841 3267 869 3318 et
886 3256 991 3320 Cicero
1008 3267 1108 3322 mo·36

56 3340 123 3402 dioc
138 3351 335 3421 respexerunt
349 3342 385 3403 ad
401 3342 476 3402 hauc
491 3350 613 3419 partem.
650 3341 722 3404 Nam
738 3353 767 3405 et
782 3353 922 3404 coeuntes
938 3344 1064 3419 litterae,

57 3441 133 3505 quae
149 3425 327 3500 συναλοιφαὶ
342 3426 488 3500 dicuntur,
510 3425 595 3484 etiam
614 3425 755 3489 leviorem
770 3427 877 3488 iaciunt
893 3429 1063 3503 orationem,

858 3509 900 3574 9*
