2566 4026
240 156 301 220 220
557 167 920 227 u.usa.ounvn1umn1

184 336 297 394 lionon
316 339 384 382 esso
404 321 542 389 iudicem:
568 321 617 381 ubi
637 321 726 382 iudex
740 323 793 397 sit,
815 321 865 382 illa
880 322 949 382 nihil
964 322 1075 382 valere.
1120 320 1185 382 lloc
1200 323 1240 381 in-

240 405 412 468 veniendum
433 414 494 481 est,
519 413 551 463 ut
570 404 700 466 adhiberi
714 407 808 484 possit
823 415 1035 483 argumentum:
1063 405 1134 466 Ideo
1151 407 1241 484 capti-

240 507 311 568 vos,
340 491 364 548 si
384 491 414 548 iu
433 489 554 567 patrium
573 506 654 548 suam
668 489 823 566 redierint,
847 489 957 549 liberos
974 486 1145 569 esse,'quia
1160 489 1242 549 bello

241 583 323 654 parta
344 573 456 633 nonnisi
476 572 578 632 eadem
594 574 623 632 vi
643 573 855 651 possideantur.
899 573 1049 652 Proprium
1067 582 1157 633 estet
1173 572 1243 632 illud

242 675 365 733 causae,
395 655 473 736 quod
495 655 713 734 Amphictiones
734 656 861 716 iudicant
882 657 1002 735 (utalia
1024 658 1100 736 apud
1116 666 1243 716 centum·

240 744 320 802 viros
341 741 398 802 alia
418 739 493 818 upud
509 741 651 818 privatum
666 740 790 801 iudicem
804 741 833 799 in
848 740 950 800 iisdem
966 741 1183 821 quaestionibus
1199 757 1243 800 ra·

181 827 317 905 116tio);
351 834 410 884 tum
437 823 566 884 secundo
593 824 703 902 modu,
733 840 790 883 uon
817 825 949 902 potuisse
969 825 1069 886 donari
1093 843 1109 884 a
1130 826 1244 884 victore

240 912 300 985 ius,
324 909 390 986 quia
406 908 434 969 id
449 907 562 968 demum
581 910 618 968 sit
634 909 712 983 eius,
736 907 814 986 quod
828 916 941 978 teneat;
963 910 1023 984 ius,
1051 907 1129 989 quod
1146 909 1183 966 sit
1202 910 1243 967 in·

242 992 414 1071 corporale,
442 991 621 1071 apprehendi
642 1009 725 1052 manu
747 1008 804 1051 non
825 997 925 1070 posse.
969 989 1033 1051 Hoc
1049 992 1182 1070 reperire
1199 998 1245 1050 est

241 1076 388 1137 difficilius
418 1092 519 1154 quam,
550 1093 614 1135 cum
640 1076 803 1151 inveneris,
834 1075 1010 1152 argumentis
1031 1076 1186 1151 adiuvare,
1214 1083 1245 1133 ut

145 1166 150 1175 '
241 1161 298 1220 alia
317 1161 354 1219 sit
376 1158 509 1219 condicio
526 1156 643 1221 heredis
663 1159 720 1219 alia
739 1160 876 1235 victoris,
906 1160 971 1236 quia
993 1159 1027 1219 ad
1050 1159 1129 1218 illum
1146 1159 1191 1217 ius
1209 1157 1245 1217 ad

183 1243 317 1308 ilibunc
338 1260 387 1303 res
407 1250 545 1303 trauseat.
596 1243 746 1321 Proprium
766 1241 870 1302 deinde
891 1245 1045 1318 materiae,
1068 1245 1112 1301 ius
1136 1241 1246 1320 publici

242 1327 344 1388 crediti
358 1327 482 1386 transire
499 1325 534 1386 ad
549 1328 691 1386 victorem
706 1342 763 1385 non
779 1326 927 1404 potuisse,
951 1325 1033 1404 quia,
1059 1325 1135 1403 quod
1151 1343 1245 1403 popu·

241 1412 285 1471 lus
304 1410 475 1487 crediderit,
494 1410 625 1470 omnibns
639 1409 795 1485 debeatur,
821 1418 867 1485 et,
888 1409 1020 1487 quamdiu
1037 1407 1158 1487 quilibet
1172 1426 1246 1467 unus

242 1493 432 1572 superfuerit,
457 1511 525 1553 esso
545 1512 611 1554 eum
625 1495 713 1553 totius
731 1510 857 1552 summae
875 1492 1063 1568 creditorem,
1090 1491 1246 1552 Thebanos

184 1586 337 1642 118uutem
352 1594 410 1636 non
426 1593 526 1636 omnes
541 1578 569 1636 in
585 1576 743 1637 Alexandri
758 1594 840 1636 manu
855 1575 955 1636 luisse.
979 1575 1049 1635 Hoc
1064 1592 1122 1635 non
1139 1577 1246 1635 extrin-

242 1679 329 1720 secus
351 1660 506 1738 probatur,
535 1677 609 1738 quae
632 1663 675 1720 vis
699 1670 745 1720 est
766 1662 941 1738 argumenti,
965 1659 1017 1720 sed
1032 1661 1126 1738 ipsum
1142 1677 1197 1738 per
1213 1678 1246 1718 se

241 1744 329 1804 valet.
375 1743 465 1804 Tertii
486 1744 545 1804 loci
566 1762 635 1822 pars
654 1745 735 1823 prior
749 1745 839 1822 magis
854 1743 1000 1821 vulgaris,
1024 1760 1082 1803 non
1097 1745 1125 1803 in
1139 1743 1247 1803 tabulis

243 1846 310 1888 esse
331 1829 391 1897 ius;
425 1829 524 1906 itaque
544 1828 639 1887 multis
666 1829 839 1905 argumentis
863 1827 982 1888 delendi
1005 1836 1113 1906 potest.
1163 1826 1247 1886 Mens

243 1928 360 1990 quoque
378 1911 538 1972 Alexandri
559 1912 625 1971 duci
646 1911 735 1972 debet
756 1913 784 1970 in
806 1910 935 1987 dubium,
961 1911 1111 1971 honorarit
1135 1927 1188 1970 eos
1211 1928 1248 1970 an

243 1996 404 2074 deceperit.
453 1994 529 2055 lllnd
555 1996 611 2054 iam
638 2013 738 2055 rursus
766 1997 914 2074 proprium
942 1997 1081 2056 materiae
1111 2004 1140 2054 et
1164 1993 1248 2054 velut

241 2095 335 2139 novae
351 2080 588 2155 controversiae,
607 2079 673 2158 quia
689 2079 870 2139 restitutione
886 2079 1040 2157 recepisse
1055 2080 1115 2153 ius,
1134 2077 1247 2137 etiamsi

242 2163 321 2241 quod
342 2163 506 2242 amiserint,
527 2161 657 2223 'l’hebani
672 2162 813 2223 videntur.
858 2162 912 2223 llic
930 2172 974 2239 et,
997 2163 1064 2242 qnid
1082 2158 1247 2221 Cassander

240 2247 328 2322 velit,
358 2208 518 2324 quaeritur;
547 2246 674 2307 sedvel
700 2248 900 2326 potentissima
926 2246 1002 2325 apud
1026 2244 1247 2323 Amphictionas

243 2330 328 2409 aequi
344 2333 477 2390 tractatio
494 2339 549 2390 est.

187 2417 235 2472 119
325 2413 406 2474 Haec
426 2431 484 2474 non
502 2413 613 2474 idcirco
635 2415 719 2491 dieo,
741 2415 817 2493 quod
840 2413 970 2474 inutilem
986 2413 1088 2473 horum
1103 2413 1245 2487 locorum,

243 2514 280 2557 ex
298 2497 401 2576 quibus
423 2505 591 2576 argumenta
611 2497 766 2574 ducuntur,
790 2498 985 2575 cognitionem
1001 2506 1115 2576 putem,
1139 2495 1247 2573 alioqui

240 2599 296 2641 nec
311 2581 512 2650 tradidissem:
535 2580 589 2641 sed
607 2599 643 2641 ne
659 2599 709 2657 se,
733 2582 781 2659 qui
798 2582 989 2658 cognoverint
1006 2582 1078 2656 ista,
1102 2580 1126 2638 si
1147 2588 1248 2638 cetera

241 2665 409 2744 negligunt,
430 2666 581 2743 perfectos
598 2665 728 2742 protinus
744 2673 831 2742 atque
846 2672 1058 2724 consummatos
1073 2670 1189 2742 putent,
1208 2670 1247 2736 et,

240 2748 296 2807 nisi
318 2750 347 2807 iu
368 2749 491 2824 ceteris,
512 2764 586 2827 quae
608 2765 676 2811 mox
694 2749 900 2826 praecipienda
916 2756 997 2824 sunt,
1020 2746 1246 2820 elaboraverint,

184 2841 346 2896 itomutam
368 2831 509 2910 quendam
538 2832 688 2891 scientiam
715 2840 891 2891 consecutos
919 2831 1092 2909 intelligunt.
1142 2828 1247 2909 Neque

242 2916 317 2976 enim
338 2915 457 2975 Artibus
479 2915 563 2975 editis
583 2915 690 2975 iactum
711 2923 772 2991 est,
803 2925 835 2975 ut
856 2922 1024 3015 argumenta
1041 2914 1247 2987 inveniremus,

241 2998 294 3059 sed
321 2999 399 3060 dicta
424 3008 490 3059 sunt
515 3000 625 3074 omnia,
655 3007 807 3076 antequam
832 2999 1090 3078 praeciperentur,
1120 3013 1189 3056 mox
1213 3012 1247 3054 ea

241 3084 401 3161 scriptores
426 3083 580 3143 observata
605 3092 634 3142 et
660 3082 787 3142 collecta
804 3082 964 3143 ediderunt
1010 3079 1099 3141 Cuius
1120 3081 1163 3140 rei
1179 3096 1247 3158 pro-

241 3166 319 3226 batio
336 3175 398 3242 est,
423 3167 500 3246 quod
515 3166 658 3245 exemplis
674 3182 774 3225 eornm
789 3165 938 3226 veteribus
952 3174 1069 3226 utuntur
1085 3174 1114 3224 et
1129 3163 1164 3224 ab
1183 3181 1248 3223 ora·

241 3248 352 3308 toribus
376 3249 426 3310 illa
446 3258 597 3330 repetunt,
626 3250 682 3328 ipsi
705 3248 813 3309 nullum
835 3266 941 3309 novum
962 3258 1008 3326 et,
1035 3247 1112 3327 quod
1133 3265 1190 3308 non
1212 3247 1249 3306 sit

183 3341 231 3396 121
240 3331 361 3408 dictum,
389 3335 544 3394 inveniunt
589 3332 725 3393 Artifices
751 3350 823 3411 ergo
851 3333 910 3409 illi,
941 3334 990 3411 qui
1015 3332 1164 3398 dixerunt:
1195 3327 1249 3389 sed

240 3414 372 3476 habenda
388 3416 432 3476 bis
449 3434 565 3496 quoque
582 3418 675 3494 gratia
692 3424 752 3494 est,
775 3434 829 3496 per
847 3433 920 3495 quos
937 3415 1022 3477 labor
1037 3415 1121 3476 nobis
1138 3422 1183 3475 est
1198 3412 1248 3474 de-
