2566 4026
157 164 219 224 232
474 170 840 230 m.snn.ou1ur1nmuu

113 343 149 396 22
159 343 293 410 tympana
317 329 501 407 eloquentiae
521 321 643 386 demus?
679 323 769 403 Igitur
789 333 818 385 et
840 324 907 402 ille,
931 342 1015 403 quem
1035 326 1155 385 institui·

157 433 236 490 mus,
254 412 443 488 adolescens,
464 428 547 489 quam
563 409 685 469 maxime
698 417 806 487 potest,
826 417 982 486 componat
997 426 1029 467 se
1045 408 1081 469 ad
1096 410 1156 468 imi·

157 501 294 559 tationem
313 497 455 571 veritatis,
474 496 651 571 initurusque
664 492 834 571 frequenter
848 493 1007 552 forensium
1024 495 1156 552 certami-

157 600 223 642 num
241 581 436 659 pugnantiam
452 579 480 637 in
498 577 599 638 schola
610 577 761 636 victoriam
777 585 893 655 spectet
909 585 938 635 et
954 577 1042 636 ferire
1058 577 1157 636 vitalia

159 684 193 726 ac
215 665 290 724 tueri
312 664 402 731 sciat;
426 671 455 722 et
476 669 652 740 praeceptor
672 660 700 720 id
727 661 849 720 maxime
872 661 988 738 exigat,
1012 661 1158 719 inventum

158 749 317 828 praecipue
340 746 454 825 probet.
491 744 579 820 Nam,
599 753 629 802 ut
645 744 680 803 ad
696 746 796 823 peiora
812 745 931 804 iuvenes
949 743 1034 805 laude
1050 744 1155 804 ducun-

113 842 213 909 a3tur,
229 833 268 891 lta
283 829 394 890 laudari
411 831 440 888 in
455 828 539 888 bonis
555 826 691 904 gaudent.
730 826 812 888 Nunc
829 828 900 888 illud
914 827 990 887 male
1007 836 1062 903 est,
1080 827 1157 905 quod

156 914 324 975 necessaria
347 913 518 992 plerumque
540 912 656 970 silentio
673 919 836 986 transeunt,
861 929 917 971 nec
932 912 960 970 in
977 910 1099 971 dicendo
1116 912 1156 969 vi·

157 999 240 1059 detur
259 998 332 1056 inter
348 997 424 1056 bona
439 996 557 1055 utIlitas.
597 994 655 1054 Sed
672 994 746 1054 lraec
762 996 834 1054 etin
856 995 913 1054 alio
935 994 1018 1053 nobis
1034 1002 1157 1054 tractata

157 1092 222 1142 sunt
240 1098 332 1160 opere
350 1083 424 1140 etin
442 1079 499 1138 hoo
516 1097 607 1156 saepe
622 1079 790 1156 repetenda.
818 1077 901 1139 Nunc
917 1078 952 1138 ad
969 1078 1098 1136 ordinem
1116 1079 1156 1135 in·

157 1175 282 1245 ceptum.

507 1291 549 1341 DE
566 1289 803 1344 REFUTATIONE.

240 1399 317 1460 Xlll.
349 1400 550 1460 Refutatio
577 1400 732 1479 dupliciter
761 1400 854 1478 accipi
880 1408 987 1477 potest.
1033 1399 1105 1459 Nam
1129 1409 1159 1460 et

157 1501 224 1563 pars
243 1483 407 1543 defensoris
428 1493 488 1544 tota
505 1493 549 1543 est
565 1485 659 1562 posita
674 1486 702 1543 in
717 1483 907 1558 refutatione,
925 1492 970 1559 et,
991 1501 1064 1560 quae
1081 1483 1158 1544 dicta

158 1576 223 1626 sunt
245 1585 283 1626 ex
300 1566 436 1642 diverso,
461 1565 567 1626 debent
584 1569 716 1644 utrinque
737 1567 866 1626 dissolvi.
904 1566 942 1627 llt
957 1566 1014 1627 hoc
1030 1575 1074 1626 εει
1090 1584 1158 1645 pro·

158 1651 236 1729 prio,
261 1650 306 1708 oui
329 1650 356 1708 in
375 1651 470 1709 causis
489 1660 607 1728 quartus
623 1653 786 1728 assignatur
800 1651 892 1710 locus.
932 1650 991 1710 Sed
1008 1652 1159 1730 utriusqus

158 1732 258 1792 similis
281 1732 415 1792 condicio
437 1742 491 1792 εει.
528 1732 631 1811 Neque
651 1752 722 1794 vero
746 1752 783 1792 ex
806 1734 869 1793 allis
894 1734 968 1794 locis
983 1735 1057 1794 ratio
1073 1752 1158 1811 argu-

158 1825 319 1874 mentorum
340 1816 368 1874 in
392 1814 447 1876 lnac
473 1826 556 1895 parte
577 1819 637 1896 peti
660 1826 758 1896 potest
781 1835 865 1894 quam
885 1818 914 1875 in
930 1818 1156 1893 confirmatione,

158 1917 214 1958 nec
232 1897 364 1959 locorum
379 1909 428 1959 aut
442 1901 647 1960 sententiarum
660 1910 707 1961 ant
722 1900 878 1960 verborum
891 1911 920 1960 et
931 1902 1085 1979 figurarum
1101 1902 1158 1961 alia

129 1983 294 2043 fcondicio
314 1991 367 2042 est.
404 1982 536 2043 Affectus
552 1984 721 2062 plerumque
737 1983 811 2044 haec
831 2002 898 2062 pars
913 1986 1042 2044 mitiores
1060 1984 1157 2044 habet.

243 2064 309 2125 Non
330 2066 393 2125 sine
418 2084 505 2128 causa
526 2076 620 2128 tamen
643 2068 787 2127 difficilius
812 2085 929 2146 semper
945 2077 989 2128 est
1007 2068 1158 2143 creditum,

160 2148 237 2228 quod
256 2147 361 2208 Cicero
380 2167 471 2229 saepe
488 2160 624 2227 testatur,
642 2150 800 2212 defendere
819 2169 902 2229 quam
917 2169 1065 2212 accusare.
1098 2150 1157 2209 Pri-

158 2250 250 2308 mum,
273 2233 351 2310 quod
367 2242 412 2292 est
427 2253 475 2294 res
491 2235 541 2295 illa
558 2235 732 2313 simplicior,
749 2236 920 2313 proponitur
936 2238 1009 2295 enim
1024 2251 1080 2293 uno
1096 2250 1158 2293 mo·

159 2316 213 2390 do,
236 2315 404 2376 dissolvitur
423 2319 518 2384 varie;
548 2338 611 2379 cum
633 2319 796 2378 accusatori
825 2321 895 2378 satis
916 2321 953 2379 sit
976 2318 1158 2397 plerumque,

158 2416 259 2459 uerum
279 2418 346 2459 esse
371 2400 416 2476 id,
441 2402 518 2480 quod
541 2401 697 2462 obiecerit:
725 2411 862 2479 patronus
884 2412 988 2479 neget,
1011 2401 1158 2478 defendat,

159 2482 331 2558 transferat,
351 2494 482 2561 excuset,
499 2485 684 2564 deprecetur,
699 2485 820 2561 molliat,
838 2488 953 2561 minuat,
970 2494 1092 2560 avertat,
1109 2485 1159 2545 de·

160 2566 281 2644 spiciat,
306 2566 446 2628 derideat.
486 2567 583 2642 Quare
605 2568 670 2628 inde
691 2577 772 2628 recta
795 2569 858 2628 fere
878 2579 981 2646 atque,
1004 2579 1034 2628 ut
1052 2570 1094 2627 sic
1119 2567 1158 2627 di·

158 2650 267 2725 xerfm,
291 2649 420 2711 clamosa
436 2660 481 2710 est
496 2654 588 2720 actio;
611 2653 676 2712 lrinc
691 2651 772 2712 mille
793 2652 886 2712 flexus
903 2662 932 2712 et
951 2661 1029 2712 artes
1045 2650 1159 2711 deside·

131 2741 267 2800 arantur.
306 2731 377 2793 Tum
399 2744 553 2795 accusator
575 2734 782 2814 praemeditata
800 2735 941 2814 pleraque
960 2736 1045 2795 domo
1064 2735 1159 2809 affert,

159 2824 298 2895 patronus
315 2818 400 2876 etiam
412 2818 567 2896 inopinatis
579 2819 748 2896 frequenter
764 2820 899 2878 occurrit.
931 2818 1096 2878 Accusator
1113 2817 1161 2877 dat

159 2908 275 2975 testem,
294 2909 432 2977 patronus
451 2919 488 2960 ex
502 2919 535 2961 re
551 2905 614 2980 ipsa
630 2900 749 2961 refellit.
781 2901 945 2962 Accusator
961 2903 1106 2960 criminum
1118 2902 1159 2960 in·

159 2982 246 3058 vidia,
263 2982 313 3042 vel
328 2985 352 3043 si
367 2985 442 3045 falsa
459 2986 525 3062 sint,
541 2987 689 3046 materiam
701 2984 814 3045 dicendi
825 2985 921 3061 trahit,
939 2985 976 3044 de
992 2983 1159 3063 parricidio,

160 3065 334 3143 sacrilegio,
362 3068 528 3136 maiestate;
560 3087 634 3148 quae
657 3077 779 3148 patrono
804 3078 910 3128 tantum
930 3068 1159 3146 negandasnnt.

160 3148 289 3227 Ideoque
313 3152 546 3212 accusationibus
576 3154 661 3213 etiam
683 3152 848 3212 mediocres
877 3152 1049 3213 indicendo
1072 3151 1159 3211 suffe·

160 3242 277 3301 cerunt;
298 3233 391 3294 bonus
413 3235 551 3295 defensor
572 3251 655 3296 nemo
677 3237 731 3294 nisi
755 3237 803 3313 qui
826 3235 1080 3313 eloquentissimus
1097 3235 1158 3294 fuit.

160 3312 328 3394 Quanquam
342 3327 390 3394 ut,
413 3319 490 3398 quod
506 3320 615 3395 sentio,
636 3319 729 3378 semel
743 3319 847 3394 liniam,
864 3327 942 3378 tauto
959 3328 1003 3378 est
1020 3334 1161 3379 accusare

161 3413 244 3474 mam
260 3400 430 3478 defendere,
447 3411 553 3480 quanto
566 3402 664 3461 facere
678 3420 760 3479 mam
777 3421 880 3465 sanare
890 3405 1021 3481 uulnera,
1033 3404 1158 3464 facilius.
