2566 4026
229 154 290 217 132
545 122 910 224 animamarum

226 322 296 385 editi
316 325 350 385 t'n
370 324 596 402 competitores,
616 322 649 380 ir
669 317 705 381 L.
720 317 875 393 Pisonem,
902 320 934 378 r'rr
957 316 1096 379 Clodium
1118 328 1149 379 et
1170 317 1229 379 Cn-

227 410 344 469 nbnem
356 405 422 467 libri
434 406 676 484 vituperationem
687 405 834 463 continent
848 412 985 462 ettamen
1000 405 1028 460 in
1040 403 1148 460 Senam
1160 402 1228 463 loco

199 499 295 556 ttoni
309 489 398 550 babiti
412 492 585 550 sententiae.
615 487 719 565 Neque
743 487 847 546 iulitias
865 504 918 561 eo,
943 485 1081 564 quasdam
1102 505 1170 545 esse
1192 506 1231 546 ex

227 574 285 636 boc
303 592 414 651 genere
428 575 564 633 materias
580 572 617 633 ad
635 571 728 631 solam
745 572 923 649 compositas
938 573 1178 645 ostentationem,
1200 581 1230 629 ut

227 657 328 719 laudes
349 657 469 717 deornm
490 659 692 734 virorumque,
720 672 795 732 quos
814 657 913 734 priora
940 664 1072 731 tempora
1093 654 1228 713 tulerunt.

227 740 293 816 Quo
309 741 432 801 solvitur
450 742 583 821 quaestio
601 757 689 818 supra
704 747 842 813 tractata,
861 738 1100 816 manifestumque
1122 748 1167 797 est
1185 758 1229 798 er·

227 842 294 886 rare
315 842 385 900 eos,
407 827 455 903 qni
477 842 619 903 nunquam
641 832 786 882 oratorem
806 823 947 882 dicturum
967 823 1023 880 nisi
1044 823 1082 882 de
1098 841 1131 882 re
1145 822 1230 882 dubia

199 918 410 987 iputarernnt.
443 908 489 968 An
505 907 606 968 laudes
622 905 778 985 capitolini
793 906 889 980 lovis,
911 915 1054 984 perpetua
1072 909 1149 966 sacri
1167 925 1229 966 cer·

228 994 340 1053 taurinis
347 994 484 1115 poteria,
503 991 552 1051 vel
568 991 671 1051 dubiae
687 999 753 1050 aunt
769 991 819 1050 nel
833 1008 891 1049 non
908 992 1037 1049 oratorio
1049 1009 1161 1067 genere
1174 1001 1229 1048 tra-

228 1085 358 1137 ciuntur.

313 1158 352 1220 Ut
366 1159 513 1220 desiderat
528 1168 624 1219 autem
638 1159 720 1235 laus,
737 1175 812 1236 quae
827 1161 953 1235 negotiis
969 1159 1137 1234 adhibetur,
1163 1178 1230 1238 pro·

229 1243 391 1305 batiooem:
414 1245 458 1304 sic
472 1245 557 1303 etiam
572 1244 633 1318 illa,
646 1260 721 1322 quae
737 1245 923 1302 ostentationi
937 1247 1128 1321 componitur,
1144 1244 1231 1304 babet

200 1329 343 1391 ninterin
358 1328 482 1406 aliquam
498 1330 628 1405 speciem
641 1326 836 1405 probationis;
852 1335 883 1385 nt
899 1329 947 1405 qni
965 1327 1117 1389 Romulum
1132 1327 1230 1386 blattis

229 1412 318 1472 illium
331 1411 540 1489 educatumque
554 1428 570 1470 a
582 1411 650 1488 lupa
668 1409 761 1486 dicat,
781 1413 809 1469 in
821 1420 1018 1487 argumentum
1032 1412 1171 1472 coelestis
1184 1429 1229 1469 or·

229 1504 274 1555 tus
291 1502 386 1554 ntatur
402 1494 457 1570 his,
475 1493 553 1572 quod
565 1493 695 1554 abiectus
713 1495 740 1552 iu
758 1494 949 1571 prollnentem
966 1513 1024 1555 nou
1036 1498 1162 1574 potuerit
1181 1513 1230 1555 ex-

229 1578 331 1654 tingui,
356 1576 434 1656 qnod
459 1578 552 1636 omnia
575 1579 619 1637 sic
642 1578 751 1654 egerit,
775 1588 805 1637 ut
830 1580 957 1655 genitum
980 1580 1115 1658 praeside
1138 1579 1229 1640 bello·

230 1678 292 1721 rum
315 1660 370 1721 deo
394 1659 563 1720 incredibile
586 1678 643 1720 non
665 1670 763 1736 esset,
788 1662 865 1740 qnod
888 1665 982 1741 ipsum
1004 1682 1121 1743 qnoque
1145 1663 1230 1722 coelo

201 1753 380 1823 orecepuun
409 1745 547 1823 temporis
572 1745 634 1803 eius
656 1743 788 1804 homines
810 1764 868 1805 non
890 1746 1091 1808 dubitaverint.
1136 1746 1231 1820 Quae-

230 1828 376 1887 damvero
396 1829 479 1887 etiam
493 1829 521 1886 iu
536 1827 714 1888 defensionis
734 1830 864 1907 speciem
884 1831 998 1905 cadent,
1019 1841 1049 1890 nt
1062 1832 1126 1890 siin
1146 1831 1231 1888 lande

230 1911 364 1972 Herculis
386 1920 577 1990 permutatum
599 1931 663 1972 cnm
684 1915 785 1990 regina
807 1912 916 1990 Lydiae
936 1914 1062 1975 habitum
1090 1924 1119 1974 et
1142 1915 1230 1992 impe-

232 2004 304 2071 rata,
327 2004 358 2055 ut
379 1995 509 2071 traditur,
534 2014 624 2073 pensa
643 2005 742 2056 orator
761 2007 893 2057 excuset.
929 1998 988 2058 Sed
1006 2000 1153 2077 proprium
1172 1998 1226 2056 lan·

231 2078 274 2140 dis
297 2087 341 2139 est
363 2097 411 2138 ren
435 2079 675 2158 amplificare
698 2090 727 2140 et
751 2098 893 2141 ornare.

315 2161 397 2236 Quae
426 2165 546 2223 materia
574 2166 731 2243 praecipue
760 2165 877 2244 quidem
901 2167 929 2225 in
949 2165 1022 2224 deos
1047 2175 1076 2223 et
1101 2165 1230 2225 homines

231 2246 322 2322 cadit,
347 2257 502 2308 esttamen
522 2256 551 2306 et
567 2246 688 2308 aliorum
706 2249 867 2310 animalium
885 2251 970 2309 etiam
994 2250 1151 2308 carentium
1174 2265 1228 2305 anu·

202 2338 283 2395 ima.
317 2330 425 2391 Verum
448 2332 576 2392 iudeis
600 2334 779 2409 generaliter
802 2335 922 2412 primum
943 2335 1124 2393 maiestatem
1142 2333 1232 2410 ipsius

231 2432 330 2474 eorum
353 2425 472 2475 naturae
495 2416 713 2493 venerabimur,
740 2417 844 2477 deinde
867 2419 986 2496 proprie
1007 2419 1065 2476 vim
1093 2417 1233 2493 cuiusque

200 2508 259 2563 Set
285 2500 416 2576 inventa,
447 2518 521 2578 quac
550 2499 620 2560 utile
649 2501 757 2578 aliquid
784 2500 946 2560 homiuibus
976 2501 1132 2559 attulerint.
1180 2499 1232 2556 Vis

231 2584 406 2658 ostenditur,
430 2592 460 2642 ut
483 2585 510 2642 in
526 2583 596 2643 love
615 2584 809 2661 regendorum
833 2585 966 2656 omnium,
990 2584 1018 2639 in
1035 2582 1126 2640 Marte
1149 2582 1231 2654 belli,

230 2667 256 2726 in
278 2665 412 2745 Neptuno
435 2669 535 2733 maris:
558 2669 687 2740 inventa,
711 2675 741 2726 ut
758 2667 859 2726 artium
877 2666 904 2723 in
919 2663 1063 2736 Minerva,
1085 2661 1230 2721 Mercurio

231 2750 400 2827 litterarum,
420 2749 581 2811 medicinae
597 2749 746 2828 Apolline,
767 2747 876 2808 Cerere
892 2748 1020 2823 frugum,
1039 2745 1144 2804 Libero
1161 2746 1229 2802 vini.

230 2832 300 2893 'lum
324 2835 348 2893 si
372 2852 427 2912 qua
448 2834 483 2895 ab
506 2834 550 2893 bis
573 2841 637 2893 acta
658 2842 788 2892 vetustas
808 2829 940 2905 tradidit,
970 2829 1229 2889 commemoranda.

230 2917 345 2978 Addunt
367 2920 452 2978 etiam
475 2918 528 2979 diis
546 2917 686 2977 honorem
702 2923 849 2995 parentes,
872 2923 902 2973 ut
920 2915 1024 2991 siquis
1042 2914 1079 2972 sit
1096 2909 1171 2972 sullus
1186 2912 1230 2970 lo-

229 3002 289 3067 vis:
314 3002 391 3063 addit
413 3002 583 3079 antiquitas,
607 3000 711 3075 uthis,
736 3000 870 3077 quisunt
893 3016 930 3057 ex
953 2995 1049 3064 cham
1074 2997 1232 3075 progenies

201 3092 364 3163 iquoquo,
386 3095 417 3146 ut
441 3083 551 3164 Apollo
575 3103 609 3145 ac
631 3084 723 3144 Diana
744 3083 881 3143 latonae.
915 3080 1098 3142 Laudandum
1120 3083 1148 3139 in
1171 3082 1231 3158 qui·

231 3166 366 3245 busdam,
391 3170 468 3248 quod
491 3170 580 3246 geniti
599 3167 786 3243 immortales,
810 3166 995 3244 quibusdam,
1020 3164 1097 3244 quod
1119 3167 1231 3223 immor·

231 3250 370 3311 talitntem
398 3255 505 3313 virtute
528 3254 583 3312 sint
604 3252 768 3317 consecuti:
800 3251 877 3328 quod
903 3252 997 3329 pietas
1019 3250 1158 3328 principis
1181 3265 1232 3307 no·

232 3334 283 3393 stri
305 3339 500 3413 praesentium
524 3352 641 3415 quoque
663 3345 824 3414 temporum
845 3336 935 3395 decus
956 3335 1036 3393 iecit.

191 3429 225 3481 10
316 3416 409 3497 Magis
433 3430 478 3481 est
499 3420 580 3481 varia
598 3420 661 3479 laus
683 3420 871 3480 hominum.
906 3418 977 3479 Nam
994 3420 1114 3497 primum
1134 3414 1233 3476 dividi-
