<?xml version="1.0" encoding="UTF-8"?>
<!DOCTYPE html PUBLIC "-//W3C//DTD XHTML 1.0 Transitional//EN"
    "http://www.w3.org/TR/xhtml1/DTD/xhtml1-transitional.dtd">
<html xmlns="http://www.w3.org/1999/xhtml" xml:lang="en" lang="en">
 <head>
  <title>
</title>
<meta http-equiv="Content-Type" content="text/html;charset=utf-8" />
  <meta name='ocr-system' content='tesseract 3.04.00' />
  <meta name='ocr-capabilities' content='ocr_page ocr_carea ocr_par ocr_line ocrx_word'/>
</head>
<body>
  <div class='ocr_page' id='page_1' title='image "./mfabiiquintilia00bonngoog/mfabiiquintilia00bonngoog_0384.png"; bbox 0 0 2566 4026; ppageno 0'>
   <div class='ocr_carea' id='block_1_1' title="bbox 343 201 1078 272">
    <p class='ocr_par' dir='ltr' id='par_1_1' title="bbox 343 201 1078 272">
     <span class='ocr_line' id='line_1_1' title="bbox 343 201 1078 272; baseline 0 -15"><span class='ocrx_word' id='word_1_1' title='bbox 343 209 803 272; x_wconf 76' lang='lat' dir='ltr'>rusu.oaxuoa.ma.v111,1.</span> <span class='ocrx_word' id='word_1_2' title='bbox 1038 201 1078 262; x_wconf 78' lang='lat' dir='ltr'>tr</span> 
     </span>
    </p>
   </div>
   <div class='ocr_carea' id='block_1_2' title="bbox 78 364 1122 3523">
    <p class='ocr_par' dir='ltr' id='par_1_2' title="bbox 78 364 1122 1942">
     <span class='ocr_line' id='line_1_2' title="bbox 79 364 1079 444; baseline -0.002 -16"><span class='ocrx_word' id='word_1_3' title='bbox 79 385 136 427; x_wconf 93' lang='lat' dir='ltr'>non</span> <span class='ocrx_word' id='word_1_4' title='bbox 158 374 309 444; x_wconf 87' lang='lat' dir='ltr'>pararunt,</span> <span class='ocrx_word' id='word_1_5' title='bbox 332 364 384 422; x_wconf 92' lang='lat' dir='ltr'>sub</span> <span class='ocrx_word' id='word_1_6' title='bbox 407 364 482 424; x_wconf 89' lang='lat' dir='ltr'>diem</span> <span class='ocrx_word' id='word_1_7' title='bbox 507 373 661 441; x_wconf 89' lang='lat' dir='ltr'>quaerunt:</span> <span class='ocrx_word' id='word_1_8' title='bbox 686 364 933 441; x_wconf 83' lang='lat' dir='ltr'>itainoratione,</span> <span class='ocrx_word' id='word_1_9' title='bbox 954 367 1079 444; x_wconf 90' lang='lat' dir='ltr'>quinon</span> 
     </span>
     <span class='ocr_line' id='line_1_3' title="bbox 79 446 1122 525; baseline -0.001 -15"><span class='ocrx_word' id='word_1_10' title='bbox 79 453 149 510; x_wconf 91' lang='lat' dir='ltr'>satis</span> <span class='ocrx_word' id='word_1_11' title='bbox 169 448 344 508; x_wconf 82' lang='lat' dir='ltr'><strong>laborarunt.</strong></span> <span class='ocrx_word' id='word_1_12' title='bbox 382 447 413 507; x_wconf 89' lang='lat' dir='ltr'>Si</span> <span class='ocrx_word' id='word_1_13' title='bbox 436 456 608 525; x_wconf 87' lang='lat' dir='ltr'>praeparata</span> <span class='ocrx_word' id='word_1_14' title='bbox 630 448 675 505; x_wconf 80' lang='lat' dir='ltr'>vis</span> <span class='ocrx_word' id='word_1_15' title='bbox 695 446 808 506; x_wconf 84' lang='lat' dir='ltr'>dicendi</span> <span class='ocrx_word' id='word_1_16' title='bbox 830 448 931 508; x_wconf 89' lang='lat' dir='ltr'>luerit:</span> <span class='ocrx_word' id='word_1_17' title='bbox 953 460 1037 510; x_wconf 93' lang='lat' dir='ltr'>erunt</span> <span class='ocrx_word' id='word_1_18' title='bbox 1051 453 1122 516; x_wconf 64' lang='lat' dir='ltr'>iudo</span> 
     </span>
     <span class='ocr_line' id='line_1_4' title="bbox 79 530 1078 610; baseline -0.001 -17"><span class='ocrx_word' id='word_1_19' title='bbox 79 534 195 606; x_wconf 80' lang='lat' dir='ltr'>cilicio,</span> <span class='ocrx_word' id='word_1_20' title='bbox 212 533 254 590; x_wconf 89' lang='lat' dir='ltr'>sic</span> <span class='ocrx_word' id='word_1_21' title='bbox 270 539 301 590; x_wconf 91' lang='lat' dir='ltr'>ut</span> <span class='ocrx_word' id='word_1_22' title='bbox 316 548 373 589; x_wconf 93' lang='lat' dir='ltr'>non</span> <span class='ocrx_word' id='word_1_23' title='bbox 387 532 526 608; x_wconf 88' lang='lat' dir='ltr'>requisita</span> <span class='ocrx_word' id='word_1_24' title='bbox 547 530 726 608; x_wconf 90' lang='lat' dir='ltr'>respondere</span> <span class='ocrx_word' id='word_1_25' title='bbox 742 530 795 589; x_wconf 92' lang='lat' dir='ltr'>sed</span> <span class='ocrx_word' id='word_1_26' title='bbox 810 540 840 590; x_wconf 92' lang='lat' dir='ltr'>ut</span> <span class='ocrx_word' id='word_1_27' title='bbox 856 549 972 610; x_wconf 85' lang='lat' dir='ltr'>semper</span> <span class='ocrx_word' id='word_1_28' title='bbox 988 536 1078 592; x_wconf 92' lang='lat' dir='ltr'>sensi-</span> 
     </span>
     <span class='ocr_line' id='line_1_5' title="bbox 78 613 1078 694; baseline -0.001 -18"><span class='ocrx_word' id='word_1_29' title='bbox 78 617 132 676; x_wconf 88' lang='lat' dir='ltr'>bus</span> <span class='ocrx_word' id='word_1_30' title='bbox 159 616 312 674; x_wconf 90' lang='lat' dir='ltr'>iubaerere</span> <span class='ocrx_word' id='word_1_31' title='bbox 332 615 482 673; x_wconf 83' lang='lat' dir='ltr'>videantur</span> <span class='ocrx_word' id='word_1_32' title='bbox 503 622 589 691; x_wconf 87' lang='lat' dir='ltr'>atque</span> <span class='ocrx_word' id='word_1_33' title='bbox 613 630 665 672; x_wconf 94' lang='lat' dir='ltr'>eos</span> <span class='ocrx_word' id='word_1_34' title='bbox 686 622 716 671; x_wconf 93' lang='lat' dir='ltr'>ut</span> <span class='ocrx_word' id='word_1_35' title='bbox 738 613 837 672; x_wconf 93' lang='lat' dir='ltr'>umbra</span> <span class='ocrx_word' id='word_1_36' title='bbox 861 631 967 692; x_wconf 88' lang='lat' dir='ltr'>corpus</span> <span class='ocrx_word' id='word_1_37' title='bbox 985 617 1078 694; x_wconf 90' lang='lat' dir='ltr'>sequi.</span> 
     </span>
     <span class='ocr_line' id='line_1_6' title="bbox 79 695 1120 775; baseline -0.002 -16"><span class='ocrx_word' id='word_1_38' title='bbox 79 701 187 760; x_wconf 81' lang='lat' dir='ltr'>&#39;lamen</span> <span class='ocrx_word' id='word_1_39' title='bbox 202 700 231 757; x_wconf 92' lang='lat' dir='ltr'>in</span> <span class='ocrx_word' id='word_1_40' title='bbox 246 698 300 756; x_wconf 92' lang='lat' dir='ltr'>bae</span> <span class='ocrx_word' id='word_1_41' title='bbox 314 699 378 775; x_wconf 86' lang='lat' dir='ltr'>ipsa</span> <span class='ocrx_word' id='word_1_42' title='bbox 394 715 462 756; x_wconf 89' lang='lat' dir='ltr'>eura</span> <span class='ocrx_word' id='word_1_43' title='bbox 479 706 524 755; x_wconf 92' lang='lat' dir='ltr'>est</span> <span class='ocrx_word' id='word_1_44' title='bbox 540 696 646 774; x_wconf 90' lang='lat' dir='ltr'>aliquid</span> <span class='ocrx_word' id='word_1_45' title='bbox 662 698 741 755; x_wconf 91' lang='lat' dir='ltr'>satis.</span> <span class='ocrx_word' id='word_1_46' title='bbox 773 695 845 755; x_wconf 92' lang='lat' dir='ltr'>Nam</span> <span class='ocrx_word' id='word_1_47' title='bbox 859 697 974 773; x_wconf 82' lang='lat' dir='ltr'>Latina,</span> <span class='ocrx_word' id='word_1_48' title='bbox 991 700 1120 775; x_wconf 78' lang='lat' dir='ltr'>signi-31</span> 
     </span>
     <span class='ocr_line' id='line_1_7' title="bbox 79 779 1079 859; baseline -0.001 -16"><span class='ocrx_word' id='word_1_49' title='bbox 79 784 207 856; x_wconf 84' lang='lat' dir='ltr'>ficantia,</span> <span class='ocrx_word' id='word_1_50' title='bbox 225 790 341 856; x_wconf 82' lang='lat' dir='ltr'>oruata,</span> <span class='ocrx_word' id='word_1_51' title='bbox 358 798 421 839; x_wconf 89' lang='lat' dir='ltr'>oum</span> <span class='ocrx_word' id='word_1_52' title='bbox 438 789 505 858; x_wconf 84' lang='lat' dir='ltr'>apte</span> <span class='ocrx_word' id='word_1_53' title='bbox 519 789 584 839; x_wconf 93' lang='lat' dir='ltr'>sunt</span> <span class='ocrx_word' id='word_1_54' title='bbox 600 780 760 856; x_wconf 88' lang='lat' dir='ltr'>collocata,</span> <span class='ocrx_word' id='word_1_55' title='bbox 778 779 845 859; x_wconf 90' lang='lat' dir='ltr'>quid</span> <span class='ocrx_word' id='word_1_56' title='bbox 862 781 982 859; x_wconf 91' lang='lat' dir='ltr'>amplius</span> <span class='ocrx_word' id='word_1_57' title='bbox 998 782 1079 842; x_wconf 86' lang='lat' dir='ltr'>labo·</span> 
     </span>
     <span class='ocr_line' id='line_1_8' title="bbox 78 862 1081 936; baseline 0 -10"><span class='ocrx_word' id='word_1_58' title='bbox 78 862 197 926; x_wconf 82' lang='lat' dir='ltr'>remus?</span> <span class='ocrx_word' id='word_1_59' title='bbox 228 863 404 936; x_wconf 80' lang='lat' dir='ltr'>Quibusdam</span> <span class='ocrx_word' id='word_1_60' title='bbox 426 874 520 923; x_wconf 91' lang='lat' dir='ltr'>tamen</span> <span class='ocrx_word' id='word_1_61' title='bbox 535 863 629 922; x_wconf 92' lang='lat' dir='ltr'>nullus</span> <span class='ocrx_word' id='word_1_62' title='bbox 645 872 690 923; x_wconf 91' lang='lat' dir='ltr'>est</span> <span class='ocrx_word' id='word_1_63' title='bbox 709 864 773 923; x_wconf 89' lang='lat' dir='ltr'>linis</span> <span class='ocrx_word' id='word_1_64' title='bbox 795 863 984 924; x_wconf 86' lang='lat' dir='ltr'>calumniandi</span> <span class='ocrx_word' id='word_1_65' title='bbox 999 883 1033 924; x_wconf 91' lang='lat' dir='ltr'>se</span> <span class='ocrx_word' id='word_1_66' title='bbox 1051 875 1081 926; x_wconf 88' lang='lat' dir='ltr'>et</span> 
     </span>
     <span class='ocr_line' id='line_1_9' title="bbox 79 947 1080 1026; baseline -0.001 -17"><span class='ocrx_word' id='word_1_67' title='bbox 79 968 144 1010; x_wconf 88' lang='lat' dir='ltr'>oum</span> <span class='ocrx_word' id='word_1_68' title='bbox 164 947 284 1025; x_wconf 83' lang='lat' dir='ltr'>singulis</span> <span class='ocrx_word' id='word_1_69' title='bbox 306 965 399 1025; x_wconf 92' lang='lat' dir='ltr'>paene</span> <span class='ocrx_word' id='word_1_70' title='bbox 429 947 548 1022; x_wconf 76' lang='lat' dir='ltr'>syllabis</span> <span class='ocrx_word' id='word_1_71' title='bbox 578 947 798 1022; x_wconf 88' lang='lat' dir='ltr'>commoriendi,</span> <span class='ocrx_word' id='word_1_72' title='bbox 821 947 869 1026; x_wconf 84' lang='lat' dir='ltr'>qui</span> <span class='ocrx_word' id='word_1_73' title='bbox 891 948 992 1024; x_wconf 86' lang='lat' dir='ltr'>etiam,</span> <span class='ocrx_word' id='word_1_74' title='bbox 1016 967 1080 1008; x_wconf 89' lang='lat' dir='ltr'>eum</span> 
     </span>
     <span class='ocr_line' id='line_1_10' title="bbox 80 1029 1078 1112; baseline -0.002 -19"><span class='ocrx_word' id='word_1_75' title='bbox 80 1034 185 1112; x_wconf 92' lang='lat' dir='ltr'>optima</span> <span class='ocrx_word' id='word_1_76' title='bbox 203 1040 268 1090; x_wconf 91' lang='lat' dir='ltr'>sunt</span> <span class='ocrx_word' id='word_1_77' title='bbox 284 1040 418 1109; x_wconf 86' lang='lat' dir='ltr'>reperta,</span> <span class='ocrx_word' id='word_1_78' title='bbox 441 1039 583 1110; x_wconf 89' lang='lat' dir='ltr'>quaerunt</span> <span class='ocrx_word' id='word_1_79' title='bbox 599 1029 721 1108; x_wconf 85' lang='lat' dir='ltr'>aliquid,</span> <span class='ocrx_word' id='word_1_80' title='bbox 743 1031 820 1109; x_wconf 90' lang='lat' dir='ltr'>quod</span> <span class='ocrx_word' id='word_1_81' title='bbox 836 1032 873 1090; x_wconf 91' lang='lat' dir='ltr'>sit</span> <span class='ocrx_word' id='word_1_82' title='bbox 895 1033 986 1108; x_wconf 85' lang='lat' dir='ltr'>magis</span> <span class='ocrx_word' id='word_1_83' title='bbox 1009 1032 1078 1091; x_wconf 86' lang='lat' dir='ltr'>anti·</span> 
     </span>
     <span class='ocr_line' id='line_1_11' title="bbox 79 1115 1079 1196; baseline -0.003 -20"><span class='ocrx_word' id='word_1_84' title='bbox 79 1134 181 1196; x_wconf 86' lang='lat' dir='ltr'>quum,</span> <span class='ocrx_word' id='word_1_85' title='bbox 206 1124 364 1191; x_wconf 88' lang='lat' dir='ltr'>remotum,</span> <span class='ocrx_word' id='word_1_86' title='bbox 380 1116 569 1192; x_wconf 73' lang='lat' dir='ltr'>inopinatum:</span> <span class='ocrx_word' id='word_1_87' title='bbox 590 1132 646 1173; x_wconf 94' lang='lat' dir='ltr'>nec</span> <span class='ocrx_word' id='word_1_88' title='bbox 660 1115 839 1190; x_wconf 80' lang='lat' dir='ltr'>intelligunt,</span> <span class='ocrx_word' id='word_1_89' title='bbox 861 1115 959 1174; x_wconf 90' lang='lat' dir='ltr'>iacere</span> <span class='ocrx_word' id='word_1_90' title='bbox 975 1133 1079 1174; x_wconf 92' lang='lat' dir='ltr'>sensus</span> 
     </span>
     <span class='ocr_line' id='line_1_12' title="bbox 79 1197 1121 1277; baseline -0.003 -19"><span class='ocrx_word' id='word_1_91' title='bbox 79 1202 106 1258; x_wconf 92' lang='lat' dir='ltr'>in</span> <span class='ocrx_word' id='word_1_92' title='bbox 124 1200 271 1274; x_wconf 90' lang='lat' dir='ltr'>oratione,</span> <span class='ocrx_word' id='word_1_93' title='bbox 288 1199 316 1257; x_wconf 91' lang='lat' dir='ltr'>in</span> <span class='ocrx_word' id='word_1_94' title='bbox 332 1215 388 1277; x_wconf 83' lang='lat' dir='ltr'>qua</span> <span class='ocrx_word' id='word_1_95' title='bbox 403 1197 492 1257; x_wconf 83' lang='lat' dir='ltr'>verba</span> <span class='ocrx_word' id='word_1_96' title='bbox 510 1197 668 1257; x_wconf 77' lang='lat' dir='ltr'><strong>laudantur.</strong></span> <span class='ocrx_word' id='word_1_97' title='bbox 698 1198 742 1257; x_wconf 91' lang='lat' dir='ltr'>Sit</span> <span class='ocrx_word' id='word_1_98' title='bbox 755 1197 843 1274; x_wconf 85' lang='lat' dir='ltr'>igitur</span> <span class='ocrx_word' id='word_1_99' title='bbox 855 1216 923 1259; x_wconf 89' lang='lat' dir='ltr'>cura</span> <span class='ocrx_word' id='word_1_100' title='bbox 938 1198 1121 1258; x_wconf 77' lang='lat' dir='ltr'>elocutio-at</span> 
     </span>
     <span class='ocr_line' id='line_1_13' title="bbox 79 1280 1080 1361; baseline -0.001 -20"><span class='ocrx_word' id='word_1_101' title='bbox 79 1285 122 1341; x_wconf 91' lang='lat' dir='ltr'>nis</span> <span class='ocrx_word' id='word_1_102' title='bbox 141 1300 225 1361; x_wconf 91' lang='lat' dir='ltr'>quam</span> <span class='ocrx_word' id='word_1_103' title='bbox 235 1283 376 1357; x_wconf 88' lang='lat' dir='ltr'>maxima,</span> <span class='ocrx_word' id='word_1_104' title='bbox 393 1281 457 1340; x_wconf 93' lang='lat' dir='ltr'>dum</span> <span class='ocrx_word' id='word_1_105' title='bbox 473 1281 597 1340; x_wconf 88' lang='lat' dir='ltr'>sciamus</span> <span class='ocrx_word' id='word_1_106' title='bbox 612 1289 722 1356; x_wconf 88' lang='lat' dir='ltr'>tamen,</span> <span class='ocrx_word' id='word_1_107' title='bbox 738 1280 808 1340; x_wconf 88' lang='lat' dir='ltr'><strong>nihil</strong></span> <span class='ocrx_word' id='word_1_108' title='bbox 823 1281 978 1341; x_wconf 92' lang='lat' dir='ltr'>verborum</span> <span class='ocrx_word' id='word_1_109' title='bbox 993 1299 1080 1342; x_wconf 81' lang='lat' dir='ltr'>cause</span> 
     </span>
     <span class='ocr_line' id='line_1_14' title="bbox 80 1363 1079 1444; baseline -0.001 -18"><span class='ocrx_word' id='word_1_110' title='bbox 80 1384 147 1426; x_wconf 90' lang='lat' dir='ltr'>esse</span> <span class='ocrx_word' id='word_1_111' title='bbox 169 1365 345 1441; x_wconf 82' lang='lat' dir='ltr'>faciendum,</span> <span class='ocrx_word' id='word_1_112' title='bbox 370 1383 434 1424; x_wconf 89' lang='lat' dir='ltr'>cum</span> <span class='ocrx_word' id='word_1_113' title='bbox 452 1363 542 1423; x_wconf 86' lang='lat' dir='ltr'>verba</span> <span class='ocrx_word' id='word_1_114' title='bbox 563 1364 626 1441; x_wconf 92' lang='lat' dir='ltr'>ipsa</span> <span class='ocrx_word' id='word_1_115' title='bbox 648 1382 743 1423; x_wconf 92' lang='lat' dir='ltr'>rerum</span> <span class='ocrx_word' id='word_1_116' title='bbox 758 1365 851 1441; x_wconf 82' lang='lat' dir='ltr'>gratia</span> <span class='ocrx_word' id='word_1_117' title='bbox 871 1366 927 1424; x_wconf 91' lang='lat' dir='ltr'>sint</span> <span class='ocrx_word' id='word_1_118' title='bbox 947 1374 1079 1444; x_wconf 88' lang='lat' dir='ltr'>reperta;</span> 
     </span>
     <span class='ocr_line' id='line_1_15' title="bbox 80 1446 1079 1529; baseline 0 -21"><span class='ocrx_word' id='word_1_119' title='bbox 80 1467 199 1529; x_wconf 90' lang='lat' dir='ltr'>quorum</span> <span class='ocrx_word' id='word_1_120' title='bbox 218 1466 251 1507; x_wconf 92' lang='lat' dir='ltr'>ea</span> <span class='ocrx_word' id='word_1_121' title='bbox 275 1457 340 1507; x_wconf 90' lang='lat' dir='ltr'>sunt</span> <span class='ocrx_word' id='word_1_122' title='bbox 361 1448 483 1507; x_wconf 86' lang='lat' dir='ltr'>maxime</span> <span class='ocrx_word' id='word_1_123' title='bbox 504 1446 683 1524; x_wconf 83' lang='lat' dir='ltr'>probabilia,</span> <span class='ocrx_word' id='word_1_124' title='bbox 707 1466 782 1526; x_wconf 89' lang='lat' dir='ltr'>quae</span> <span class='ocrx_word' id='word_1_125' title='bbox 799 1465 915 1508; x_wconf 92' lang='lat' dir='ltr'>sensum</span> <span class='ocrx_word' id='word_1_126' title='bbox 929 1449 1013 1509; x_wconf 89' lang='lat' dir='ltr'>animi</span> <span class='ocrx_word' id='word_1_127' title='bbox 1029 1465 1079 1508; x_wconf 92' lang='lat' dir='ltr'>no·</span> 
     </span>
     <span class='ocr_line' id='line_1_16' title="bbox 79 1530 1079 1610; baseline -0.002 -18"><span class='ocrx_word' id='word_1_128' title='bbox 79 1534 131 1592; x_wconf 92' lang='lat' dir='ltr'>stri</span> <span class='ocrx_word' id='word_1_129' title='bbox 146 1533 253 1610; x_wconf 89' lang='lat' dir='ltr'>optime</span> <span class='ocrx_word' id='word_1_130' title='bbox 268 1540 401 1609; x_wconf 89' lang='lat' dir='ltr'>promunt</span> <span class='ocrx_word' id='word_1_131' title='bbox 419 1539 505 1609; x_wconf 88' lang='lat' dir='ltr'>atque</span> <span class='ocrx_word' id='word_1_132' title='bbox 520 1532 549 1588; x_wconf 91' lang='lat' dir='ltr'>in</span> <span class='ocrx_word' id='word_1_133' title='bbox 566 1532 664 1590; x_wconf 90' lang='lat' dir='ltr'>animis</span> <span class='ocrx_word' id='word_1_134' title='bbox 684 1530 825 1607; x_wconf 89' lang='lat' dir='ltr'>iudicum,</span> <span class='ocrx_word' id='word_1_135' title='bbox 844 1532 921 1610; x_wconf 89' lang='lat' dir='ltr'>quod</span> <span class='ocrx_word' id='word_1_136' title='bbox 935 1532 1079 1607; x_wconf 85' lang='lat' dir='ltr'>volumus,</span> 
     </span>
     <span class='ocr_line' id='line_1_17' title="bbox 80 1612 1122 1692; baseline 0.002 -16"><span class='ocrx_word' id='word_1_137' title='bbox 80 1616 218 1676; x_wconf 90' lang='lat' dir='ltr'>eltieiuut.</span> <span class='ocrx_word' id='word_1_138' title='bbox 256 1612 299 1674; x_wconf 86' lang='lat' dir='ltr'>Ea</span> <span class='ocrx_word' id='word_1_139' title='bbox 315 1613 421 1675; x_wconf 89' lang='lat' dir='ltr'>debent</span> <span class='ocrx_word' id='word_1_140' title='bbox 436 1622 586 1692; x_wconf 91' lang='lat' dir='ltr'>praestare</span> <span class='ocrx_word' id='word_1_141' title='bbox 602 1615 664 1673; x_wconf 91' lang='lat' dir='ltr'>sine</span> <span class='ocrx_word' id='word_1_142' title='bbox 681 1613 766 1674; x_wconf 92' lang='lat' dir='ltr'>dubio</span> <span class='ocrx_word' id='word_1_143' title='bbox 787 1624 816 1675; x_wconf 91' lang='lat' dir='ltr'>et</span> <span class='ocrx_word' id='word_1_144' title='bbox 832 1615 1029 1676; x_wconf 81' lang='lat' dir='ltr'>admirabilem</span> <span class='ocrx_word' id='word_1_145' title='bbox 1052 1623 1122 1678; x_wconf 66' lang='lat' dir='ltr'>etot</span> 
     </span>
     <span class='ocr_line' id='line_1_18' title="bbox 79 1696 1079 1779; baseline 0 -21"><span class='ocrx_word' id='word_1_146' title='bbox 79 1698 230 1758; x_wconf 89' lang='lat' dir='ltr'>iucundam</span> <span class='ocrx_word' id='word_1_147' title='bbox 245 1700 418 1766; x_wconf 91' lang='lat' dir='ltr'>oratiouem;</span> <span class='ocrx_word' id='word_1_148' title='bbox 440 1715 541 1757; x_wconf 90' lang='lat' dir='ltr'>verum</span> <span class='ocrx_word' id='word_1_149' title='bbox 561 1696 756 1757; x_wconf 85' lang='lat' dir='ltr'>admirabilem</span> <span class='ocrx_word' id='word_1_150' title='bbox 778 1715 836 1757; x_wconf 90' lang='lat' dir='ltr'>non</span> <span class='ocrx_word' id='word_1_151' title='bbox 851 1700 910 1774; x_wconf 89' lang='lat' dir='ltr'>sic,</span> <span class='ocrx_word' id='word_1_152' title='bbox 934 1697 1079 1779; x_wconf 90' lang='lat' dir='ltr'>quomodo</span> 
     </span>
     <span class='ocr_line' id='line_1_19' title="bbox 79 1780 1081 1862; baseline 0.001 -21"><span class='ocrx_word' id='word_1_153' title='bbox 79 1782 212 1861; x_wconf 83' lang='lat' dir='ltr'>prodigia</span> <span class='ocrx_word' id='word_1_154' title='bbox 232 1783 382 1858; x_wconf 81' lang='lat' dir='ltr'>miramur,</span> <span class='ocrx_word' id='word_1_155' title='bbox 408 1790 438 1841; x_wconf 91' lang='lat' dir='ltr'>et</span> <span class='ocrx_word' id='word_1_156' title='bbox 461 1780 611 1841; x_wconf 90' lang='lat' dir='ltr'>iucundam</span> <span class='ocrx_word' id='word_1_157' title='bbox 638 1798 696 1840; x_wconf 91' lang='lat' dir='ltr'>nou</span> <span class='ocrx_word' id='word_1_158' title='bbox 715 1781 836 1841; x_wconf 84' lang='lat' dir='ltr'>deformi</span> <span class='ocrx_word' id='word_1_159' title='bbox 855 1782 1005 1862; x_wconf 83' lang='lat' dir='ltr'>voluptate</span> <span class='ocrx_word' id='word_1_160' title='bbox 1027 1782 1081 1842; x_wconf 89' lang='lat' dir='ltr'>sed</span> 
     </span>
     <span class='ocr_line' id='line_1_20' title="bbox 80 1865 630 1942; baseline -0.007 -17"><span class='ocrx_word' id='word_1_161' title='bbox 80 1885 143 1926; x_wconf 88' lang='lat' dir='ltr'>cum</span> <span class='ocrx_word' id='word_1_162' title='bbox 160 1865 245 1925; x_wconf 89' lang='lat' dir='ltr'>laude</span> <span class='ocrx_word' id='word_1_163' title='bbox 263 1883 297 1925; x_wconf 89' lang='lat' dir='ltr'>ac</span> <span class='ocrx_word' id='word_1_164' title='bbox 315 1865 452 1942; x_wconf 81' lang='lat' dir='ltr'>dignitate</span> <span class='ocrx_word' id='word_1_165' title='bbox 470 1866 630 1924; x_wconf 87' lang='lat' dir='ltr'>coniuncta.</span> 
     </span>
    </p>

    <p class='ocr_par' dir='ltr' id='par_1_3' title="bbox 79 1942 1110 3523">
     <span class='ocr_line' id='line_1_21' title="bbox 163 1942 1080 2028; baseline -0.001 -20"><span class='ocrx_word' id='word_1_166' title='bbox 163 1948 185 2008; x_wconf 94' lang='lat'>1.</span> <span class='ocrx_word' id='word_1_167' title='bbox 214 1948 321 2026; x_wconf 82' lang='lat' dir='ltr'>Igitur,</span> <span class='ocrx_word' id='word_1_168' title='bbox 340 1967 429 2026; x_wconf 65' lang='lat' dir='ltr'>,quam</span> <span class='ocrx_word' id='word_1_169' title='bbox 449 1947 554 2009; x_wconf 84' lang='lat' dir='ltr'>Graeci</span> <span class='ocrx_word' id='word_1_170' title='bbox 575 1942 686 2028; x_wconf 80' lang='grc' dir='ltr'><em>φράσιν</em></span> <span class='ocrx_word' id='word_1_171' title='bbox 699 1957 824 2024; x_wconf 83' lang='lat' dir='ltr'>vocant,</span> <span class='ocrx_word' id='word_1_172' title='bbox 846 1947 945 2008; x_wconf 82' lang='lat' dir='ltr'>Latine</span> <span class='ocrx_word' id='word_1_173' title='bbox 961 1948 1080 2010; x_wconf 79' lang='lat' dir='ltr'>dicimus</span> 
     </span>
     <span class='ocr_line' id='line_1_22' title="bbox 80 2029 1080 2110; baseline -0.002 -18"><span class='ocrx_word' id='word_1_174' title='bbox 80 2032 342 2092; x_wconf 89' lang='lat' dir='ltr'>elocutionem.</span> <span class='ocrx_word' id='word_1_175' title='bbox 379 2029 422 2090; x_wconf 86' lang='lat' dir='ltr'>Ea</span> <span class='ocrx_word' id='word_1_176' title='bbox 446 2039 594 2110; x_wconf 89' lang='lat' dir='ltr'>spectatur</span> <span class='ocrx_word' id='word_1_177' title='bbox 614 2030 712 2091; x_wconf 90' lang='lat' dir='ltr'>verbis</span> <span class='ocrx_word' id='word_1_178' title='bbox 736 2041 783 2090; x_wconf 91' lang='lat' dir='ltr'>aut</span> <span class='ocrx_word' id='word_1_179' title='bbox 805 2031 926 2108; x_wconf 69' lang='lat' dir='ltr'>singulis</span> <span class='ocrx_word' id='word_1_180' title='bbox 948 2041 996 2092; x_wconf 93' lang='lat' dir='ltr'>aut</span> <span class='ocrx_word' id='word_1_181' title='bbox 1013 2049 1080 2091; x_wconf 87' lang='lat' dir='ltr'>eon·</span> 
     </span>
     <span class='ocr_line' id='line_1_23' title="bbox 79 2113 1080 2193; baseline -0.001 -17"><span class='ocrx_word' id='word_1_182' title='bbox 79 2116 193 2176; x_wconf 88' lang='lat' dir='ltr'>iuuetis.</span> <span class='ocrx_word' id='word_1_183' title='bbox 223 2114 256 2174; x_wconf 91' lang='lat' dir='ltr'>ln</span> <span class='ocrx_word' id='word_1_184' title='bbox 270 2115 389 2192; x_wconf 82' lang='lat' dir='ltr'>singulis</span> <span class='ocrx_word' id='word_1_185' title='bbox 405 2115 569 2174; x_wconf 89' lang='lat' dir='ltr'>intuendum</span> <span class='ocrx_word' id='word_1_186' title='bbox 583 2123 644 2189; x_wconf 88' lang='lat' dir='ltr'>est,</span> <span class='ocrx_word' id='word_1_187' title='bbox 667 2123 697 2174; x_wconf 92' lang='lat' dir='ltr'>ut</span> <span class='ocrx_word' id='word_1_188' title='bbox 712 2116 768 2173; x_wconf 87' lang='lat' dir='ltr'>siut</span> <span class='ocrx_word' id='word_1_189' title='bbox 782 2113 896 2190; x_wconf 78' lang='lat' dir='ltr'>hatIna,</span> <span class='ocrx_word' id='word_1_190' title='bbox 912 2116 1080 2193; x_wconf 88' lang='lat' dir='ltr'>perspicua,</span> 
     </span>
     <span class='ocr_line' id='line_1_24' title="bbox 80 2196 1080 2276; baseline -0.002 -18"><span class='ocrx_word' id='word_1_191' title='bbox 80 2208 198 2273; x_wconf 87' lang='lat' dir='ltr'>ornata,</span> <span class='ocrx_word' id='word_1_192' title='bbox 222 2199 305 2258; x_wconf 89' lang='lat' dir='ltr'>adid</span> <span class='ocrx_word' id='word_1_193' title='bbox 326 2198 403 2276; x_wconf 89' lang='lat' dir='ltr'>quod</span> <span class='ocrx_word' id='word_1_194' title='bbox 425 2198 545 2257; x_wconf 84' lang='lat' dir='ltr'>efficere</span> <span class='ocrx_word' id='word_1_195' title='bbox 564 2196 695 2256; x_wconf 83' lang='lat' dir='ltr'>volumus</span> <span class='ocrx_word' id='word_1_196' title='bbox 717 2197 947 2266; x_wconf 85' lang='lat' dir='ltr'>accommodata;</span> <span class='ocrx_word' id='word_1_197' title='bbox 968 2199 996 2257; x_wconf 92' lang='lat' dir='ltr'>in</span> <span class='ocrx_word' id='word_1_198' title='bbox 1012 2215 1080 2258; x_wconf 90' lang='lat' dir='ltr'>con·</span> 
     </span>
     <span class='ocr_line' id='line_1_25' title="bbox 79 2280 1109 2360; baseline -0.002 -20"><span class='ocrx_word' id='word_1_199' title='bbox 79 2282 199 2356; x_wconf 89' lang='lat' dir='ltr'>iunctis,</span> <span class='ocrx_word' id='word_1_200' title='bbox 214 2291 245 2341; x_wconf 91' lang='lat' dir='ltr'>ut</span> <span class='ocrx_word' id='word_1_201' title='bbox 257 2282 421 2357; x_wconf 89' lang='lat' dir='ltr'>emendata,</span> <span class='ocrx_word' id='word_1_202' title='bbox 438 2290 468 2340; x_wconf 91' lang='lat' dir='ltr'>ut</span> <span class='ocrx_word' id='word_1_203' title='bbox 484 2281 643 2356; x_wconf 88' lang='lat' dir='ltr'>collocata,</span> <span class='ocrx_word' id='word_1_204' title='bbox 660 2288 691 2338; x_wconf 91' lang='lat' dir='ltr'>ut</span> <span class='ocrx_word' id='word_1_205' title='bbox 701 2280 832 2357; x_wconf 83' lang='lat' dir='ltr'>figurata.</span> <span class='ocrx_word' id='word_1_206' title='bbox 868 2281 927 2341; x_wconf 87' lang='lat' dir='ltr'>Sed</span> <span class='ocrx_word' id='word_1_207' title='bbox 940 2299 993 2357; x_wconf 86' lang='lat' dir='ltr'>ea,</span> <span class='ocrx_word' id='word_1_208' title='bbox 1006 2285 1109 2360; x_wconf 69' lang='lat' dir='ltr'>quaet</span> 
     </span>
     <span class='ocr_line' id='line_1_26' title="bbox 80 2362 1080 2443; baseline -0.004 -17"><span class='ocrx_word' id='word_1_209' title='bbox 80 2365 116 2426; x_wconf 89' lang='lat' dir='ltr'>de</span> <span class='ocrx_word' id='word_1_210' title='bbox 138 2367 248 2424; x_wconf 90' lang='lat' dir='ltr'>ratione</span> <span class='ocrx_word' id='word_1_211' title='bbox 263 2364 361 2424; x_wconf 82' lang='lat' dir='ltr'>Latine</span> <span class='ocrx_word' id='word_1_212' title='bbox 379 2374 465 2443; x_wconf 89' lang='lat' dir='ltr'>atque</span> <span class='ocrx_word' id='word_1_213' title='bbox 487 2363 637 2422; x_wconf 88' lang='lat' dir='ltr'>emendate</span> <span class='ocrx_word' id='word_1_214' title='bbox 661 2362 798 2440; x_wconf 87' lang='lat' dir='ltr'>loquendi</span> <span class='ocrx_word' id='word_1_215' title='bbox 816 2362 931 2422; x_wconf 84' lang='lat' dir='ltr'>luerunt</span> <span class='ocrx_word' id='word_1_216' title='bbox 947 2362 1080 2440; x_wconf 87' lang='lat' dir='ltr'>dicenda,</span> 
     </span>
     <span class='ocr_line' id='line_1_27' title="bbox 79 2446 1081 2525; baseline -0.003 -16"><span class='ocrx_word' id='word_1_217' title='bbox 79 2451 108 2509; x_wconf 92' lang='lat' dir='ltr'>in</span> <span class='ocrx_word' id='word_1_218' title='bbox 137 2448 210 2507; x_wconf 91' lang='lat' dir='ltr'>libro</span> <span class='ocrx_word' id='word_1_219' title='bbox 237 2451 346 2525; x_wconf 89' lang='lat' dir='ltr'>primo,</span> <span class='ocrx_word' id='word_1_220' title='bbox 374 2466 437 2508; x_wconf 91' lang='lat' dir='ltr'>eum</span> <span class='ocrx_word' id='word_1_221' title='bbox 464 2447 500 2506; x_wconf 94' lang='lat' dir='ltr'>de</span> <span class='ocrx_word' id='word_1_222' title='bbox 525 2447 711 2524; x_wconf 82' lang='lat' dir='ltr'>grammatice</span> <span class='ocrx_word' id='word_1_223' title='bbox 737 2446 938 2525; x_wconf 89' lang='lat' dir='ltr'>loqueremur,</span> <span class='ocrx_word' id='word_1_224' title='bbox 966 2447 1081 2506; x_wconf 77' lang='lat' dir='ltr'>executi</span> 
     </span>
     <span class='ocr_line' id='line_1_28' title="bbox 81 2530 1080 2608; baseline -0.003 -17"><span class='ocrx_word' id='word_1_225' title='bbox 81 2550 189 2591; x_wconf 91' lang='lat' dir='ltr'>sumus.</span> <span class='ocrx_word' id='word_1_226' title='bbox 225 2531 333 2590; x_wconf 87' lang='lat' dir='ltr'>Verum</span> <span class='ocrx_word' id='word_1_227' title='bbox 348 2531 408 2591; x_wconf 87' lang='lat' dir='ltr'>illie</span> <span class='ocrx_word' id='word_1_228' title='bbox 422 2539 544 2606; x_wconf 87' lang='lat' dir='ltr'>tantum,</span> <span class='ocrx_word' id='word_1_229' title='bbox 561 2547 598 2588; x_wconf 92' lang='lat' dir='ltr'>ne</span> <span class='ocrx_word' id='word_1_230' title='bbox 613 2530 717 2589; x_wconf 90' lang='lat' dir='ltr'>vitiosa</span> <span class='ocrx_word' id='word_1_231' title='bbox 733 2538 845 2606; x_wconf 88' lang='lat' dir='ltr'>esseut,</span> <span class='ocrx_word' id='word_1_232' title='bbox 862 2530 1080 2608; x_wconf 82' lang='lat' dir='ltr'>praecepimus;</span> 
     </span>
     <span class='ocr_line' id='line_1_29' title="bbox 80 2614 1080 2691; baseline -0.002 -16"><span class='ocrx_word' id='word_1_233' title='bbox 80 2617 128 2675; x_wconf 91' lang='lat' dir='ltr'>hie</span> <span class='ocrx_word' id='word_1_234' title='bbox 149 2632 206 2674; x_wconf 92' lang='lat' dir='ltr'>nou</span> <span class='ocrx_word' id='word_1_235' title='bbox 229 2615 352 2675; x_wconf 89' lang='lat' dir='ltr'>alienum</span> <span class='ocrx_word' id='word_1_236' title='bbox 374 2624 418 2675; x_wconf 92' lang='lat' dir='ltr'>est</span> <span class='ocrx_word' id='word_1_237' title='bbox 439 2615 610 2688; x_wconf 89' lang='lat' dir='ltr'>admonere,</span> <span class='ocrx_word' id='word_1_238' title='bbox 632 2622 662 2672; x_wconf 93' lang='lat' dir='ltr'>ut</span> <span class='ocrx_word' id='word_1_239' title='bbox 681 2615 736 2672; x_wconf 89' lang='lat' dir='ltr'>siut</span> <span class='ocrx_word' id='word_1_240' title='bbox 758 2631 841 2691; x_wconf 92' lang='lat' dir='ltr'>quam</span> <span class='ocrx_word' id='word_1_241' title='bbox 862 2614 975 2672; x_wconf 90' lang='lat' dir='ltr'>minime</span> <span class='ocrx_word' id='word_1_242' title='bbox 996 2631 1080 2691; x_wconf 90' lang='lat' dir='ltr'>pere·</span> 
     </span>
     <span class='ocr_line' id='line_1_30' title="bbox 80 2696 1081 2776; baseline -0.002 -19"><span class='ocrx_word' id='word_1_243' title='bbox 80 2700 162 2776; x_wconf 85' lang='lat' dir='ltr'>grina</span> <span class='ocrx_word' id='word_1_244' title='bbox 184 2707 213 2757; x_wconf 91' lang='lat' dir='ltr'>et</span> <span class='ocrx_word' id='word_1_245' title='bbox 234 2707 363 2758; x_wconf 87' lang='lat' dir='ltr'>externa.</span> <span class='ocrx_word' id='word_1_246' title='bbox 395 2696 501 2757; x_wconf 89' lang='lat' dir='ltr'>blultos</span> <span class='ocrx_word' id='word_1_247' title='bbox 530 2699 618 2772; x_wconf 84' lang='lat' dir='ltr'>enim,</span> <span class='ocrx_word' id='word_1_248' title='bbox 646 2696 748 2775; x_wconf 91' lang='lat' dir='ltr'>quibus</span> <span class='ocrx_word' id='word_1_249' title='bbox 769 2696 907 2776; x_wconf 79' lang='lat' dir='ltr'>loquendi</span> <span class='ocrx_word' id='word_1_250' title='bbox 928 2698 1001 2757; x_wconf 90' lang='lat' dir='ltr'>ratio</span> <span class='ocrx_word' id='word_1_251' title='bbox 1023 2713 1081 2755; x_wconf 90' lang='lat' dir='ltr'>non</span> 
     </span>
     <span class='ocr_line' id='line_1_31' title="bbox 81 2779 1083 2860; baseline -0.001 -19"><span class='ocrx_word' id='word_1_252' title='bbox 81 2783 172 2857; x_wconf 86' lang='lat' dir='ltr'>desit,</span> <span class='ocrx_word' id='word_1_253' title='bbox 195 2783 340 2858; x_wconf 83' lang='lat' dir='ltr'>invenias,</span> <span class='ocrx_word' id='word_1_254' title='bbox 364 2798 437 2859; x_wconf 92' lang='lat' dir='ltr'>quos</span> <span class='ocrx_word' id='word_1_255' title='bbox 456 2783 571 2840; x_wconf 90' lang='lat' dir='ltr'>curiose</span> <span class='ocrx_word' id='word_1_256' title='bbox 593 2781 688 2858; x_wconf 90' lang='lat' dir='ltr'>potius</span> <span class='ocrx_word' id='word_1_257' title='bbox 704 2781 784 2860; x_wconf 85' lang='lat' dir='ltr'>loqui</span> <span class='ocrx_word' id='word_1_258' title='bbox 805 2781 913 2841; x_wconf 88' lang='lat' dir='ltr'>dixeris</span> <span class='ocrx_word' id='word_1_259' title='bbox 930 2798 1013 2858; x_wconf 88' lang='lat' dir='ltr'>quam</span> <span class='ocrx_word' id='word_1_260' title='bbox 1029 2779 1083 2840; x_wconf 86' lang='lat' dir='ltr'>La-</span> 
     </span>
     <span class='ocr_line' id='line_1_32' title="bbox 80 2863 1083 2943; baseline -0.003 -19"><span class='ocrx_word' id='word_1_261' title='bbox 80 2866 154 2932; x_wconf 88' lang='lat' dir='ltr'>tine;</span> <span class='ocrx_word' id='word_1_262' title='bbox 177 2865 321 2941; x_wconf 86' lang='lat' dir='ltr'>quomodo</span> <span class='ocrx_word' id='word_1_263' title='bbox 344 2874 373 2923; x_wconf 93' lang='lat' dir='ltr'>et</span> <span class='ocrx_word' id='word_1_264' title='bbox 394 2864 444 2925; x_wconf 88' lang='lat' dir='ltr'>illa</span> <span class='ocrx_word' id='word_1_265' title='bbox 465 2863 562 2924; x_wconf 77' lang='lat' dir='ltr'>Attica</span> <span class='ocrx_word' id='word_1_266' title='bbox 580 2882 651 2923; x_wconf 82' lang='lat' dir='ltr'>auus</span> <span class='ocrx_word' id='word_1_267' title='bbox 670 2863 915 2943; x_wconf 85' lang='lat' dir='ltr'>Theophrastum,</span> <span class='ocrx_word' id='word_1_268' title='bbox 939 2863 1083 2923; x_wconf 89' lang='lat' dir='ltr'>hominem</span> 
     </span>
     <span class='ocr_line' id='line_1_33' title="bbox 81 2946 1082 3027; baseline 0 -21"><span class='ocrx_word' id='word_1_269' title='bbox 81 2947 191 3027; x_wconf 89' lang='lat' dir='ltr'>alioqui</span> <span class='ocrx_word' id='word_1_270' title='bbox 202 2948 429 3024; x_wconf 87' lang='lat' dir='ltr'>disertissimum,</span> <span class='ocrx_word' id='word_1_271' title='bbox 443 2956 577 3008; x_wconf 91' lang='lat' dir='ltr'>annotata</span> <span class='ocrx_word' id='word_1_272' title='bbox 589 2949 671 3006; x_wconf 90' lang='lat' dir='ltr'>unius</span> <span class='ocrx_word' id='word_1_273' title='bbox 683 2947 867 3008; x_wconf 81' lang='lat' dir='ltr'>affectatione</span> <span class='ocrx_word' id='word_1_274' title='bbox 879 2946 971 3023; x_wconf 88' lang='lat' dir='ltr'>verbi,</span> <span class='ocrx_word' id='word_1_275' title='bbox 984 2947 1082 3025; x_wconf 92' lang='lat' dir='ltr'>hospi·</span> 
     </span>
     <span class='ocr_line' id='line_1_34' title="bbox 83 3031 1081 3109; baseline -0.002 -19"><span class='ocrx_word' id='word_1_276' title='bbox 83 3041 142 3090; x_wconf 90' lang='lat' dir='ltr'>tem</span> <span class='ocrx_word' id='word_1_277' title='bbox 160 3031 245 3107; x_wconf 83' lang='lat' dir='ltr'>dixit,</span> <span class='ocrx_word' id='word_1_278' title='bbox 271 3049 328 3090; x_wconf 88' lang='lat' dir='ltr'>nec</span> <span class='ocrx_word' id='word_1_279' title='bbox 345 3032 401 3091; x_wconf 93' lang='lat' dir='ltr'>allo</span> <span class='ocrx_word' id='word_1_280' title='bbox 424 3050 456 3090; x_wconf 94' lang='lat' dir='ltr'>se</span> <span class='ocrx_word' id='word_1_281' title='bbox 478 3032 507 3091; x_wconf 93' lang='lat' dir='ltr'>id</span> <span class='ocrx_word' id='word_1_282' title='bbox 523 3031 750 3109; x_wconf 87' lang='lat' dir='ltr'>deprehendisse</span> <span class='ocrx_word' id='word_1_283' title='bbox 766 3033 942 3107; x_wconf 84' lang='lat' dir='ltr'>interrogata</span> <span class='ocrx_word' id='word_1_284' title='bbox 961 3047 1081 3108; x_wconf 91' lang='lat' dir='ltr'>respon·</span> 
     </span>
     <span class='ocr_line' id='line_1_35' title="bbox 81 3113 1110 3192; baseline -0.005 -19"><span class='ocrx_word' id='word_1_285' title='bbox 81 3114 138 3189; x_wconf 89' lang='lat' dir='ltr'>dit,</span> <span class='ocrx_word' id='word_1_286' title='bbox 163 3132 245 3192; x_wconf 90' lang='lat' dir='ltr'>quam</span> <span class='ocrx_word' id='word_1_287' title='bbox 261 3115 338 3192; x_wconf 91' lang='lat' dir='ltr'>quod</span> <span class='ocrx_word' id='word_1_288' title='bbox 354 3116 467 3174; x_wconf 92' lang='lat' dir='ltr'>nimium</span> <span class='ocrx_word' id='word_1_289' title='bbox 480 3114 578 3174; x_wconf 80' lang='lat' dir='ltr'>Attice</span> <span class='ocrx_word' id='word_1_290' title='bbox 597 3114 777 3192; x_wconf 86' lang='lat' dir='ltr'>loqueretur.</span> <span class='ocrx_word' id='word_1_291' title='bbox 808 3113 845 3174; x_wconf 84' lang='lat' dir='ltr'>Et</span> <span class='ocrx_word' id='word_1_292' title='bbox 862 3116 890 3172; x_wconf 88' lang='lat' dir='ltr'>ln</span> <span class='ocrx_word' id='word_1_293' title='bbox 905 3113 971 3172; x_wconf 76' lang='lat' dir='ltr'>&#39;l&#39;ito</span> <span class='ocrx_word' id='word_1_294' title='bbox 989 3113 1110 3189; x_wconf 66' lang='lat' dir='ltr'>binim-t</span> 
     </span>
     <span class='ocr_line' id='line_1_36' title="bbox 81 3197 1082 3276; baseline 0.001 -21"><span class='ocrx_word' id='word_1_295' title='bbox 81 3199 171 3257; x_wconf 90' lang='lat' dir='ltr'>mirae</span> <span class='ocrx_word' id='word_1_296' title='bbox 196 3199 345 3258; x_wconf 82' lang='lat' dir='ltr'>facundiae</span> <span class='ocrx_word' id='word_1_297' title='bbox 366 3201 448 3274; x_wconf 89' lang='lat' dir='ltr'>viro,</span> <span class='ocrx_word' id='word_1_298' title='bbox 475 3206 556 3276; x_wconf 87' lang='lat' dir='ltr'>putat</span> <span class='ocrx_word' id='word_1_299' title='bbox 578 3199 674 3257; x_wconf 92' lang='lat' dir='ltr'>inesse</span> <span class='ocrx_word' id='word_1_300' title='bbox 695 3198 789 3258; x_wconf 91' lang='lat' dir='ltr'>Pollio</span> <span class='ocrx_word' id='word_1_301' title='bbox 805 3197 921 3257; x_wconf 83' lang='lat' dir='ltr'>Asinius</span> <span class='ocrx_word' id='word_1_302' title='bbox 943 3197 1082 3274; x_wconf 85' lang='lat' dir='ltr'>quandam</span> 
     </span>
     <span class='ocr_line' id='line_1_37' title="bbox 81 3280 1083 3359; baseline -0.002 -18"><span class='ocrx_word' id='word_1_303' title='bbox 81 3281 307 3342; x_wconf 87' lang='lat' dir='ltr'>Pataviuitetem.</span> <span class='ocrx_word' id='word_1_304' title='bbox 347 3282 461 3356; x_wconf 80' lang='lat' dir='ltr'>Quare,</span> <span class='ocrx_word' id='word_1_305' title='bbox 486 3283 510 3341; x_wconf 91' lang='lat' dir='ltr'>si</span> <span class='ocrx_word' id='word_1_306' title='bbox 527 3281 589 3341; x_wconf 86' lang='lat' dir='ltr'>lieri</span> <span class='ocrx_word' id='word_1_307' title='bbox 605 3291 703 3359; x_wconf 91' lang='lat' dir='ltr'>potest</span> <span class='ocrx_word' id='word_1_308' title='bbox 719 3291 748 3340; x_wconf 90' lang='lat' dir='ltr'>et</span> <span class='ocrx_word' id='word_1_309' title='bbox 763 3280 853 3340; x_wconf 90' lang='lat' dir='ltr'>verba</span> <span class='ocrx_word' id='word_1_310' title='bbox 871 3281 964 3340; x_wconf 92' lang='lat' dir='ltr'>omnia</span> <span class='ocrx_word' id='word_1_311' title='bbox 980 3288 1009 3340; x_wconf 91' lang='lat' dir='ltr'>et</span> <span class='ocrx_word' id='word_1_312' title='bbox 1024 3296 1083 3339; x_wconf 85' lang='lat' dir='ltr'>vox</span> 
     </span>
     <span class='ocr_line' id='line_1_38' title="bbox 81 3364 1081 3442; baseline 0 -18"><span class='ocrx_word' id='word_1_313' title='bbox 81 3364 166 3424; x_wconf 90' lang='lat' dir='ltr'>huius</span> <span class='ocrx_word' id='word_1_314' title='bbox 181 3366 322 3425; x_wconf 91' lang='lat' dir='ltr'>alumnum</span> <span class='ocrx_word' id='word_1_315' title='bbox 339 3366 418 3424; x_wconf 91' lang='lat' dir='ltr'>urbis</span> <span class='ocrx_word' id='word_1_316' title='bbox 441 3365 554 3441; x_wconf 88' lang='lat' dir='ltr'>oleant,</span> <span class='ocrx_word' id='word_1_317' title='bbox 577 3375 608 3424; x_wconf 94' lang='lat' dir='ltr'>ut</span> <span class='ocrx_word' id='word_1_318' title='bbox 625 3367 717 3426; x_wconf 89' lang='lat' dir='ltr'>oratio</span> <span class='ocrx_word' id='word_1_319' title='bbox 733 3365 860 3425; x_wconf 87' lang='lat' dir='ltr'>Romana</span> <span class='ocrx_word' id='word_1_320' title='bbox 877 3364 962 3442; x_wconf 85' lang='lat' dir='ltr'>plane</span> <span class='ocrx_word' id='word_1_321' title='bbox 983 3364 1081 3424; x_wconf 83' lang='lat' dir='ltr'>videa-</span> 
     </span>
     <span class='ocr_line' id='line_1_39' title="bbox 82 3451 480 3523; baseline -0.008 -14"><span class='ocrx_word' id='word_1_322' title='bbox 82 3457 143 3523; x_wconf 88' lang='lat' dir='ltr'>tur,</span> <span class='ocrx_word' id='word_1_323' title='bbox 162 3467 219 3508; x_wconf 91' lang='lat' dir='ltr'>nou</span> <span class='ocrx_word' id='word_1_324' title='bbox 235 3451 350 3509; x_wconf 85' lang='lat' dir='ltr'>civitate</span> <span class='ocrx_word' id='word_1_325' title='bbox 367 3451 480 3509; x_wconf 85' lang='lat' dir='ltr'>donata.</span> 
     </span>
    </p>
   </div>
   <div class='ocr_carea' id='block_1_3' title="bbox 0 0 1291 4026">
    <p class='ocr_par' dir='ltr' id='par_1_4' title="bbox 0 0 1291 4026">
     <span class='ocr_line' id='line_1_40' title="bbox 0 0 1291 4026; baseline 0 0"><span class='ocrx_word' id='word_1_326' title='bbox 0 0 1291 4026; x_wconf 95' lang='lat' dir='ltr'> </span> 
     </span>
    </p>
   </div>
  </div>
 </body>
</html>
