2566 4026
391 185 481 234 rusr.
495 184 645 236 canrosa.
658 187 727 234 uus.
741 188 774 254 x,
787 186 813 238 1.
1058 177 1117 241 163

112 341 206 402 levem
227 342 429 418 consequimur
444 340 588 415 umbram,
605 340 678 401 adeo
694 350 725 400 ut
739 341 806 401 mihi
821 359 917 401 sermo
935 344 1000 421 ipse
1012 343 1117 407 Roma·

111 443 164 485 uus
181 442 239 483 uon
253 426 388 503 recipere
411 425 543 486 videatur
562 424 641 484 illam
663 425 735 484 solis
758 443 928 487 concessam
946 425 1051 487 Atticis
1066 448 1116 488 ve·

111 527 226 584 nerem,
252 526 315 568 cum
337 527 400 569 eam
421 528 457 569 ne
479 508 583 570 Graeci
605 509 719 586 quidem
741 510 769 568 in
790 509 847 569 alio
868 528 979 588 genere
1000 511 1117 589 linguae

112 593 296 653 obtinuerint.
326 592 446 670 Togatis
465 592 586 654 excellit
609 592 803 663 Afranium
826 594 932 654 utinam
951 611 1009 653 non
1025 596 1116 673 inqui·

111 687 209 738 nasset
220 687 387 753 argumenta
398 695 553 756 puerorum
560 676 655 738 foedis
665 676 810 739 amoribus
822 695 919 738 mores
927 695 996 736 suos
1010 678 1115 738 lassus.

195 761 234 820 ht
249 779 306 821 non
323 763 487 822 historia
509 763 633 821 cesserit
648 759 778 837 Graecis,
795 779 851 822 nec
870 779 1022 841 opponere
1040 761 1175 829 Thu-101

111 845 206 921 cydidi
222 845 439 906 Sallustium
455 862 569 906 verear.
595 843 699 923 Neque
710 846 874 923 indignetur
884 846 940 906 sibi
950 844 1116 909 Herodotus

110 931 229 1007 aequari
244 928 276 989 T.
289 929 369 989 Livi
379 948 447 1006 um,
473 949 537 991 cum
552 930 580 988 iu
594 930 736 989 narraudo
752 930 841 990 mirae
857 930 1039 991 iucunditatis
1057 931 1116 991 cla·

109 1014 272 1091 rissimique
295 1013 427 1074 candoris
447 1023 506 1074 tum
526 1015 556 1073 in
576 1013 758 1074 contionibus
779 1032 866 1092 supra
890 1031 973 1092 quam
989 1015 1117 1074 enarrari

108 1107 207 1177 potest
224 1098 424 1175 eloquentem;
447 1100 485 1158 ita
509 1115 583 1176 quae
609 1097 740 1158 dicuntur
763 1099 855 1158 omnia
873 1116 937 1157 cum
954 1097 1116 1158 robustum

108 1184 242 1262 personis
265 1182 482 1242 accommodata
503 1191 581 1250 sunt;
607 1182 728 1242 affectus
752 1181 882 1260 quidem,
898 1183 1116 1260 praecipueque

110 1284 163 1328 eos
182 1267 229 1344 qui
244 1274 310 1324 sunt
325 1266 483 1342 dulciores,
500 1275 530 1325 ut
547 1266 717 1344 parcissime
732 1265 841 1341 dicam,
860 1283 945 1325 nemo
960 1265 1115 1326 historico·

108 1370 170 1410 rum
186 1349 396 1409 commendauit
413 1351 514 1427 magis.
542 1349 672 1428 Ideoque
687 1350 877 1409 immortalem
891 1349 970 1410 illam
985 1348 1116 1410 Sallustii
1122 1358 1175 1412 102

109 1435 294 1494 uelocitatem
320 1433 443 1493 diversis
472 1432 624 1493 virtutibus
652 1442 827 1493 consecutus
851 1441 905 1492 est.
949 1431 1022 1494 Nam
1048 1432 1116 1494 milri

109 1521 230 1598 egregie
250 1518 360 1578 dixisse
376 1517 491 1577 videtur
510 1517 695 1577 Servilius
717 1516 925 1594 Nonianus,
944 1536 1044 1596 poros
1064 1536 1117 1579 eoa

107 1605 206 1683 magis
220 1618 312 1680 quum
326 1603 460 1669 similcs;
483 1602 531 1680 qui
553 1610 581 1660 et
602 1603 667 1680 ipse
689 1601 805 1662 anobis
823 1600 935 1661 auditus
957 1609 1016 1677 est,
1045 1600 1116 1661 clari

107 1689 151 1746 uir
164 1687 270 1764 ingenii
287 1695 316 1746 et
333 1687 483 1747 sententiis
500 1685 605 1745 creber
620 1685 672 1746 sed
689 1687 781 1745 minus
793 1702 912 1763 pressus
930 1702 1014 1764 quam
1026 1684 1115 1745 histo·

107 1773 168 1831 riae
197 1772 354 1831 auctoritas
377 1769 515 1848 postulat.
559 1769 651 1843 Quam
676 1769 792 1848 paulum
817 1777 913 1828 aetate
935 1767 1175 1847 praecedemus

108 1874 173 1915 eum
190 1856 326 1915 Bassus
343 1854 515 1916 Aufidius
532 1853 670 1932 egregie,
693 1854 792 1932 utique
813 1854 842 1912 in
858 1851 940 1913 libris
955 1851 1027 1912 belli
1045 1849 1115 1915 cer-

107 1941 226 2014 manici,
243 1941 404 2018 praestitit,
428 1957 538 2016 genere
561 1939 626 2017 ipso
648 1936 809 2016 probabilis
825 1937 855 1995 in
869 1936 1000 1996 omnibus
1019 1935 1115 1997 sedin

27 2072 30 2076 .
107 2024 277 2102 quibusdam
293 2026 352 2082 suis
367 2025 431 2101 ipse
446 2023 555 2083 viribus
573 2023 674 2081 minor.
712 2022 856 2100 Superest
873 2019 966 2080 adhuc
982 2028 1012 2080 et
1030 2036 1175 2091 exon-104

108 2116 155 2168 nat
170 2110 274 2167 aetatis
291 2115 409 2167 nostrae
431 2106 555 2184 gloriam
578 2109 623 2164 vir
637 2105 821 2165 saeculorum
841 2105 980 2163 memoria
999 2103 1114 2181 dignus,

108 2193 157 2270 qui
175 2192 244 2251 olim
261 2190 462 2264 nominabitur,
483 2207 557 2249 nuno
572 2188 750 2266 intelligitur.
782 2186 876 2246 Habet
892 2196 1036 2247 amatores
1059 2204 1117 2247 nec
1138 2199 1155 2238 ⁴¹

106 2277 290 2350 imitatorem,
309 2284 340 2334 ut
358 2275 404 2333 cui
419 2273 549 2347 libertas,
571 2289 732 2350 quanquam
744 2271 922 2331 circumcisis
938 2288 1012 2348 quae
1027 2271 1116 2330 dixis·

108 2369 169 2435 set,
192 2360 336 2418 nocuerit.
375 2356 434 2417 Sed
456 2356 561 2416 elatum
583 2355 695 2416 abunde
713 2354 844 2432 spiritum
860 2361 889 2413 et
907 2353 1035 2414 audaces
1049 2370 1116 2412 sen·

107 2445 211 2504 tertias
227 2441 430 2520 deprehendas
450 2442 535 2501 etiam
550 2441 579 2499 in
594 2442 645 2514 iis,
670 2456 744 2516 quae
765 2445 890 2497 manent.
930 2437 1002 2498 Sunt
1020 2435 1116 2496 etalii

108 2529 268 2606 scriptores
285 2526 364 2601 boni,
383 2525 436 2585 sed
451 2542 505 2584 nos
520 2541 631 2601 genera
647 2523 832 2601 degustamus
849 2537 906 2581 nou
921 2520 1115 2581 bibliothecas

107 2613 279 2672 excutimus.

193 2693 379 2754 Oratores
406 2709 478 2752 vero
510 2692 560 2752 vel
590 2692 750 2770 praecipue
769 2690 896 2751 Latinam
921 2688 1117 2766 eloquentiam
1124 2702 1175 2755 105

107 2798 207 2859 parem
219 2779 318 2839 lacere
332 2775 463 2838 Graecae
474 2777 596 2855 possint.
624 2774 696 2836 Nam
714 2774 937 2836 Ciceronem
953 2772 1115 2850 cuicunque

108 2881 208 2924 eorum
224 2862 338 2922 lortiter
353 2861 551 2939 opposuerim.
589 2857 653 2920 Nec
673 2860 793 2937 ignoro,
814 2868 947 2939 quantam
962 2855 1029 2915 mihi
1046 2872 1115 2914 con·

109 2949 194 3007 citem
213 2964 352 3025 pugnam,
379 2962 443 3003 cunr
458 2944 630 3022 praesertim
644 2960 702 3002 non
723 2945 759 3004 sit
773 2944 803 3004 id
820 2943 979 3022 propositi,
1004 2948 1034 2999 ut
1050 2957 1115 2998 eum

107 3030 297 3091 Demostheni
320 3046 485 3106 comparem
516 3028 575 3088 hoc
599 3036 748 3105 tempore;
776 3045 872 3106 neque
901 3027 975 3086 enim
1002 3024 1113 3100 attinet,

110 3132 173 3174 cum
189 3112 417 3173 Demosthenem
434 3113 571 3191 inprimis
583 3112 737 3189 legendum
752 3111 800 3171 vel
816 3109 1002 3172 ediscendum
1017 3109 1114 3185 potius

108 3207 216 3276 putem.
266 3197 395 3271 Quorum
421 3214 477 3274 ego
506 3198 628 3257 virtutes
657 3197 816 3274 plerasque
842 3194 967 3255 arbitror
994 3191 1175 3268 similes,106

110 3282 277 3357 consilium,
295 3281 442 3358 ordinem,
460 3280 621 3356 dividendi,
637 3278 847 3360 praeparandi,
870 3274 1011 3358 probandi
1026 3276 1115 3336 ratio>

108 3384 191 3442 nem,
216 3366 309 3426 omnia
333 3365 457 3444 denique
481 3374 643 3445 quaesunt
671 3363 854 3425 inventionis.
894 3362 926 3422 ln
949 3358 1114 3439 eloquendo

110 3460 154 3512 est
170 3450 266 3530 aliqua
283 3449 448 3519 diversitas;
467 3450 584 3511 densior
600 3449 651 3510 ille
666 3449 714 3510 hic
730 3446 889 3527 copiosior,
897 3445 963 3591 ῙίΙῙΙεΫμ
970 3442 1116 3504 concludit
