<?xml version="1.0" encoding="UTF-8"?>
<!DOCTYPE html PUBLIC "-//W3C//DTD XHTML 1.0 Transitional//EN"
    "http://www.w3.org/TR/xhtml1/DTD/xhtml1-transitional.dtd">
<html xmlns="http://www.w3.org/1999/xhtml" xml:lang="en" lang="en">
 <head>
  <title>
</title>
<meta http-equiv="Content-Type" content="text/html;charset=utf-8" />
  <meta name='ocr-system' content='tesseract 3.04.00' />
  <meta name='ocr-capabilities' content='ocr_page ocr_carea ocr_par ocr_line ocrx_word'/>
</head>
<body>
  <div class='ocr_page' id='page_1' title='image "./mfabiiquintilia00bonngoog/mfabiiquintilia00bonngoog_0375.png"; bbox 0 0 2574 3998; ppageno 0'>
   <div class='ocr_carea' id='block_1_1' title="bbox 204 138 889 210">
    <p class='ocr_par' dir='ltr' id='par_1_1' title="bbox 204 138 889 210">
     <span class='ocr_line' id='line_1_1' title="bbox 204 138 889 210; baseline 0.003 -14"><span class='ocrx_word' id='word_1_1' title='bbox 204 138 245 197; x_wconf 88' lang='grc'>40</span> <span class='ocrx_word' id='word_1_2' title='bbox 517 152 553 197; x_wconf 88' lang='lat' dir='ltr'>ru.</span> <span class='ocrx_word' id='word_1_3' title='bbox 572 150 650 198; x_wconf 80' lang='lat' dir='ltr'>ono.</span> <span class='ocrx_word' id='word_1_4' title='bbox 669 151 889 210; x_wconf 79' lang='lat' dir='ltr'>qumurnrnur</span> 
     </span>
    </p>
   </div>
   <div class='ocr_carea' id='block_1_2' title="bbox 154 302 1202 719">
    <p class='ocr_par' dir='ltr' id='par_1_2' title="bbox 154 302 1202 719">
     <span class='ocr_line' id='line_1_2' title="bbox 154 302 1202 383; baseline 0 -13"><span class='ocrx_word' id='word_1_5' title='bbox 154 303 370 383; x_wconf 83' lang='lat' dir='ltr'>rcamphiholia</span> <span class='ocrx_word' id='word_1_6' title='bbox 393 321 451 363; x_wconf 92' lang='lat' dir='ltr'>non</span> <span class='ocrx_word' id='word_1_7' title='bbox 477 313 531 364; x_wconf 88' lang='lat' dir='ltr'>est.</span> <span class='ocrx_word' id='word_1_8' title='bbox 576 302 779 382; x_wconf 69' lang='lat' dir='ltr'>amphiboliae</span> <span class='ocrx_word' id='word_1_9' title='bbox 801 315 895 365; x_wconf 89' lang='lat' dir='ltr'>autern</span> <span class='ocrx_word' id='word_1_10' title='bbox 917 307 1007 366; x_wconf 91' lang='lat' dir='ltr'>omnis</span> <span class='ocrx_word' id='word_1_11' title='bbox 1033 309 1088 368; x_wconf 88' lang='lat' dir='ltr'>erit</span> <span class='ocrx_word' id='word_1_12' title='bbox 1109 310 1138 368; x_wconf 95' lang='lat' dir='ltr'>in</span> <span class='ocrx_word' id='word_1_13' title='bbox 1160 309 1202 370; x_wconf 79' lang='lat' dir='ltr'>hit</span> 
     </span>
     <span class='ocr_line' id='line_1_3' title="bbox 197 388 1201 470; baseline 0.003 -23"><span class='ocrx_word' id='word_1_14' title='bbox 197 390 345 468; x_wconf 92' lang='lat' dir='ltr'>quaestio;</span> <span class='ocrx_word' id='word_1_15' title='bbox 367 388 536 467; x_wconf 90' lang='lat' dir='ltr'>aliquando,</span> <span class='ocrx_word' id='word_1_16' title='bbox 551 397 616 447; x_wconf 91' lang='lat' dir='ltr'>uter</span> <span class='ocrx_word' id='word_1_17' title='bbox 627 391 664 447; x_wconf 90' lang='lat' dir='ltr'>sit</span> <span class='ocrx_word' id='word_1_18' title='bbox 676 389 832 449; x_wconf 90' lang='lat' dir='ltr'>secundum</span> <span class='ocrx_word' id='word_1_19' title='bbox 847 399 976 451; x_wconf 91' lang='lat' dir='ltr'>naturam</span> <span class='ocrx_word' id='word_1_20' title='bbox 986 394 1079 470; x_wconf 89' lang='lat' dir='ltr'>magis</span> <span class='ocrx_word' id='word_1_21' title='bbox 1091 407 1201 458; x_wconf 66' lang='lat' dir='ltr'>sermm</span> 
     </span>
     <span class='ocr_line' id='line_1_4' title="bbox 196 472 1200 553; baseline 0.002 -22"><span class='ocrx_word' id='word_1_22' title='bbox 196 490 328 550; x_wconf 85' lang='lat' dir='ltr'>semper,</span> <span class='ocrx_word' id='word_1_23' title='bbox 350 481 444 531; x_wconf 93' lang='lat' dir='ltr'>utrum</span> <span class='ocrx_word' id='word_1_24' title='bbox 461 473 498 530; x_wconf 93' lang='lat' dir='ltr'>sit</span> <span class='ocrx_word' id='word_1_25' title='bbox 516 472 651 548; x_wconf 80' lang='lat' dir='ltr'>aequius:</span> <span class='ocrx_word' id='word_1_26' title='bbox 678 481 771 531; x_wconf 94' lang='lat' dir='ltr'>utrum</span> <span class='ocrx_word' id='word_1_27' title='bbox 790 474 830 548; x_wconf 94' lang='lat' dir='ltr'>is,</span> <span class='ocrx_word' id='word_1_28' title='bbox 853 475 901 551; x_wconf 94' lang='lat' dir='ltr'>qui</span> <span class='ocrx_word' id='word_1_29' title='bbox 924 476 1041 553; x_wconf 77' lang='lat' dir='ltr'><strong>scripsit</strong></span> <span class='ocrx_word' id='word_1_30' title='bbox 1064 494 1099 536; x_wconf 91' lang='lat' dir='ltr'>ac</span> <span class='ocrx_word' id='word_1_31' title='bbox 1121 476 1200 550; x_wconf 82' lang='lat' dir='ltr'>dixit,</span> 
     </span>
     <span class='ocr_line' id='line_1_5' title="bbox 195 555 1202 639; baseline 0.002 -24"><span class='ocrx_word' id='word_1_32' title='bbox 195 557 330 617; x_wconf 89' lang='lat' dir='ltr'>voluerit.</span> <span class='ocrx_word' id='word_1_33' title='bbox 377 555 502 629; x_wconf 81' lang='lat' dir='ltr'>Quamm</span> <span class='ocrx_word' id='word_1_34' title='bbox 523 557 551 614; x_wconf 94' lang='lat' dir='ltr'>in</span> <span class='ocrx_word' id='word_1_35' title='bbox 564 565 713 632; x_wconf 89' lang='lat' dir='ltr'>utramque</span> <span class='ocrx_word' id='word_1_36' title='bbox 730 565 841 634; x_wconf 94' lang='lat' dir='ltr'>partem</span> <span class='ocrx_word' id='word_1_37' title='bbox 858 559 928 617; x_wconf 90' lang='lat' dir='ltr'>satis</span> <span class='ocrx_word' id='word_1_38' title='bbox 945 576 982 618; x_wconf 84' lang='lat' dir='ltr'>ex</span> <span class='ocrx_word' id='word_1_39' title='bbox 996 559 1057 635; x_wconf 90' lang='lat' dir='ltr'>his,</span> <span class='ocrx_word' id='word_1_40' title='bbox 1074 576 1148 639; x_wconf 87' lang='lat' dir='ltr'>quae</span> <span class='ocrx_word' id='word_1_41' title='bbox 1165 558 1202 618; x_wconf 94' lang='lat' dir='ltr'>de</span> 
     </span>
     <span class='ocr_line' id='line_1_6' title="bbox 197 639 994 719; baseline -0.001 -17"><span class='ocrx_word' id='word_1_42' title='bbox 197 642 364 702; x_wconf 88' lang='lat' dir='ltr'>coniectura</span> <span class='ocrx_word' id='word_1_43' title='bbox 381 639 559 719; x_wconf 91' lang='lat' dir='ltr'>etqualitate</span> <span class='ocrx_word' id='word_1_44' title='bbox 575 639 712 714; x_wconf 83' lang='lat' dir='ltr'>diximus,</span> <span class='ocrx_word' id='word_1_45' title='bbox 731 651 921 719; x_wconf 86' lang='lat' dir='ltr'>pracceptum</span> <span class='ocrx_word' id='word_1_46' title='bbox 938 652 994 701; x_wconf 90' lang='lat' dir='ltr'>est.</span> 
     </span>
    </p>
   </div>
   <div class='ocr_carea' id='block_1_3' title="bbox 349 789 1069 844">
    <p class='ocr_par' dir='ltr' id='par_1_3' title="bbox 349 789 1069 844">
     <span class='ocr_line' id='line_1_7' title="bbox 349 789 1069 844; baseline 0.003 -4"><span class='ocrx_word' id='word_1_47' title='bbox 349 791 392 840; x_wconf 84' lang='lat' dir='ltr'>DE</span> <span class='ocrx_word' id='word_1_48' title='bbox 409 789 664 841; x_wconf 84' lang='lat' dir='ltr'><strong>PRAEDIGTORUM</strong></span> <span class='ocrx_word' id='word_1_49' title='bbox 681 789 836 842; x_wconf 79' lang='lat' dir='ltr'>STATUUM</span> <span class='ocrx_word' id='word_1_50' title='bbox 855 791 1069 844; x_wconf 80' lang='lat' dir='ltr'><strong>COGNATIONE.</strong></span> 
     </span>
    </p>
   </div>
   <div class='ocr_carea' id='block_1_4' title="bbox 169 885 1203 2391">
    <p class='ocr_par' dir='ltr' id='par_1_4' title="bbox 196 885 1202 1385">
     <span class='ocr_line' id='line_1_8' title="bbox 279 885 1202 965; baseline 0.002 -19"><span class='ocrx_word' id='word_1_51' title='bbox 279 885 316 946; x_wconf 86' lang='lat' dir='ltr'>X.</span> <span class='ocrx_word' id='word_1_52' title='bbox 347 885 402 946; x_wconf 85' lang='lat' dir='ltr'>Est</span> <span class='ocrx_word' id='word_1_53' title='bbox 417 896 511 946; x_wconf 88' lang='lat' dir='ltr'>autern</span> <span class='ocrx_word' id='word_1_54' title='bbox 530 886 670 965; x_wconf 83' lang='lat' dir='ltr'><strong>quaedam</strong></span> <span class='ocrx_word' id='word_1_55' title='bbox 686 889 760 947; x_wconf 93' lang='lat' dir='ltr'>inter</span> <span class='ocrx_word' id='word_1_56' title='bbox 775 887 829 947; x_wconf 90' lang='lat' dir='ltr'>hos</span> <span class='ocrx_word' id='word_1_57' title='bbox 846 896 936 947; x_wconf 88' lang='lat' dir='ltr'>status</span> <span class='ocrx_word' id='word_1_58' title='bbox 951 889 1096 964; x_wconf 82' lang='lat' dir='ltr'><strong>cognatio.</strong></span> <span class='ocrx_word' id='word_1_59' title='bbox 1128 887 1202 948; x_wconf 91' lang='lat' dir='ltr'>Nam</span> 
     </span>
     <span class='ocr_line' id='line_1_9' title="bbox 197 970 1200 1050; baseline 0.002 -20"><span class='ocrx_word' id='word_1_60' title='bbox 197 971 275 1030; x_wconf 87' lang='lat' dir='ltr'>etin</span> <span class='ocrx_word' id='word_1_61' title='bbox 298 971 442 1045; x_wconf 88' lang='lat' dir='ltr'>linitione,</span> <span class='ocrx_word' id='word_1_62' title='bbox 460 989 534 1048; x_wconf 87' lang='lat' dir='ltr'>quae</span> <span class='ocrx_word' id='word_1_63' title='bbox 558 971 595 1030; x_wconf 89' lang='lat' dir='ltr'>sit</span> <span class='ocrx_word' id='word_1_64' title='bbox 614 970 748 1030; x_wconf 89' lang='lat' dir='ltr'>voluntas</span> <span class='ocrx_word' id='word_1_65' title='bbox 771 973 907 1047; x_wconf 85' lang='lat' dir='ltr'>nominis,</span> <span class='ocrx_word' id='word_1_66' title='bbox 937 972 1100 1050; x_wconf 91' lang='lat' dir='ltr'>quaeritur,</span> <span class='ocrx_word' id='word_1_67' title='bbox 1124 975 1200 1032; x_wconf 91' lang='lat' dir='ltr'>etin</span> 
     </span>
     <span class='ocr_line' id='line_1_10' title="bbox 196 1053 1197 1134; baseline 0.003 -20"><span class='ocrx_word' id='word_1_68' title='bbox 196 1054 386 1132; x_wconf 79' lang='lat' dir='ltr'>syllogismo,</span> <span class='ocrx_word' id='word_1_69' title='bbox 406 1055 454 1133; x_wconf 92' lang='lat' dir='ltr'>qui</span> <span class='ocrx_word' id='word_1_70' title='bbox 470 1053 614 1113; x_wconf 90' lang='lat' dir='ltr'>secundus</span> <span class='ocrx_word' id='word_1_71' title='bbox 633 1072 648 1113; x_wconf 99' lang='lat' dir='ltr'>a</span> <span class='ocrx_word' id='word_1_72' title='bbox 664 1055 791 1114; x_wconf 82' lang='lat' dir='ltr'>linitione</span> <span class='ocrx_word' id='word_1_73' title='bbox 807 1065 897 1115; x_wconf 91' lang='lat' dir='ltr'>status</span> <span class='ocrx_word' id='word_1_74' title='bbox 915 1064 979 1130; x_wconf 90' lang='lat' dir='ltr'>est,</span> <span class='ocrx_word' id='word_1_75' title='bbox 1002 1056 1068 1133; x_wconf 91' lang='lat' dir='ltr'>quia</span> <span class='ocrx_word' id='word_1_76' title='bbox 1085 1064 1197 1134; x_wconf 84' lang='lat' dir='ltr'>specta·</span> 
     </span>
     <span class='ocr_line' id='line_1_11' title="bbox 196 1138 1202 1217; baseline 0 -19"><span class='ocrx_word' id='word_1_77' title='bbox 196 1147 257 1213; x_wconf 94' lang='lat' dir='ltr'>tur,</span> <span class='ocrx_word' id='word_1_78' title='bbox 287 1139 354 1217; x_wconf 94' lang='lat' dir='ltr'>quid</span> <span class='ocrx_word' id='word_1_79' title='bbox 376 1139 502 1198; x_wconf 88' lang='lat' dir='ltr'>voluerit</span> <span class='ocrx_word' id='word_1_80' title='bbox 522 1140 665 1216; x_wconf 91' lang='lat' dir='ltr'>scriptor;</span> <span class='ocrx_word' id='word_1_81' title='bbox 697 1141 910 1200; x_wconf 71' lang='lat' dir='ltr'>et&#39;contrarias</span> <span class='ocrx_word' id='word_1_82' title='bbox 932 1138 1017 1215; x_wconf 89' lang='lat' dir='ltr'>leges</span> <span class='ocrx_word' id='word_1_83' title='bbox 1039 1138 1111 1198; x_wconf 89' lang='lat' dir='ltr'>duos</span> <span class='ocrx_word' id='word_1_84' title='bbox 1135 1157 1202 1198; x_wconf 85' lang='lat' dir='ltr'>esse</span> 
     </span>
     <span class='ocr_line' id='line_1_12' title="bbox 196 1222 1200 1301; baseline 0.001 -20"><span class='ocrx_word' id='word_1_85' title='bbox 196 1224 297 1300; x_wconf 93' lang='lat' dir='ltr'>scripti</span> <span class='ocrx_word' id='word_1_86' title='bbox 323 1231 352 1281; x_wconf 91' lang='lat' dir='ltr'>et</span> <span class='ocrx_word' id='word_1_87' title='bbox 373 1222 529 1282; x_wconf 89' lang='lat' dir='ltr'>voluntatis</span> <span class='ocrx_word' id='word_1_88' title='bbox 556 1231 646 1282; x_wconf 87' lang='lat' dir='ltr'>status</span> <span class='ocrx_word' id='word_1_89' title='bbox 673 1233 802 1301; x_wconf 94' lang='lat' dir='ltr'>apparet.</span> <span class='ocrx_word' id='word_1_90' title='bbox 849 1222 958 1281; x_wconf 86' lang='lat' dir='ltr'>Rursus</span> <span class='ocrx_word' id='word_1_91' title='bbox 978 1230 1006 1281; x_wconf 87' lang='lat' dir='ltr'>ct</span> <span class='ocrx_word' id='word_1_92' title='bbox 1024 1223 1113 1281; x_wconf 84' lang='lat' dir='ltr'>linitio</span> <span class='ocrx_word' id='word_1_93' title='bbox 1130 1241 1200 1300; x_wconf 92' lang='lat' dir='ltr'>quo·</span> 
     </span>
     <span class='ocr_line' id='line_1_13' title="bbox 198 1305 1201 1385; baseline 0 -20"><span class='ocrx_word' id='word_1_94' title='bbox 198 1305 349 1367; x_wconf 90' lang='lat' dir='ltr'>dammodo</span> <span class='ocrx_word' id='word_1_95' title='bbox 375 1315 420 1366; x_wconf 87' lang='lat' dir='ltr'>est</span> <span class='ocrx_word' id='word_1_96' title='bbox 441 1305 632 1385; x_wconf 90' lang='lat' dir='ltr'>amphibolia,</span> <span class='ocrx_word' id='word_1_97' title='bbox 659 1324 722 1365; x_wconf 90' lang='lat' dir='ltr'>cum</span> <span class='ocrx_word' id='word_1_98' title='bbox 742 1309 770 1366; x_wconf 95' lang='lat' dir='ltr'>in</span> <span class='ocrx_word' id='word_1_99' title='bbox 792 1306 862 1366; x_wconf 90' lang='lat' dir='ltr'>duas</span> <span class='ocrx_word' id='word_1_100' title='bbox 881 1315 979 1384; x_wconf 90' lang='lat' dir='ltr'>partes</span> <span class='ocrx_word' id='word_1_101' title='bbox 995 1306 1145 1367; x_wconf 87' lang='lat' dir='ltr'>diducatur</span> <span class='ocrx_word' id='word_1_102' title='bbox 1160 1308 1201 1366; x_wconf 93' lang='lat' dir='ltr'>in·</span> 
     </span>
    </p>

    <p class='ocr_par' dir='ltr' id='par_1_5' title="bbox 169 1389 1203 2391">
     <span class='ocr_line' id='line_1_14' title="bbox 169 1389 1201 1468; baseline -0.002 -18"><span class='ocrx_word' id='word_1_103' title='bbox 169 1389 335 1451; x_wconf 73' lang='lat' dir='ltr'>tuellectus</span> <span class='ocrx_word' id='word_1_104' title='bbox 351 1391 483 1451; x_wconf 87' lang='lat' dir='ltr'>nominis.</span> <span class='ocrx_word' id='word_1_105' title='bbox 523 1391 667 1468; x_wconf 84' lang='lat' dir='ltr'>Scriptum</span> <span class='ocrx_word' id='word_1_106' title='bbox 683 1400 712 1449; x_wconf 89' lang='lat' dir='ltr'>et</span> <span class='ocrx_word' id='word_1_107' title='bbox 726 1391 860 1450; x_wconf 92' lang='lat' dir='ltr'>voluntas</span> <span class='ocrx_word' id='word_1_108' title='bbox 871 1390 959 1449; x_wconf 91' lang='lat' dir='ltr'>habet</span> <span class='ocrx_word' id='word_1_109' title='bbox 974 1392 1002 1448; x_wconf 95' lang='lat' dir='ltr'>in</span> <span class='ocrx_word' id='word_1_110' title='bbox 1017 1389 1115 1449; x_wconf 88' lang='lat' dir='ltr'>verbis</span> <span class='ocrx_word' id='word_1_111' title='bbox 1131 1391 1201 1450; x_wconf 91' lang='lat' dir='ltr'>iuris</span> 
     </span>
     <span class='ocr_line' id='line_1_15' title="bbox 197 1473 1201 1552; baseline 0.001 -20"><span class='ocrx_word' id='word_1_112' title='bbox 197 1475 413 1552; x_wconf 84' lang='lat' dir='ltr'>quaestionem,</span> <span class='ocrx_word' id='word_1_113' title='bbox 440 1473 517 1552; x_wconf 94' lang='lat' dir='ltr'>quod</span> <span class='ocrx_word' id='word_1_114' title='bbox 541 1474 616 1534; x_wconf 91' lang='lat' dir='ltr'>idem</span> <span class='ocrx_word' id='word_1_115' title='bbox 632 1475 784 1534; x_wconf 89' lang='lat' dir='ltr'>antinomia</span> <span class='ocrx_word' id='word_1_116' title='bbox 800 1475 916 1552; x_wconf 91' lang='lat' dir='ltr'>petitur.</span> <span class='ocrx_word' id='word_1_117' title='bbox 956 1473 1086 1551; x_wconf 88' lang='lat' dir='ltr'>Ideoque</span> <span class='ocrx_word' id='word_1_118' title='bbox 1108 1476 1201 1534; x_wconf 94' lang='lat' dir='ltr'>omnia</span> 
     </span>
     <span class='ocr_line' id='line_1_16' title="bbox 196 1557 1200 1636; baseline 0.001 -20"><span class='ocrx_word' id='word_1_119' title='bbox 196 1557 270 1617; x_wconf 90' lang='lat' dir='ltr'>haec</span> <span class='ocrx_word' id='word_1_120' title='bbox 297 1558 411 1636; x_wconf 91' lang='lat' dir='ltr'>quidam</span> <span class='ocrx_word' id='word_1_121' title='bbox 432 1560 570 1635; x_wconf 88' lang='lat' dir='ltr'>scriptum</span> <span class='ocrx_word' id='word_1_122' title='bbox 597 1566 626 1616; x_wconf 92' lang='lat' dir='ltr'>et</span> <span class='ocrx_word' id='word_1_123' title='bbox 646 1557 824 1617; x_wconf 86' lang='lat' dir='ltr'>voluntatem</span> <span class='ocrx_word' id='word_1_124' title='bbox 840 1575 908 1616; x_wconf 90' lang='lat' dir='ltr'>esse</span> <span class='ocrx_word' id='word_1_125' title='bbox 928 1558 1077 1633; x_wconf 86' lang='lat' dir='ltr'>dixerunt,</span> <span class='ocrx_word' id='word_1_126' title='bbox 1104 1558 1153 1617; x_wconf 92' lang='lat' dir='ltr'>aiii</span> <span class='ocrx_word' id='word_1_127' title='bbox 1172 1559 1200 1618; x_wconf 92' lang='lat' dir='ltr'>in</span> 
     </span>
     <span class='ocr_line' id='line_1_17' title="bbox 196 1640 1199 1720; baseline 0.002 -22"><span class='ocrx_word' id='word_1_128' title='bbox 196 1642 306 1718; x_wconf 91' lang='lat' dir='ltr'>scripto</span> <span class='ocrx_word' id='word_1_129' title='bbox 328 1649 357 1700; x_wconf 94' lang='lat' dir='ltr'>et</span> <span class='ocrx_word' id='word_1_130' title='bbox 371 1641 521 1701; x_wconf 89' lang='lat' dir='ltr'>voluntate</span> <span class='ocrx_word' id='word_1_131' title='bbox 542 1640 743 1720; x_wconf 88' lang='lat' dir='ltr'>amphiboliam</span> <span class='ocrx_word' id='word_1_132' title='bbox 760 1659 845 1716; x_wconf 91' lang='lat' dir='ltr'>esse,</span> <span class='ocrx_word' id='word_1_133' title='bbox 869 1659 943 1720; x_wconf 91' lang='lat' dir='ltr'>quae</span> <span class='ocrx_word' id='word_1_134' title='bbox 963 1641 1032 1702; x_wconf 87' lang='lat' dir='ltr'>iacit</span> <span class='ocrx_word' id='word_1_135' title='bbox 1055 1643 1199 1719; x_wconf 85' lang='lat' dir='ltr'>quaestio·</span> 
     </span>
     <span class='ocr_line' id='line_1_18' title="bbox 198 1723 1200 1786; baseline 0.002 -4"><span class='ocrx_word' id='word_1_136' title='bbox 198 1741 272 1783; x_wconf 93' lang='lat' dir='ltr'>nem.</span> <span class='ocrx_word' id='word_1_137' title='bbox 307 1724 366 1784; x_wconf 90' lang='lat' dir='ltr'>Sed</span> <span class='ocrx_word' id='word_1_138' title='bbox 382 1725 515 1785; x_wconf 91' lang='lat' dir='ltr'>distincta</span> <span class='ocrx_word' id='word_1_139' title='bbox 530 1734 603 1783; x_wconf 92' lang='lat' dir='ltr'>sunt.</span> <span class='ocrx_word' id='word_1_140' title='bbox 642 1723 728 1784; x_wconf 78' lang='lat' dir='ltr'>Aliud</span> <span class='ocrx_word' id='word_1_141' title='bbox 745 1734 789 1784; x_wconf 93' lang='lat' dir='ltr'>est</span> <span class='ocrx_word' id='word_1_142' title='bbox 804 1727 877 1784; x_wconf 91' lang='lat' dir='ltr'>enirn</span> <span class='ocrx_word' id='word_1_143' title='bbox 894 1725 1048 1786; x_wconf 88' lang='lat' dir='ltr'>obscurum</span> <span class='ocrx_word' id='word_1_144' title='bbox 1063 1728 1107 1785; x_wconf 94' lang='lat' dir='ltr'>ius</span> <span class='ocrx_word' id='word_1_145' title='bbox 1123 1725 1200 1785; x_wconf 88' lang='lat' dir='ltr'>aliud</span> 
     </span>
     <span class='ocr_line' id='line_1_19' title="bbox 169 1805 1199 1888; baseline 0.001 -22"><span class='ocrx_word' id='word_1_146' title='bbox 169 1805 370 1884; x_wconf 81' lang='lat' dir='ltr'>3ambiguum.</span> <span class='ocrx_word' id='word_1_147' title='bbox 400 1808 491 1885; x_wconf 84' lang='lat' dir='ltr'>Igitur</span> <span class='ocrx_word' id='word_1_148' title='bbox 505 1808 595 1867; x_wconf 86' lang='lat' dir='ltr'>linitio</span> <span class='ocrx_word' id='word_1_149' title='bbox 611 1809 639 1867; x_wconf 91' lang='lat' dir='ltr'>in</span> <span class='ocrx_word' id='word_1_150' title='bbox 660 1817 760 1868; x_wconf 93' lang='lat' dir='ltr'>natura</span> <span class='ocrx_word' id='word_1_151' title='bbox 782 1810 845 1886; x_wconf 91' lang='lat' dir='ltr'>ipsa</span> <span class='ocrx_word' id='word_1_152' title='bbox 861 1811 982 1868; x_wconf 91' lang='lat' dir='ltr'>nominis</span> <span class='ocrx_word' id='word_1_153' title='bbox 999 1811 1199 1888; x_wconf 90' lang='lat' dir='ltr'>quaestionem</span> 
     </span>
     <span class='ocr_line' id='line_1_20' title="bbox 196 1890 1201 1971; baseline 0.001 -21"><span class='ocrx_word' id='word_1_154' title='bbox 196 1890 284 1950; x_wconf 91' lang='lat' dir='ltr'>habet</span> <span class='ocrx_word' id='word_1_155' title='bbox 298 1892 483 1969; x_wconf 82' lang='lat' dir='ltr'>generalem,</span> <span class='ocrx_word' id='word_1_156' title='bbox 507 1901 536 1952; x_wconf 95' lang='lat' dir='ltr'>et</span> <span class='ocrx_word' id='word_1_157' title='bbox 554 1909 628 1970; x_wconf 91' lang='lat' dir='ltr'>quae</span> <span class='ocrx_word' id='word_1_158' title='bbox 649 1909 716 1951; x_wconf 88' lang='grc' dir='ltr'><strong>εεεε</strong></span> <span class='ocrx_word' id='word_1_159' title='bbox 738 1892 822 1952; x_wconf 90' lang='lat' dir='ltr'>etiam</span> <span class='ocrx_word' id='word_1_160' title='bbox 840 1894 912 1952; x_wconf 89' lang='lat' dir='ltr'>citra</span> <span class='ocrx_word' id='word_1_161' title='bbox 932 1893 1116 1971; x_wconf 86' lang='lat' dir='ltr'>complexum</span> <span class='ocrx_word' id='word_1_162' title='bbox 1135 1910 1201 1951; x_wconf 91' lang='lat' dir='ltr'>cau·</span> 
     </span>
     <span class='ocr_line' id='line_1_21' title="bbox 197 1974 1202 2055; baseline 0.001 -22"><span class='ocrx_word' id='word_1_163' title='bbox 197 1991 248 2034; x_wconf 91' lang='lat' dir='ltr'>sae</span> <span class='ocrx_word' id='word_1_164' title='bbox 266 1977 374 2053; x_wconf 90' lang='lat' dir='ltr'>possit;</span> <span class='ocrx_word' id='word_1_165' title='bbox 393 1978 531 2054; x_wconf 89' lang='lat' dir='ltr'>scriptum</span> <span class='ocrx_word' id='word_1_166' title='bbox 546 1984 576 2035; x_wconf 90' lang='lat' dir='ltr'>et</span> <span class='ocrx_word' id='word_1_167' title='bbox 592 1975 727 2035; x_wconf 88' lang='lat' dir='ltr'>voluntas</span> <span class='ocrx_word' id='word_1_168' title='bbox 745 1976 781 2036; x_wconf 90' lang='lat' dir='ltr'>de</span> <span class='ocrx_word' id='word_1_169' title='bbox 801 1992 837 2036; x_wconf 94' lang='lat' dir='ltr'>eo</span> <span class='ocrx_word' id='word_1_170' title='bbox 855 1977 981 2055; x_wconf 89' lang='lat' dir='ltr'>disputat</span> <span class='ocrx_word' id='word_1_171' title='bbox 995 1977 1103 2051; x_wconf 90' lang='lat' dir='ltr'>verbo,</span> <span class='ocrx_word' id='word_1_172' title='bbox 1124 1974 1202 2053; x_wconf 94' lang='lat' dir='ltr'>quod</span> 
     </span>
     <span class='ocr_line' id='line_1_22' title="bbox 198 2060 1202 2139; baseline 0 -22"><span class='ocrx_word' id='word_1_173' title='bbox 198 2068 243 2118; x_wconf 90' lang='lat' dir='ltr'>est</span> <span class='ocrx_word' id='word_1_174' title='bbox 258 2061 286 2118; x_wconf 96' lang='lat' dir='ltr'>in</span> <span class='ocrx_word' id='word_1_175' title='bbox 301 2060 385 2137; x_wconf 88' lang='lat' dir='ltr'>lege,</span> <span class='ocrx_word' id='word_1_176' title='bbox 402 2060 589 2137; x_wconf 75' lang='lat' dir='ltr'>syllogismus</span> <span class='ocrx_word' id='word_1_177' title='bbox 606 2060 641 2120; x_wconf 91' lang='lat' dir='ltr'>de</span> <span class='ocrx_word' id='word_1_178' title='bbox 658 2076 711 2135; x_wconf 86' lang='lat' dir='ltr'>co,</span> <span class='ocrx_word' id='word_1_179' title='bbox 734 2060 811 2138; x_wconf 94' lang='lat' dir='ltr'>quod</span> <span class='ocrx_word' id='word_1_180' title='bbox 827 2078 884 2119; x_wconf 94' lang='lat' dir='ltr'>non</span> <span class='ocrx_word' id='word_1_181' title='bbox 902 2070 956 2120; x_wconf 90' lang='lat' dir='ltr'>est.</span> <span class='ocrx_word' id='word_1_182' title='bbox 998 2060 1202 2139; x_wconf 83' lang='lat' dir='ltr'>Amphiboliae</span> 
     </span>
     <span class='ocr_line' id='line_1_23' title="bbox 198 2142 1203 2221; baseline 0 -19"><span class='ocrx_word' id='word_1_183' title='bbox 198 2142 233 2202; x_wconf 89' lang='lat' dir='ltr'>lis</span> <span class='ocrx_word' id='word_1_184' title='bbox 251 2145 280 2203; x_wconf 94' lang='lat' dir='ltr'>in</span> <span class='ocrx_word' id='word_1_185' title='bbox 295 2144 440 2204; x_wconf 89' lang='lat' dir='ltr'>diversum</span> <span class='ocrx_word' id='word_1_186' title='bbox 455 2143 556 2220; x_wconf 93' lang='lat' dir='ltr'>trahit,</span> <span class='ocrx_word' id='word_1_187' title='bbox 580 2143 677 2221; x_wconf 92' lang='lat' dir='ltr'>legum</span> <span class='ocrx_word' id='word_1_188' title='bbox 693 2146 898 2204; x_wconf 87' lang='lat' dir='ltr'>contrariarum</span> <span class='ocrx_word' id='word_1_189' title='bbox 915 2163 953 2204; x_wconf 85' lang='lat' dir='ltr'>ex</span> <span class='ocrx_word' id='word_1_190' title='bbox 968 2144 1084 2204; x_wconf 83' lang='lat' dir='ltr'>diverso</span> <span class='ocrx_word' id='word_1_191' title='bbox 1106 2160 1203 2221; x_wconf 93' lang='lat' dir='ltr'>pugna</span> 
     </span>
     <span class='ocr_line' id='line_1_24' title="bbox 169 2226 1201 2307; baseline -0.004 -16"><span class='ocrx_word' id='word_1_192' title='bbox 169 2234 252 2291; x_wconf 76' lang='lat' dir='ltr'>aest.</span> <span class='ocrx_word' id='word_1_193' title='bbox 288 2226 391 2307; x_wconf 87' lang='lat' dir='ltr'>Neque</span> <span class='ocrx_word' id='word_1_194' title='bbox 415 2229 555 2288; x_wconf 91' lang='lat' dir='ltr'>immerito</span> <span class='ocrx_word' id='word_1_195' title='bbox 582 2236 611 2287; x_wconf 91' lang='lat' dir='ltr'>et</span> <span class='ocrx_word' id='word_1_196' title='bbox 632 2237 753 2307; x_wconf 91' lang='lat' dir='ltr'>recepta</span> <span class='ocrx_word' id='word_1_197' title='bbox 770 2237 815 2287; x_wconf 91' lang='lat' dir='ltr'>est</span> <span class='ocrx_word' id='word_1_198' title='bbox 833 2247 849 2288; x_wconf 95' lang='lat' dir='ltr'><strong>a</strong></span> <span class='ocrx_word' id='word_1_199' title='bbox 865 2227 1039 2288; x_wconf 86' lang='lat' dir='ltr'>doctissimis</span> <span class='ocrx_word' id='word_1_200' title='bbox 1057 2228 1132 2288; x_wconf 90' lang='lat' dir='ltr'>haec</span> <span class='ocrx_word' id='word_1_201' title='bbox 1147 2226 1201 2287; x_wconf 85' lang='lat' dir='ltr'>dit-</span> 
     </span>
     <span class='ocr_line' id='line_1_25' title="bbox 198 2310 1194 2391; baseline 0 -21"><span class='ocrx_word' id='word_1_202' title='bbox 198 2310 320 2372; x_wconf 88' lang='lat' dir='ltr'>ierentia</span> <span class='ocrx_word' id='word_1_203' title='bbox 345 2320 374 2371; x_wconf 91' lang='lat' dir='ltr'>et</span> <span class='ocrx_word' id='word_1_204' title='bbox 398 2312 474 2391; x_wconf 94' lang='lat' dir='ltr'>apud</span> <span class='ocrx_word' id='word_1_205' title='bbox 491 2311 631 2391; x_wconf 88' lang='lat' dir='ltr'>plurimos</span> <span class='ocrx_word' id='word_1_206' title='bbox 647 2331 682 2372; x_wconf 91' lang='lat' dir='ltr'>ac</span> <span class='ocrx_word' id='word_1_207' title='bbox 698 2312 937 2391; x_wconf 88' lang='lat' dir='ltr'>prudentissimos</span> <span class='ocrx_word' id='word_1_208' title='bbox 958 2312 1051 2372; x_wconf 89' lang='lat' dir='ltr'>durat.</span> <span class='ocrx_word' id='word_1_209' title='bbox 1191 2312 1194 2318; x_wconf 83' lang='grc'><strong>’</strong></span> 
     </span>
    </p>
   </div>
   <div class='ocr_carea' id='block_1_5' title="bbox 520 2461 872 2513">
    <p class='ocr_par' dir='ltr' id='par_1_6' title="bbox 520 2461 872 2513">
     <span class='ocr_line' id='line_1_26' title="bbox 520 2461 872 2513; baseline -0.003 -1"><span class='ocrx_word' id='word_1_210' title='bbox 520 2463 562 2512; x_wconf 77' lang='lat' dir='ltr'>ott</span> <span class='ocrx_word' id='word_1_211' title='bbox 576 2463 612 2512; x_wconf 87' lang='lat' dir='ltr'>VI</span> <span class='ocrx_word' id='word_1_212' title='bbox 629 2461 872 2513; x_wconf 88' lang='lat' dir='ltr'>DlSPOSlTIONlS.</span> 
     </span>
    </p>
   </div>
   <div class='ocr_carea' id='block_1_6' title="bbox 99 2557 1207 3476">
    <p class='ocr_par' dir='ltr' id='par_1_7' title="bbox 99 2557 1207 3476">
     <span class='ocr_line' id='line_1_27' title="bbox 183 2557 1205 2638; baseline -0.003 -19"><span class='ocrx_word' id='word_1_213' title='bbox 183 2557 184 2560; x_wconf 69' lang='grc'>’</span> <span class='ocrx_word' id='word_1_214' title='bbox 279 2557 316 2619; x_wconf 84' lang='grc' dir='ltr'>Ει</span> <span class='ocrx_word' id='word_1_215' title='bbox 339 2558 454 2618; x_wconf 84' lang='lat' dir='ltr'>de&#39;hoc</span> <span class='ocrx_word' id='word_1_216' title='bbox 481 2560 595 2637; x_wconf 93' lang='lat' dir='ltr'>quidem</span> <span class='ocrx_word' id='word_1_217' title='bbox 617 2578 728 2636; x_wconf 88' lang='lat' dir='ltr'>genere</span> <span class='ocrx_word' id='word_1_218' title='bbox 756 2557 970 2638; x_wconf 89' lang='lat' dir='ltr'>dispositionis,</span> <span class='ocrx_word' id='word_1_219' title='bbox 1008 2557 1119 2617; x_wconf 87' lang='lat' dir='ltr'>etiamsi</span> <span class='ocrx_word' id='word_1_220' title='bbox 1146 2574 1205 2616; x_wconf 96' lang='lat' dir='ltr'>non</span> 
     </span>
     <span class='ocr_line' id='line_1_28' title="bbox 99 2640 1205 2724; baseline -0.005 -19"><span class='ocrx_word' id='word_1_221' title='bbox 99 2715 103 2724; x_wconf 22' lang='lat' dir='ltr'><em>q</em></span> <span class='ocrx_word' id='word_1_222' title='bbox 170 2644 306 2718; x_wconf 80' lang='lat' dir='ltr'>somnia,</span> <span class='ocrx_word' id='word_1_223' title='bbox 328 2642 401 2702; x_wconf 88' lang='lat' dir='ltr'>tradi</span> <span class='ocrx_word' id='word_1_224' title='bbox 422 2652 517 2702; x_wconf 90' lang='lat' dir='ltr'>tamen</span> <span class='ocrx_word' id='word_1_225' title='bbox 536 2643 632 2720; x_wconf 94' lang='lat' dir='ltr'>aliqua</span> <span class='ocrx_word' id='word_1_226' title='bbox 652 2651 817 2722; x_wconf 91' lang='lat' dir='ltr'>potuerunt.</span> <span class='ocrx_word' id='word_1_227' title='bbox 847 2643 918 2702; x_wconf 92' lang='lat' dir='ltr'>Sunt</span> <span class='ocrx_word' id='word_1_228' title='bbox 939 2640 1011 2716; x_wconf 87' lang='lat' dir='ltr'>alia,</span> <span class='ocrx_word' id='word_1_229' title='bbox 1037 2658 1128 2719; x_wconf 87' lang='lat' dir='ltr'>quae,</span> <span class='ocrx_word' id='word_1_230' title='bbox 1150 2641 1205 2700; x_wconf 88' lang='lat' dir='ltr'>nisi</span> 
     </span>
     <span class='ocr_line' id='line_1_29' title="bbox 198 2725 1203 2806; baseline -0.003 -21"><span class='ocrx_word' id='word_1_231' title='bbox 198 2728 364 2806; x_wconf 91' lang='lat' dir='ltr'>proposita,</span> <span class='ocrx_word' id='word_1_232' title='bbox 385 2725 421 2785; x_wconf 91' lang='lat' dir='ltr'>de</span> <span class='ocrx_word' id='word_1_233' title='bbox 438 2743 494 2803; x_wconf 92' lang='lat' dir='ltr'>qua</span> <span class='ocrx_word' id='word_1_234' title='bbox 510 2726 661 2787; x_wconf 90' lang='lat' dir='ltr'>dicendum</span> <span class='ocrx_word' id='word_1_235' title='bbox 677 2735 738 2802; x_wconf 89' lang='lat' dir='ltr'>est,</span> <span class='ocrx_word' id='word_1_236' title='bbox 754 2728 891 2800; x_wconf 93' lang='lat' dir='ltr'>materia,</span> <span class='ocrx_word' id='word_1_237' title='bbox 915 2726 991 2784; x_wconf 85' lang='lat' dir='ltr'>viam</span> <span class='ocrx_word' id='word_1_238' title='bbox 1006 2725 1130 2785; x_wconf 91' lang='lat' dir='ltr'>docendi</span> <span class='ocrx_word' id='word_1_239' title='bbox 1145 2742 1203 2783; x_wconf 94' lang='lat' dir='ltr'>non</span> 
     </span>
     <span class='ocr_line' id='line_1_30' title="bbox 199 2808 1204 2889; baseline -0.004 -20"><span class='ocrx_word' id='word_1_240' title='bbox 199 2810 367 2889; x_wconf 88' lang='lat' dir='ltr'>praebeant.</span> <span class='ocrx_word' id='word_1_241' title='bbox 400 2808 466 2869; x_wconf 91' lang='lat' dir='ltr'>Non</span> <span class='ocrx_word' id='word_1_242' title='bbox 482 2812 557 2870; x_wconf 93' lang='lat' dir='ltr'>enim</span> <span class='ocrx_word' id='word_1_243' title='bbox 573 2829 660 2871; x_wconf 89' lang='lat' dir='ltr'>causa</span> <span class='ocrx_word' id='word_1_244' title='bbox 675 2811 810 2870; x_wconf 91' lang='lat' dir='ltr'>universa</span> <span class='ocrx_word' id='word_1_245' title='bbox 825 2812 854 2870; x_wconf 96' lang='lat' dir='ltr'>in</span> <span class='ocrx_word' id='word_1_246' title='bbox 868 2811 1054 2889; x_wconf 90' lang='lat' dir='ltr'>quaestiones</span> <span class='ocrx_word' id='word_1_247' title='bbox 1070 2826 1104 2868; x_wconf 91' lang='lat' dir='ltr'>ac</span> <span class='ocrx_word' id='word_1_248' title='bbox 1119 2808 1204 2868; x_wconf 91' lang='lat' dir='ltr'>locos</span> 
     </span>
     <span class='ocr_line' id='line_1_31' title="bbox 199 2891 1205 2973; baseline -0.002 -21"><span class='ocrx_word' id='word_1_249' title='bbox 199 2893 359 2954; x_wconf 86' lang='lat' dir='ltr'>diducenda</span> <span class='ocrx_word' id='word_1_250' title='bbox 381 2901 442 2968; x_wconf 92' lang='lat' dir='ltr'>est,</span> <span class='ocrx_word' id='word_1_251' title='bbox 464 2894 517 2954; x_wconf 91' lang='lat' dir='ltr'>sed</span> <span class='ocrx_word' id='word_1_252' title='bbox 538 2894 593 2954; x_wconf 84' lang='lat' dir='ltr'>hae</span> <span class='ocrx_word' id='word_1_253' title='bbox 612 2896 695 2973; x_wconf 88' lang='lat' dir='ltr'>ipsae</span> <span class='ocrx_word' id='word_1_254' title='bbox 715 2903 814 2971; x_wconf 93' lang='lat' dir='ltr'>partes</span> <span class='ocrx_word' id='word_1_255' title='bbox 833 2893 941 2953; x_wconf 90' lang='lat' dir='ltr'>habent</span> <span class='ocrx_word' id='word_1_256' title='bbox 957 2911 1056 2952; x_wconf 90' lang='lat' dir='ltr'>rursus</span> <span class='ocrx_word' id='word_1_257' title='bbox 1075 2891 1205 2951; x_wconf 91' lang='lat' dir='ltr'>ordinem</span> 
     </span>
     <span class='ocr_line' id='line_1_32' title="bbox 199 2976 1206 3056; baseline -0.003 -20"><span class='ocrx_word' id='word_1_258' title='bbox 199 2996 289 3037; x_wconf 90' lang='lat' dir='ltr'>suum.</span> <span class='ocrx_word' id='word_1_259' title='bbox 334 2976 407 3037; x_wconf 90' lang='lat' dir='ltr'>Nam</span> <span class='ocrx_word' id='word_1_260' title='bbox 424 2986 452 3037; x_wconf 93' lang='lat' dir='ltr'>et</span> <span class='ocrx_word' id='word_1_261' title='bbox 469 2977 496 3036; x_wconf 91' lang='lat' dir='ltr'>in</span> <span class='ocrx_word' id='word_1_262' title='bbox 512 2979 663 3056; x_wconf 91' lang='lat' dir='ltr'>prooemio</span> <span class='ocrx_word' id='word_1_263' title='bbox 680 2979 800 3056; x_wconf 91' lang='lat' dir='ltr'>primum</span> <span class='ocrx_word' id='word_1_264' title='bbox 821 2986 866 3037; x_wconf 89' lang='lat' dir='ltr'>est</span> <span class='ocrx_word' id='word_1_265' title='bbox 881 2976 987 3055; x_wconf 93' lang='lat' dir='ltr'>aliquid</span> <span class='ocrx_word' id='word_1_266' title='bbox 1004 2985 1033 3035; x_wconf 91' lang='lat' dir='ltr'>et</span> <span class='ocrx_word' id='word_1_267' title='bbox 1048 2976 1206 3036; x_wconf 91' lang='lat' dir='ltr'>secundum</span> 
     </span>
     <span class='ocr_line' id='line_1_33' title="bbox 199 3059 1204 3141; baseline -0.002 -21"><span class='ocrx_word' id='word_1_268' title='bbox 199 3079 234 3121; x_wconf 88' lang='lat' dir='ltr'>ac</span> <span class='ocrx_word' id='word_1_269' title='bbox 253 3061 410 3139; x_wconf 91' lang='lat' dir='ltr'>deinceps,</span> <span class='ocrx_word' id='word_1_270' title='bbox 438 3070 467 3121; x_wconf 91' lang='lat' dir='ltr'>et</span> <span class='ocrx_word' id='word_1_271' title='bbox 482 3063 615 3141; x_wconf 87' lang='lat' dir='ltr'>quaestio</span> <span class='ocrx_word' id='word_1_272' title='bbox 638 3063 729 3121; x_wconf 89' lang='lat' dir='ltr'>omnis</span> <span class='ocrx_word' id='word_1_273' title='bbox 751 3080 786 3121; x_wconf 91' lang='lat' dir='ltr'>ac</span> <span class='ocrx_word' id='word_1_274' title='bbox 800 3061 885 3120; x_wconf 93' lang='lat' dir='ltr'>locus</span> <span class='ocrx_word' id='word_1_275' title='bbox 902 3059 990 3120; x_wconf 80' lang='lat' dir='ltr'>habet</span> <span class='ocrx_word' id='word_1_276' title='bbox 1006 3078 1085 3119; x_wconf 91' lang='lat' dir='ltr'>suam</span> <span class='ocrx_word' id='word_1_277' title='bbox 1107 3060 1204 3137; x_wconf 89' lang='lat' dir='ltr'>dispo·</span> 
     </span>
     <span class='ocr_line' id='line_1_34' title="bbox 170 3143 1204 3224; baseline -0.006 -16"><span class='ocrx_word' id='word_1_278' title='bbox 170 3145 333 3208; x_wconf 85' lang='lat' dir='ltr'>ositionem</span> <span class='ocrx_word' id='word_1_279' title='bbox 353 3153 383 3204; x_wconf 93' lang='lat' dir='ltr'>ut</span> <span class='ocrx_word' id='word_1_280' title='bbox 399 3145 499 3205; x_wconf 88' lang='lat' dir='ltr'>theses</span> <span class='ocrx_word' id='word_1_281' title='bbox 518 3147 604 3206; x_wconf 88' lang='lat' dir='ltr'>etiam</span> <span class='ocrx_word' id='word_1_282' title='bbox 619 3145 777 3224; x_wconf 88' lang='lat' dir='ltr'>simplices.</span> <span class='ocrx_word' id='word_1_283' title='bbox 818 3144 881 3204; x_wconf 91' lang='lat' dir='ltr'>Nisi</span> <span class='ocrx_word' id='word_1_284' title='bbox 898 3144 975 3204; x_wconf 81' lang='lat' dir='ltr'>torte</span> <span class='ocrx_word' id='word_1_285' title='bbox 995 3146 1065 3203; x_wconf 91' lang='lat' dir='ltr'>satis</span> <span class='ocrx_word' id='word_1_286' title='bbox 1089 3145 1144 3203; x_wconf 91' lang='lat' dir='ltr'>erit</span> <span class='ocrx_word' id='word_1_287' title='bbox 1164 3143 1204 3202; x_wconf 94' lang='lat' dir='ltr'>di·</span> 
     </span>
     <span class='ocr_line' id='line_1_35' title="bbox 199 3225 1206 3308; baseline -0.002 -22"><span class='ocrx_word' id='word_1_288' title='bbox 199 3228 314 3291; x_wconf 91' lang='lat' dir='ltr'>videndi</span> <span class='ocrx_word' id='word_1_289' title='bbox 335 3230 461 3307; x_wconf 89' lang='lat' dir='ltr'>peritus,</span> <span class='ocrx_word' id='word_1_290' title='bbox 488 3231 536 3308; x_wconf 95' lang='lat' dir='ltr'>qui</span> <span class='ocrx_word' id='word_1_291' title='bbox 563 3231 790 3289; x_wconf 91' lang='lat' dir='ltr'>controversiam</span> <span class='ocrx_word' id='word_1_292' title='bbox 816 3231 845 3288; x_wconf 92' lang='lat' dir='ltr'>in</span> <span class='ocrx_word' id='word_1_293' title='bbox 870 3228 944 3288; x_wconf 90' lang='lat' dir='ltr'>haec</span> <span class='ocrx_word' id='word_1_294' title='bbox 971 3227 1129 3302; x_wconf 82' lang='lat' dir='ltr'>diduxerit,</span> <span class='ocrx_word' id='word_1_295' title='bbox 1160 3225 1206 3285; x_wconf 83' lang='lat' dir='ltr'>An</span> 
     </span>
     <span class='ocr_line' id='line_1_36' title="bbox 200 3308 1207 3391; baseline -0.002 -22"><span class='ocrx_word' id='word_1_296' title='bbox 200 3327 284 3370; x_wconf 92' lang='lat' dir='ltr'>omne</span> <span class='ocrx_word' id='word_1_297' title='bbox 307 3314 465 3391; x_wconf 88' lang='lat' dir='ltr'>praemium</span> <span class='ocrx_word' id='word_1_298' title='bbox 489 3312 623 3373; x_wconf 88' lang='lat' dir='ltr'>viroiorti</span> <span class='ocrx_word' id='word_1_299' title='bbox 649 3313 770 3373; x_wconf 89' lang='lat' dir='ltr'>dandum</span> <span class='ocrx_word' id='word_1_300' title='bbox 796 3314 850 3388; x_wconf 85' lang='lat' dir='ltr'>sit,</span> <span class='ocrx_word' id='word_1_301' title='bbox 877 3330 913 3371; x_wconf 97' lang='lat' dir='ltr'>an</span> <span class='ocrx_word' id='word_1_302' title='bbox 937 3329 974 3370; x_wconf 84' lang='lat' dir='ltr'>ex</span> <span class='ocrx_word' id='word_1_303' title='bbox 998 3313 1127 3389; x_wconf 86' lang='lat' dir='ltr'>privato;</span> <span class='ocrx_word' id='word_1_304' title='bbox 1159 3308 1207 3368; x_wconf 80' lang='lat' dir='ltr'>An</span> 
     </span>
     <span class='ocr_line' id='line_1_37' title="bbox 199 3392 1207 3476; baseline -0.001 -23"><span class='ocrx_word' id='word_1_305' title='bbox 199 3395 331 3474; x_wconf 91' lang='lat' dir='ltr'>nuptiae,</span> <span class='ocrx_word' id='word_1_306' title='bbox 349 3415 384 3456; x_wconf 94' lang='lat' dir='ltr'>an</span> <span class='ocrx_word' id='word_1_307' title='bbox 396 3397 476 3474; x_wconf 89' lang='lat' dir='ltr'>cius,</span> <span class='ocrx_word' id='word_1_308' title='bbox 492 3415 566 3476; x_wconf 91' lang='lat' dir='ltr'>quae</span> <span class='ocrx_word' id='word_1_309' title='bbox 578 3406 665 3476; x_wconf 94' lang='lat' dir='ltr'>nupta</span> <span class='ocrx_word' id='word_1_310' title='bbox 675 3397 729 3472; x_wconf 90' lang='lat' dir='ltr'>sit,</span> <span class='ocrx_word' id='word_1_311' title='bbox 746 3392 886 3457; x_wconf 86' lang='lat' dir='ltr'>anhaecl</span> <span class='ocrx_word' id='word_1_312' title='bbox 906 3394 1026 3470; x_wconf 94' lang='lat' dir='ltr'>deinde,</span> <span class='ocrx_word' id='word_1_313' title='bbox 1044 3413 1107 3455; x_wconf 88' lang='lat' dir='ltr'>curn</span> <span class='ocrx_word' id='word_1_314' title='bbox 1119 3394 1207 3455; x_wconf 87' lang='lat' dir='ltr'>luerit</span> 
     </span>
    </p>
   </div>
   <div class='ocr_carea' id='block_1_7' title="bbox 0 0 1294 3998">
    <p class='ocr_par' dir='ltr' id='par_1_8' title="bbox 0 0 1294 3998">
     <span class='ocr_line' id='line_1_38' title="bbox 0 0 1294 3998; baseline 0 0"><span class='ocrx_word' id='word_1_315' title='bbox 0 0 1294 3998; x_wconf 95' lang='lat' dir='ltr'> </span> 
     </span>
    </p>
   </div>
  </div>
 </body>
</html>
