2566 4026
174 178 234 240 196
497 191 533 237 m.
549 190 628 238 aaa.
645 190 866 250 qurnnruraau

172 364 235 407 cem
257 347 406 406 continuus
430 345 543 422 quidam
563 346 687 421 gemitus
709 355 738 405 et
759 347 835 408 idem
856 347 988 407 tristitiae
1004 345 1100 407 vultus
1116 366 1182 409 ser·

170 429 300 505 rabitur,
325 432 351 490 si
371 429 486 508 quidem
505 428 588 489 volet
608 430 740 491 dolorem
762 448 843 490 suum
866 433 951 491 etiam
975 434 1004 491 in
1028 432 1182 494 audientes

170 513 395 574 transfundere?
416 531 501 592 quem
517 515 541 572 si
556 530 677 592 usquam
693 516 848 590 remiserit,
869 517 898 574 in
915 517 1036 574 animaru
1051 516 1181 576 iudican-

129 599 239 660 estium
265 615 322 657 non
347 597 479 657 reducet.
518 596 603 670 Quod
628 600 786 677 praecipue
811 599 1037 660 declamantibus
1065 599 1183 678 (neque

171 684 245 742 enim
259 700 305 742 me
321 684 451 760 poenitet
467 681 502 741 ad
517 681 575 740 boc
590 699 707 761 quoque
724 700 798 761 opus
814 701 908 742 meum
923 692 953 743 et
968 702 1064 743 curam
1077 703 1182 744 susce·

169 775 284 846 ptorum
309 765 401 826 semel
427 765 655 825 adolescentium
679 768 847 846 respicere)
876 767 1095 829 custodiendum
1122 779 1181 843 est,

171 867 229 928 quo
246 850 345 928 plures
361 851 389 908 in
406 849 509 910 schola
524 849 669 926 finguntur
684 851 817 926 allectus,
835 868 909 929 quos
923 868 981 910 non
998 860 1029 910 ιιι
1045 852 1183 912 advocati

128 933 221 998 eosed
236 943 267 993 ut
287 936 366 1013 passi
387 933 523 993 subimus.
558 931 629 993 Gum
647 936 731 993 etiam
753 935 810 995 boc
833 952 926 1011 genus
944 934 1071 994 simulari
1089 934 1183 995 litium

169 1017 279 1093 soleat,
302 1036 366 1078 cum
389 1020 432 1077 ius
451 1019 551 1076 mortis
569 1036 586 1077 a
601 1027 702 1077 senatu
724 1019 839 1096 quidam
855 1019 892 1078 ob
909 1019 1033 1096 aliquam
1047 1036 1183 1095 magnam

168 1101 368 1163 infelicitatem
387 1101 436 1161 vel
458 1103 544 1161 etiam
567 1103 772 1180 poenitentiam
795 1111 913 1180 petunt,
940 1104 969 1161 in
994 1102 1097 1180 quibus
1119 1120 1180 1162 nou

168 1186 263 1245 solum
282 1194 418 1261 cantare,
442 1186 520 1264 quod
541 1187 640 1245 vitium
661 1187 805 1264 pervasit,
828 1196 876 1246 aut
898 1187 1034 1246 lascivire
1061 1187 1114 1246 sed
1142 1206 1180 1246 ne

168 1270 364 1346 argumentari
380 1269 495 1347 quidem
510 1271 565 1328 nisi
579 1271 675 1330 mixtis
692 1279 721 1330 et
736 1269 852 1348 quidem
870 1272 926 1346 ita,
947 1279 978 1329 ut
991 1271 1055 1348 ipsa
1071 1270 1180 1348 proba-

168 1354 247 1413 tione
262 1355 354 1430 magis
372 1355 524 1430 emineant,
540 1353 692 1413 affectibus
708 1355 803 1414 decet.
835 1352 908 1412 Nam
925 1356 972 1431 qui
988 1355 1181 1414 intermittere

168 1438 326 1515 iungendo
343 1437 476 1497 dolorem
491 1447 606 1516 potest,
628 1437 742 1497 videtur
759 1454 848 1515 posse
865 1439 951 1496 etiam
972 1437 1133 1515 deponere.

125 1527 159 1584 57
252 1521 360 1581 Nescio
377 1530 473 1581 tamen
490 1540 526 1581 an
540 1521 634 1597 huius,
651 1521 687 1581 de
703 1539 761 1600 quo
777 1521 930 1598 loquimur,
947 1521 1063 1580 decoris
1080 1531 1180 1581 custo-

169 1606 215 1665 dia
232 1607 355 1666 maxime
379 1607 457 1665 circa
480 1623 548 1681 eos,
572 1613 702 1665 contra
723 1622 813 1682 quos
832 1604 965 1679 dicimus,
988 1606 1180 1747 quaminauda

168 1692 214 1748 sit.
254 1688 327 1749 Nam
345 1692 408 1748 siue
432 1688 518 1748 dubio
543 1691 571 1747 in
594 1687 724 1748 omnibus
749 1690 845 1747 statim
865 1690 993 1748 accusati
1015 1688 1097 1748 nibus
1119 1689 1180 1749 boc

168 1772 310 1849 agendum
327 1782 382 1847 est,
399 1790 435 1830 ne
451 1773 486 1831 ad
502 1790 552 1831 eas
566 1771 691 1830 libenter
706 1771 895 1831 descendisse
910 1771 1066 1831 videamur.
1092 1770 1179 1832 ldeo-

168 1874 225 1936 que
249 1856 316 1915 mibi
337 1855 409 1916 illud
425 1853 518 1914 Cassii
541 1856 644 1915 Severi
665 1872 723 1914 non
745 1856 931 1915 mediocriter
949 1856 1100 1934 displicet:
1123 1855 1180 1917 Dii

167 1939 253 2016 boni,
282 1942 371 2008 cium·
399 1946 443 2014 et,
472 1956 530 2016 quo
549 1958 598 2000 me
615 1941 720 2001 eicere
740 1940 838 2017 iacet,
862 1943 1070 2018 Asprenatem
1090 1959 1180 2001 reum

165 2025 263 2084 uideo.
299 2023 365 2083 Non
386 2023 460 2082 enim
476 2025 549 2082 insta
567 2041 605 2082 en
621 2042 708 2084 eausa
722 2024 770 2083 vel
786 2025 954 2084 necessaria
968 2025 1063 2084 videri
1077 2033 1180 2102 potest

124 2107 332 2185 t8postulasse
351 2125 416 2167 eum
430 2107 483 2166 sed
498 2108 620 2184 quadam
631 2108 787 2168 accusandi
802 2108 962 2186 voluptate.
987 2106 1107 2167 Praeter
1117 2108 1178 2168 boc

165 2201 270 2266 tamen,
287 2191 365 2270 quod
385 2199 430 2250 cst
447 2209 608 2266 commune,
625 2193 772 2270 propriam
786 2192 1016 2251 moderationem
1033 2192 1178 2270 quaedam

96 2287 100 2291 ’
166 2294 271 2336 causae
289 2275 463 2335 desiderant.
504 2275 691 2353 Quapropter
708 2285 753 2351 et,
777 2277 825 2354 qai
841 2277 1018 2336 curationem
1034 2275 1178 2335 bonorum

164 2362 255 2439 patris
271 2359 439 2439 postulabit,
459 2359 559 2420 doleat
577 2360 638 2418 eius
653 2359 863 2428 valetudinem
891 2367 921 2418 et
936 2359 1093 2438 quamlibet
1108 2378 1177 2435 gra-

163 2445 210 2504 via
227 2443 286 2503 lilio
302 2452 386 2523 pater
402 2443 569 2503 obiecturus
585 2445 788 2502 misserrimam
803 2442 858 2501 sibi
874 2443 1008 2503 ostendat
1022 2461 1088 2501 esse
1101 2443 1178 2502 hanc

164 2529 255 2605 ipsam
280 2528 503 2602 necessitatem,
531 2545 586 2587 uec
608 2527 665 2586 boc
687 2528 788 2606 paucis
808 2526 895 2585 modo
919 2527 1018 2587 verbis
1041 2528 1093 2586 sed
1111 2535 1176 2586 toto

166 2610 268 2670 colore
284 2613 422 2686 actionis,
445 2619 476 2670 ut
500 2610 529 2670 id
550 2629 615 2670 eum
638 2628 696 2670 non
714 2611 813 2670 dicere
828 2611 914 2670 modo
931 2611 984 2670 sed
1001 2612 1086 2670 etiam
1101 2629 1176 2669 vere

121 2692 264 2754 obdiccre
280 2703 430 2772 appareat.
461 2693 525 2753 Nec
541 2697 669 2755 causanti
684 2695 797 2773 pupillo
813 2695 856 2753 sic
870 2703 949 2753 tutor
964 2696 1106 2754 irascatur
1123 2714 1176 2753 un·

164 2797 264 2856 quam,
289 2787 320 2837 ut
344 2796 401 2838 non
420 2787 587 2838 remaneant
606 2780 711 2839 amoris
730 2780 854 2855 vestigia
877 2786 906 2837 et
927 2797 1011 2839 sacra
1034 2778 1178 2857 quaedam

163 2865 253 2941 patris
278 2864 340 2922 eius
364 2864 510 2922 memoria.
544 2862 603 2923 lam
631 2863 777 2941 quomodo
801 2870 902 2923 contra
923 2863 1103 2923 abdicantem
1125 2880 1176 2940 pa·

163 2953 246 3023 trem,
264 2956 433 3026 querentem
449 2964 587 3023 uxorem,
610 2949 657 3024 agi
674 2965 790 3007 causam
806 2955 974 3026 oporteret,
992 2949 1020 3005 in
1035 2946 1128 3021 libro,
1147 2956 1178 3006 ιιι

164 3031 303 3107 arbitror,
328 3032 450 3110 septimo
475 3032 542 3090 dixi.
586 3029 707 3104 Quando
728 3033 810 3110 ipsos
833 3031 929 3109 loqui,
952 3030 1066 3108 quando
1090 3032 1177 3089 etiam

163 3115 297 3175 advocati
308 3133 383 3175 voce
399 3117 439 3175 uti
455 3117 568 3192 deceat,
586 3124 703 3194 quartus
719 3117 803 3192 liber,
821 3117 849 3174 in
861 3131 918 3193 quo
933 3116 1076 3194 prooemii
1087 3132 1175 3192 prae-

163 3208 248 3277 cepta
264 3208 340 3276 sunt,
357 3202 493 3260 continet.

120 3290 155 3345 60
244 3282 320 3343 Esse
335 3286 364 3342 in
379 3283 477 3343 verbis
495 3285 572 3362 quod
591 3286 695 3345 deceat
710 3293 758 3343 aut
775 3291 859 3363 turpe
875 3285 922 3359 sit,
939 3284 1044 3342 nemini
1057 3281 1176 3342 dubium

164 3374 218 3424 est.
255 3365 347 3425 Unum
366 3369 421 3427 iam
442 3370 528 3444 igitur
545 3369 612 3428 huic
627 3369 712 3444 loco,
735 3369 814 3445 quod
832 3377 876 3428 est
891 3386 961 3427 saue
977 3383 1103 3425 summae
1120 3366 1175 3425 dil·

163 3447 315 3526 iicultatis,
339 3450 529 3511 adiiciendum
551 3453 680 3529 videtur,
703 3452 919 3530 quibusmodis
943 3469 993 3528 ea,
1018 3460 1177 3528 quaesunt
