2566 4026
246 155 307 218 222
555 167 592 214 u.
615 166 693 213 rus.
716 164 935 225 omanorum

246 332 396 401 utrumque
421 311 607 402 παράδειγμα
634 336 702 377 εεεε
729 319 897 395 credamus,
930 328 959 379 et
984 320 1040 399 ipsi
1066 321 1251 399 appellemus

247 405 457 486 exemplum.
502 399 566 462 Nec
587 417 711 477 vereor,
738 419 774 461 ne
795 402 896 463 ridear
918 420 1083 481 repugnare
1100 402 1247 481 Ciceroni,

247 507 407 571 quanquam
418 486 604 548 collationem
615 493 734 563 separet
745 484 780 545 ab
793 487 938 565 exemplo.
963 485 1035 548 Nam
1047 488 1122 547 idem
1135 505 1251 549 onmem

245 572 521 651 argumentationem
542 568 642 629 dividit
662 570 691 627 in
712 567 781 628 duas
802 578 916 648 partes,
944 570 1137 631 inductionem
1157 582 1186 633 et
1203 591 1248 632 ra-

246 657 480 729 tiocinationem,
507 660 539 712 ut
561 651 695 731 plerique
717 650 893 712 Graecorum
921 654 949 712 in
972 655 1196 734 παραδείγματα
1220 665 1250 715 ει

140 769 142 774 ·
245 731 473 820 ἐπιχειρήματα,
505 736 696 813 dixeruntque
729 730 915 816 παράδειγμα
946 728 1105 817 ῥητορικὴν
1138 736 1249 817 ἐπαγω-

218 815 309 903 3γῆν.
353 821 426 882 Nam
451 820 519 895 illa,
551 836 606 897 qua
632 819 783 898 plurimum
812 828 857 878 est
884 820 1023 880 Socrates
1051 839 1143 897 usus,
1174 821 1249 882 hanc

244 906 342 966 habuit
365 908 455 965 viam:
485 920 548 964 cum
570 902 653 981 plura
675 903 902 979 interrogasset,
933 920 1007 982 quae
1035 903 1120 964 lateri
1146 905 1248 965 adver·

245 991 322 1050 sario
344 1005 468 1049 necesse
485 995 581 1062 esset,
604 986 760 1045 novissime
775 985 819 1062 id,
842 985 879 1046 de
898 1004 954 1064 quo
971 987 1182 1066 quaerebatur,
1207 989 1248 1046 in-

245 1072 374 1148 terebat,
396 1072 442 1132 cui
457 1069 550 1130 simile
566 1070 773 1129 concessisset.
813 1068 844 1129 ld
858 1078 903 1129 εει
925 1070 1102 1130 inductio.
1140 1071 1205 1131 Hoc
1221 1072 1250 1130 in

246 1157 377 1216 oratione
399 1155 461 1215 lieri
482 1170 540 1213 non
561 1161 675 1231 potest;
699 1152 767 1228 sed,
790 1152 867 1230 quod
888 1153 949 1212 illic
965 1155 1178 1231 interrogatur,
1201 1154 1250 1214 hic

218 1242 306 1307 alere
330 1240 458 1298 sumitur.
503 1236 556 1297 llla
573 1237 763 1313 interrogatio
778 1236 861 1296 talis:
892 1235 981 1308 Quod
998 1246 1043 1298 est
1058 1257 1180 1317 pomam
1194 1257 1249 1317 pe-

243 1323 491 1386 ncrosissimum?
512 1338 627 1397 nonae,
647 1320 728 1398 quod
742 1320 911 1399 optimum?
933 1321 1119 1381 concedetur.
1167 1319 1250 1394 Quid

245 1408 362 1486 equos?
384 1406 438 1483 qai
445 1405 719 1484 generosissimus?
738 1400 860 1479 Nonne,
883 1405 936 1480 qut
948 1406 1097 1482 optimus?
1123 1412 1153 1463 et
1165 1404 1250 1484 plura

245 1492 273 1549 in
295 1488 417 1548 eundem
437 1488 560 1547 modum.
605 1486 736 1563 Deinde,
765 1487 845 1546 cuius
866 1487 909 1546 rei
932 1489 1025 1564 gratia
1042 1496 1175 1565 rogatum
1192 1497 1248 1564 est,

247 1571 329 1646 Orrid
339 1573 448 1633 torno?
476 1568 622 1632 Nonaer's
631 1571 899 1649 generosissimus,
922 1573 1135 1650 quioptr'mos?
1156 1572 1257 1632 faren-

220 1656 311 1716 5dum
327 1655 390 1715 erit.
435 1653 499 1713 lloc
514 1655 543 1713 in
557 1654 673 1713 testium
691 1654 918 1730 interrogatione
935 1653 1014 1714 valet
1029 1655 1197 1733 plurimum,
1220 1656 1248 1714 in

246 1740 377 1799 oratione
400 1745 542 1817 perpetua
565 1736 703 1797 dissimile
725 1744 783 1805 est;
813 1738 918 1796 etenim
934 1738 1068 1816 sibiipsa
1088 1738 1250 1817 respondet

246 1831 352 1883 orator.
399 1819 488 1895 Quod
505 1839 628 1899 porcum
648 1821 935 1899 generosissimum?
962 1827 1051 1901 puto,
1075 1824 1157 1900 quod
1170 1824 1249 1901 opti·

245 1925 344 1974 mam,·
366 1906 527 1983 alequas?
556 1906 609 1982 qui
623 1904 848 1966 velocissimos:
870 1907 914 1966 ito
929 1905 1097 1981 lominum,
1120 1924 1181 1967 con
1197 1907 1250 1984 qut

245 1990 387 2052 claritate
403 1989 554 2050 noscendi
568 1990 626 2050 sed
641 1990 693 2066 qui
706 1989 816 2050 virtute
828 1989 961 2050 maxime
977 1990 1113 2051 excellet.

330 2068 429 2132 Omnia
444 2072 530 2149 igitur
545 2089 583 2130 ex
600 2071 657 2131 hoc
672 2089 782 2148 genere
798 2080 910 2150 sumpta
925 2090 1050 2132 necesse
1065 2080 1110 2130 est
1128 2081 1176 2132 aut
1197 2073 1247 2131 si-

244 2155 343 2215 milia
370 2172 437 2215 esse
463 2164 511 2214 aut
536 2154 734 2215 dissimilia
761 2163 809 2215 aut
837 2158 1038 2216 contraria.
1084 2154 1248 2215 Similitudo

244 2240 398 2299 assumitur
412 2239 525 2298 interim
541 2246 570 2298 et
585 2238 621 2298 ad
637 2239 775 2299 orationis
792 2247 937 2308 ornatum;
959 2238 1012 2299 sed
1027 2238 1094 2313 illa,
1118 2256 1182 2297 cum
1197 2255 1247 2298 res

245 2325 358 2400 exiget;
389 2340 464 2383 nunc
486 2339 538 2398 ea,
562 2338 636 2400 quae
653 2319 904 2401 adprobationem
921 2323 1082 2401 pertinent,
1106 2339 1246 2401 exequar.

218 2406 474 2470 6Potentissimum
496 2414 590 2466 autem
612 2414 656 2465 est
676 2407 751 2464 inter
772 2423 823 2480 ea,
846 2423 921 2484 quae
937 2415 1002 2465 sunt
1017 2406 1099 2466 huius
1117 2406 1246 2483 generis,

132 2486 134 2491 ’
245 2489 322 2567 quod
344 2491 463 2568 proprie
482 2506 620 2550 vocamus
643 2487 872 2567 Exemplum,
900 2488 929 2548 id
954 2498 998 2548 εει
1019 2489 1062 2549 rei
1080 2499 1184 2566 gestae
1199 2497 1247 2548 aut

244 2581 274 2631 ut
296 2582 399 2649 gestae
420 2572 496 2632 utilis
515 2572 550 2632 ad
566 2571 796 2650 persuadendum
811 2572 856 2647 id,
880 2571 957 2650 quod
973 2572 1147 2648 intenderis,
1170 2589 1246 2632 com·

244 2657 423 2716 memoratio.
469 2654 637 2715 Intuendum
663 2657 749 2732 igitur
773 2664 832 2731 est,
866 2664 956 2714 totum
979 2656 1072 2715 simile
1093 2658 1130 2714 sit
1152 2674 1187 2716 an
1210 2674 1247 2714 ex

244 2747 343 2816 parte,
361 2747 391 2798 ut
406 2747 454 2798 aut
470 2740 564 2798 onmia
579 2756 616 2798 ex
632 2755 668 2798 eo
685 2756 827 2798 sumamus
844 2748 892 2798 aut
904 2756 977 2816 quae
995 2739 1075 2799 utilia
1093 2748 1168 2798 sunt.
1203 2739 1246 2798 si-

219 2822 310 2887 tmile
327 2831 387 2898 est,
410 2820 485 2885 Iure
499 2822 622 2883 occisus
636 2831 681 2883 cst
694 2820 882 2883 Saturninus
898 2824 977 2884 sicut
992 2822 1136 2883 Gracchi.
1181 2820 1246 2882 Dis-

243 2905 353 2979 simile,
375 2903 492 2966 Brutus
503 2905 618 2967 occidit
632 2906 743 2968 liberos
752 2905 956 2984 proditionem
967 2906 1141 2972 molientcsr
1157 2902 1245 2966 llan-

242 2989 302 3049 lr'us
323 2990 463 3050 uirtutem
482 2987 539 3067 atta·
557 2995 651 3051 ntorte
666 2990 813 3051 multavit.
858 2986 1053 3065 Contrarium,
1078 2985 1248 3052 Marcellus

243 3079 423 3134 ornamento
444 3070 655 3151 Syracusanis
669 3073 805 3134 tordius
825 3074 976 3142 restituit;
1009 3071 1123 3134 Verres
1137 3072 1247 3134 iisdem

243 3156 336 3216 sociis
350 3156 483 3220 obstulit.
527 3154 565 3215 Et
580 3155 793 3234 probandorum
805 3165 835 3215 et
847 3154 1054 3234 culpandomm
1067 3173 1104 3215 ex
1118 3152 1163 3215 luis
1178 3171 1246 3216 con·

218 3237 363 3297 Blirmatio
388 3240 508 3300 eosdem
527 3239 633 3316 gradus
657 3238 753 3299 habet.
799 3237 893 3299 Etiam
915 3240 943 3297 in
968 3240 1020 3314 iis,
1050 3257 1124 3318 quae
1152 3238 1246 3299 lutura

244 3319 388 3396 dicemus,
415 3323 492 3383 utilis
514 3321 646 3382 similium
668 3322 821 3381 admonitio
849 3331 908 3397 est,
938 3330 968 3380 ut
994 3323 1019 3381 si
1046 3325 1109 3400 quis
1133 3322 1245 3398 dicens,

245 3402 412 3478 Dionysium
435 3407 543 3466 idcirco
566 3415 669 3483 petere
693 3403 830 3465 custodes
849 3405 949 3465 salutis
967 3423 1055 3482 suae,
1077 3415 1124 3482 ut,
1147 3424 1246 3466 eorum
