2566 4026
237 183 277 244 44
463 210 464 215 1
556 189 918 250 u.sne.ounvr1n1srv1

236 347 310 408 omni
323 363 411 424 porro
424 346 542 406 materia
557 347 687 405 triaesse
697 344 871 423 quaerenda,
889 363 924 404 an
937 348 988 421 sit,
1007 347 1074 425 quid
1088 349 1136 423 sit,
1151 348 1237 427 qualo

235 433 280 491 sit.
317 430 368 489 llis
395 429 616 504 adiiciebamus,
640 428 891 488 demonstrativam
916 430 1000 489 laude
1029 449 1064 490 ac
1091 433 1236 510 vitupera·

234 517 311 573 tione
328 522 472 573 constare.
502 513 534 573 ln
548 531 599 588 ea,
617 531 690 591 quae
702 512 738 572 ab
752 515 833 590 ipso,
849 512 884 572 de
902 530 958 590 quo
971 513 1150 591 diceremus,
1164 533 1238 594 quae

234 606 302 676 post
318 615 382 656 eum
403 606 467 656 acta
484 605 598 671 essent,
625 597 798 656 intuendum.
831 595 895 656 Hoc
916 613 990 675 opus
1010 605 1133 657 tractatu
1149 599 1237 658 bone·

206 689 344 744 9storum
361 681 528 758 utiliumque
545 689 690 739 constare.
720 681 865 739 Suasoriis
882 680 1026 740 accedere
1042 682 1156 741 tertiam
1174 699 1237 760 par·

234 774 292 824 tem
314 782 352 823 ex
374 765 557 840 coniectura,
575 773 715 842 possetne
737 763 814 838 lieri,
838 773 922 823 etan
944 773 1024 823 esset
1039 765 1180 842 futurum,
1202 765 1238 824 de

235 864 291 926 quo
308 847 529 911 deliberaretur.
563 847 616 906 Hic
630 848 789 924 praecipue
804 848 925 906 diximus
941 848 1145 925 spectandum,
1163 850 1238 927 quis,

234 931 309 1010 apud
325 949 426 1007 quem,
446 931 514 1009 qnid
533 931 654 990 diceret.
687 929 864 990 iudicialium
885 948 1034 990 causarum
1049 931 1121 990 alias
1139 933 1167 990 in
1183 934 1235 991 sin-

233 1015 310 1092 gulis
326 1015 398 1074 alias
415 1017 443 1074 in
455 1014 585 1092 pluribus
603 1015 810 1074 controversiis
831 1016 1011 1089 consistere,
1030 1023 1059 1073 et
1075 1015 1102 1072 in
1122 1015 1237 1092 quibus·

234 1099 297 1159 darn
322 1099 509 1158 intentionem
538 1098 638 1165 modo;
666 1098 867 1176 depulsionem
893 1115 981 1176 porro
1004 1114 1116 1156 ornnem
1136 1098 1237 1158 infitia-

233 1184 313 1241 tione
334 1181 458 1260 duplici,
481 1183 626 1241 lactumne
650 1191 679 1241 et
700 1199 735 1240 an
755 1180 813 1240 boc
835 1180 940 1241 iactum
964 1189 1060 1256 esset,
1084 1190 1237 1259 praeterea

194 1265 405 1325 lodeiensione
431 1284 466 1327 ao
492 1264 680 1326 translatione
706 1275 850 1325 constare.
893 1263 1100 1337 Quaestionem
1128 1273 1176 1324 aut
1202 1282 1238 1327 ex

234 1350 344 1427 scripto
362 1367 429 1408 esse
443 1358 491 1409 aut
507 1367 543 1408 ex
558 1349 652 1408 lacto:
675 1348 771 1424 iacto,
788 1349 824 1408 de
839 1366 934 1407 rerum
949 1347 1023 1422 iide,
1046 1349 1237 1426 proprietate,

234 1433 386 1511 qualitate;
409 1434 534 1510 scripto,
556 1432 592 1492 de
616 1431 771 1491 verborum
793 1433 822 1490 vi
845 1440 892 1491 ant
906 1431 1069 1498 voluntate;
1092 1431 1239 1509 inquibus

233 1517 278 1575 vis
296 1525 353 1575 tum
372 1533 522 1576 causarum
541 1523 600 1574 tum
619 1518 763 1574 actionum
779 1517 882 1593 inspici
903 1515 1013 1590 soleat,
1036 1531 1170 1592 quaeque
1193 1524 1241 1574 aut

234 1599 335 1676 scripti
357 1607 386 1658 et
409 1599 566 1659 voluntatis
587 1607 635 1657 aut
662 1600 879 1658 ratiocinativus
904 1607 951 1658 aut
978 1597 1171 1674 ambiguitatis
1193 1606 1240 1657 aut

194 1682 331 1758 lllegum
348 1683 555 1741 contrariarum
571 1683 672 1759 specie
686 1684 875 1742 continentur.
911 1681 1031 1741 inomni
1046 1697 1134 1760 porro
1153 1699 1240 1741 causa

233 1765 360 1824 iudiciali
390 1767 515 1843 quinque
546 1782 613 1823 esse
646 1774 762 1842 partes,
792 1783 909 1844 quarum
937 1764 1058 1824 exordio
1091 1765 1240 1825 conciliari

234 1847 413 1925 audientem,
443 1848 608 1908 narratione
630 1850 782 1927 proposita
811 1849 988 1924 confirmari,
1015 1846 1151 1924 refutari,
1174 1865 1238 1926 per·

192 1932 366 1993 lucratione
394 1941 441 1992 aut
459 1933 625 1991 memoriam
641 1932 722 1992 refici
743 1941 791 1993 aut
806 1934 914 1992 animos
934 1932 1055 1991 moveri.
1088 1930 1138 1989 His
1155 1948 1239 2007 argu-

233 2015 377 2074 mentandi
404 2025 433 2075 et
460 2015 605 2075 afficiendi
626 2015 710 2075 locos
732 2025 760 2075 et
783 2016 887 2096 quibus
911 2014 1067 2092 generibus
1089 2015 1240 2091 concitari,

234 2098 360 2177 placari,
376 2099 487 2159 resolvi
504 2099 615 2158 iudices
632 2108 798 2178 oporteret,
816 2100 982 2160 adiecimus.
1013 2097 1150 2157 Accessit
1165 2098 1239 2157 ratio

235 2181 392 2242 divisionis.
775 2189 777 2193 ’

321 2263 451 2327 Credere
466 2267 552 2327 modo
574 2268 622 2344 qui
640 2267 733 2327 discet
743 2267 823 2326 velit.
861 2263 949 2326 Certa
965 2269 1105 2344 quaedam
1121 2267 1167 2326 via
1184 2275 1239 2343 est,

235 2358 265 2408 et
289 2350 318 2407 in
341 2367 396 2428 qua
412 2351 500 2410 multa
517 2351 601 2409 etiam
618 2352 680 2408 sine
698 2351 827 2410 doctrina
843 2359 993 2429 praestare
1015 2351 1122 2411 debeat
1138 2369 1192 2428 per
1207 2368 1241 2409 se

235 2433 299 2510 ipsa
314 2443 429 2510 natura,
447 2443 477 2494 ut
489 2434 576 2509 baec,
594 2431 746 2511 dequibus
762 2433 839 2507 dixi,
856 2442 980 2492 nontam
993 2437 1108 2494 inventa
1125 2451 1240 2512 aprae-

235 2516 403 2594 ceptoribus
435 2535 535 2596 quam,
566 2534 630 2576 curn
659 2516 778 2591 tierent,
804 2516 959 2576 observata
989 2537 1055 2578 esse
1079 2517 1239 2577 videantur.

194 2598 301 2658 sarius
326 2603 445 2677 exigunt
465 2599 574 2660 laboris
596 2608 625 2658 et
647 2617 751 2675 curae,
774 2618 849 2679 quae
871 2611 1039 2678 sequuntur.
1071 2601 1145 2660 Hinc
1167 2600 1241 2659 enim

235 2684 290 2741 iam
307 2683 539 2742 elocutionis
562 2684 702 2742 rationem
723 2683 924 2758 tractabimus,
946 2694 1058 2762 partem
1074 2685 1191 2762 operis,
1211 2691 1242 2742 ut

234 2765 309 2824 inter
324 2783 424 2825 omnes
440 2775 573 2826 oratores
589 2767 741 2842 convenit,
766 2766 971 2826 diiiicillimam.
1003 2767 1075 2827 Nam
1092 2777 1121 2826 et
1131 2766 1168 2826 bl.
1182 2766 1240 2844 An-

235 2851 347 2925 tonius,
370 2851 450 2908 cuius
466 2867 554 2928 supra
569 2849 718 2909 babuimus
733 2852 923 2924 mentionem,
949 2869 1013 2911 cum
1026 2871 1047 2912 a
1063 2871 1097 2912 se
1112 2853 1242 2911 disertos

234 2934 314 2993 visos
336 2952 403 2994 csse
420 2933 546 3009 maltos,
570 2934 624 3008 ait,
647 2935 832 3012 eloquentem
846 2936 1010 2997 nemiuem:
1039 2935 1149 2995 diserto
1172 2933 1241 2992 satis

234 3024 315 3093 putat
336 3016 434 3075 dicere
456 3034 530 3094 quae
552 3025 703 3094 oporteat,
726 3027 826 3077 ornate
849 3027 943 3077 autem
965 3019 1064 3078 dicere
1093 3019 1241 3095 proprium

194 3102 304 3158 liesse
326 3099 565 3178 eloquentissimi.
604 3098 685 3172 Quae
705 3103 794 3160 virtus
817 3104 842 3160 si
862 3120 955 3179 usque
978 3102 1013 3161 ad
1032 3119 1097 3160 eum
1112 3102 1140 3159 in
1160 3100 1240 3160 nullo

234 3191 352 3259 reperta
369 3191 430 3257 est,
453 3200 488 3242 ac
503 3202 538 3242 ne
555 3184 583 3241 in
600 3185 664 3260 ipso
683 3185 796 3261 quidem
812 3194 859 3243 aut
876 3184 907 3244 b.
926 3182 1049 3244 Crasso:
1067 3193 1178 3244 certum
1196 3191 1241 3242 est

236 3273 264 3323 et
282 3264 326 3323 bis
349 3275 378 3325 et
401 3265 546 3344 prioribus
571 3284 634 3326 eam
658 3267 864 3343 desideratam,
888 3269 953 3345 quia
980 3267 1150 3328 difficillima
1176 3267 1238 3327 iuit.

234 3344 272 3405 Et
286 3346 401 3408 lllarcus
417 3349 528 3409 Tullius
546 3351 740 3409 inventionem
756 3350 871 3430 quidem
885 3368 920 3410 ac
938 3352 1157 3429 dispositionem
1172 3369 1239 3429 pru·

191 3428 328 3494 todonae
350 3431 471 3491 hominis
495 3441 590 3510 putat,
617 3433 810 3512 eloquentiam
834 3435 968 3494 oratoris.
1004 3434 1135 3513 ideoque
1154 3451 1239 3511 prae·
