2566 4026
154 135 195 197 90
478 146 843 207 uunnaamunrnmur

154 303 309 384 pertinent.
343 302 422 364 Idem
437 303 557 361 sentiret
572 301 636 361 linis
650 301 708 362 boc
721 301 808 362 modo
826 305 1070 383 comprehensus,
1086 325 1160 384 per·

154 389 291 450 madere
313 389 395 466 qood
416 394 571 466 oporteat,
593 387 648 445 nisi
665 385 742 464 quod
763 396 854 446 artem
872 389 908 448 ad
924 391 1032 449 exitum
1047 389 1158 468 alligat.

109 473 193 540 aoht
207 471 283 531 bene
299 471 418 531 Areus
443 473 549 532 dicero
561 473 731 532 secundum
745 473 887 534 virtutem
907 476 1063 535 motionis.
1100 473 1159 534 Ex·

154 556 273 618 cludunt
288 573 305 615 a
319 555 467 616 rhetorice
483 554 576 613 malos
594 563 623 614 et
638 554 697 631 illi,
722 557 770 632 qui
790 557 940 617 scientiam
956 558 1080 618 civilium
1096 558 1159 618 olii·

155 643 264 702 ciorum
280 657 343 699 eam
363 647 553 718 putaverunt,
577 641 602 698 si
619 641 768 699 scientiam
790 641 924 700 uirtutem
945 642 1086 711 iudicant;
1107 642 1160 702 scd

154 733 277 802 anguste
294 726 366 783 intra
382 724 483 785 civiles
500 725 686 801 quaestiones
703 732 852 783 coercent.
890 724 1083 801 Albutius,
1102 743 1160 786 non

155 808 296 869 obscurus
322 808 476 887 professor
502 816 588 884 atque
614 815 732 883 auctor,
756 810 919 871 scientiam
938 811 1013 871 heac
1036 812 1161 872 diceudo

155 911 223 953 esse
251 895 395 953 consentit
423 892 476 952 sed
502 890 724 970 exceptionibus
746 901 852 969 peccat
885 894 1048 954 adiiciendo
1071 897 1161 956 circa

155 978 260 1040 cimice
288 979 483 1056 quaestiones
515 984 544 1034 et
577 976 766 1038 credibiliter
772 998 787 1045 ,·
821 994 939 1054 quarum
965 980 1078 1056 utrique
1105 980 1160 1038 iam

109 1077 144 1135 37
154 1079 327 1141 responsum
343 1071 397 1120 est.
435 1059 599 1120 Probabilis
619 1068 649 1120 et
668 1059 710 1119 illi
723 1060 896 1138 voluntatis,
918 1063 966 1141 qni
986 1071 1071 1124 recte
1091 1081 1159 1124 ecu-

154 1149 213 1208 lire
234 1155 263 1209 et
285 1148 390 1207 dicere
409 1145 572 1205 rhetorices
591 1153 772 1221 putaverunt.

237 1229 273 1290 iii
296 1239 362 1290 sunt
381 1231 445 1290 iere
466 1230 537 1288 lines
558 1231 680 1288 maxime
700 1227 830 1288 illustres
852 1228 932 1288 etde
948 1229 1051 1307 quibus
1073 1248 1158 1308 prae·

155 1317 240 1394 cipue
256 1315 426 1394 disputatur.
457 1312 529 1373 Nam
543 1330 644 1373 omnes
660 1312 775 1390 quidem
790 1316 930 1392 persequi
944 1331 1041 1393 neque
1058 1316 1159 1375 attinet

152 1417 250 1478 neque
264 1416 402 1478 possum,
426 1414 489 1457 cum
504 1415 623 1476 pravum
640 1397 798 1474 quoddam,
821 1405 852 1457 ut
870 1397 1012 1475 arbitror,
1036 1400 1159 1459 studium

154 1486 232 1543 circa
249 1485 410 1561 scriptores
426 1481 538 1541 Artium
554 1482 700 1556 extiterit,
723 1481 791 1541 nihil
813 1481 923 1542 eisdem
940 1483 1059 1559 uerbis,
1084 1501 1159 1561 quae

153 1568 234 1645 prior
251 1566 355 1645 aliquis
372 1573 564 1642 occupasset,
588 1564 721 1641 finiendi,
745 1583 820 1643 quae
838 1565 955 1626 ambitio
971 1567 1076 1645 procul
1091 1567 1160 1627 abe·

112 1653 190 1712 ibuit
206 1667 221 1709 a
235 1668 291 1710 me.
331 1649 432 1709 Dicam
455 1651 530 1708 enim
552 1665 610 1708 non
629 1651 729 1726 utique
753 1667 827 1727 quae
850 1653 989 1710 invenero
1010 1651 1063 1710 sed
1085 1669 1160 1729 quae

153 1733 327 1812 placebunt,
350 1737 425 1794 sicut
445 1733 518 1808 hoc,
542 1733 762 1793 rhetoricen
785 1752 870 1795 esse
891 1733 986 1794 bene
1007 1735 1160 1794 dicendi

153 1820 359 1887 scientiam
390 1836 454 1877 cum
473 1826 592 1897 reperto
620 1817 697 1895 quod
721 1827 765 1878 est
792 1821 945 1897 optimum,
975 1820 1022 1897 qui
1046 1821 1159 1896 quaerit

153 1902 247 1979 aliud,
269 1905 352 1981 peius
368 1902 448 1962 velit.

237 1986 289 2047 llis
318 1986 505 2065 approbatis,
539 1986 623 2045 simul
649 1986 831 2045 manifestum
857 1995 903 2045 est
932 1987 1004 2047 illud
1030 2005 1158 2066 quoque,

153 2089 239 2150 quem
258 2070 344 2130 linem
366 2070 415 2130 vel
433 2071 500 2148 quid
521 2088 658 2129 summum
682 2078 710 2129 et
732 2070 860 2129 ultimum
875 2069 982 2130 habeat
998 2071 1157 2147 rhetorice,

154 2153 232 2232 quod
255 2153 335 2226 τέλος
357 2155 477 2231 dicitur,
504 2155 539 2214 ad
563 2154 641 2233 quod
664 2156 755 2214 omnis
779 2171 826 2213 ars
850 2156 955 2224 tendit;
978 2173 1043 2215 narn
1066 2157 1091 2214 si
1113 2163 1159 2213 est

152 2241 216 2317 ipsa
232 2237 308 2299 bene
326 2239 440 2298 dicendi
455 2240 591 2315 scientia,
616 2239 678 2298 linis
700 2241 763 2298 cius
787 2247 815 2298 et
835 2256 973 2299 summum
996 2249 1041 2299 est
1063 2239 1158 2299 bene

152 2323 292 2383 dicere.

545 2477 596 2527 AN
619 2476 765 2528 UTILIS.

237 2573 314 2635 xvi.
343 2575 481 2652 Sequitur
496 2578 646 2653 quaestio,
670 2592 706 2633 an
725 2573 803 2633 utilis
819 2572 977 2632 rhetorice.
1007 2570 1080 2630 Nam
1096 2589 1157 2649 qur·

152 2661 217 2720 dam
231 2659 421 2718 vehementer
436 2660 465 2718 iu
484 2677 547 2718 eam
562 2657 658 2718 inuehi
674 2656 786 2731 solent,
804 2664 849 2730 ct,
872 2654 949 2733 quod
967 2655 1003 2712 sit
1018 2655 1156 2731 indignis·

153 2746 268 2818 simum,
299 2745 328 2802 iu
354 2745 569 2803 accusationem
596 2742 735 2801 orationis
760 2748 877 2798 utuntur
903 2736 1004 2796 orandi
1029 2737 1155 2797 viribus:

127 2825 357 2905 2Etoqnenttam
385 2844 472 2902 esse,
506 2844 579 2905 quae
608 2826 712 2904 poenis
741 2825 846 2901 eripiat
875 2821 1040 2890 scelestos;
1076 2824 1157 2882 cuius

150 2910 252 2970 fraude
276 2910 443 2970 damnentur
467 2911 580 2970 interim
600 2908 684 2978 boni;
709 2907 830 2968 consilia
848 2906 987 2967 ducantur
1008 2908 1036 2966 iu
1057 2909 1156 2984 peius;

150 3010 206 3053 nec
227 2993 386 3054 seditiones
409 2994 495 3054 modo
516 2993 676 3072 turbaeque
702 2992 861 3073 populares
888 2992 942 3052 sed
966 2991 1046 3053 bella
1072 2993 1157 3050 etiam

151 3077 338 3154 inexpiabilia
357 3081 534 3148 excitentur;
558 3081 638 3138 cuius
654 3080 780 3162 denique
795 3087 854 3138 tum
868 3077 1007 3137 maximus
1023 3079 1060 3136 sit
1075 3094 1155 3152 usus,

127 3165 217 3219 tcum
232 3177 285 3239 pro
302 3161 384 3222 ialsis
406 3172 506 3223 contra
521 3165 674 3224 ueritatem
689 3163 777 3223 valet.
807 3160 880 3222 Nam
902 3170 932 3221 et
947 3161 1062 3220 Socrati
1085 3160 1157 3220 obii·

151 3245 230 3304 ciunt
245 3247 364 3322 comici,
385 3247 495 3308 docere
512 3265 592 3324 eum,
616 3248 761 3326 quomodo
777 3247 909 3325 peiorem
925 3262 1041 3304 caueam
1055 3245 1156 3306 melio·

150 3345 211 3387 rem
226 3327 330 3404 iaciat,
354 3338 384 3389 et
398 3341 497 3392 contra
514 3332 611 3392 Tisian
627 3342 655 3392 et
673 3330 802 3408 Gorgian
816 3329 920 3389 similia
936 3328 1005 3388 dicit
1019 3329 1156 3407 polliceri

125 3409 242 3472 tl'lato.
274 3411 311 3472 itt
331 3413 375 3473 his
397 3416 534 3475 adiiciunt
557 3415 691 3495 exempla
712 3413 888 3474 Graecorum
903 3411 1156 3491 Romanorumque

24 3622 139 3796 ἱ
