2566 4026
157 171 218 236 266
478 185 839 244 m.uaa.on1urm1an1

159 349 259 419 cepta:
275 342 313 399 ita
331 339 418 417 plane
433 339 563 414 affirmo,
580 340 739 419 praecipue
755 341 880 418 positum
898 356 966 398 esse
981 311 1010 399 ln
1032 348 1160 400 natura

115 437 149 490 12
159 434 188 484 et
203 426 232 483 in
248 425 465 483 occasione.
502 423 592 483 Porro
613 433 714 483 natura
737 440 794 483 non
815 431 923 482 tantum
944 425 972 482 in
995 422 1052 482 hoc
1067 422 1158 497 valet,

157 517 187 568 ut
209 508 321 567 acutior
343 509 407 585 quis
433 516 520 585 atque
544 506 670 567 habilior
686 509 723 566 sit
744 507 780 566 ad
795 507 1011 574 inveniendum
1035 506 1116 585 (nam
1131 506 1160 566 id

156 609 226 653 sane
247 592 377 651 doctrina
397 593 491 670 possit
511 593 635 670 augeri)
660 590 713 650 sed
735 593 812 650 inest
832 591 967 668 proprius
990 589 1161 668 quibusdam

157 676 248 736 decor
262 677 291 734 ln
305 674 403 735 habitu
426 693 461 734 ac
480 675 577 750 vultu,
600 684 631 734 ut
654 675 757 734 eadem
777 674 827 733 illa
847 676 939 733 minus
960 674 1019 734 alio
1044 674 1161 733 dicente

116 759 264 825 13urbana
280 776 348 818 esse
362 759 523 818 videantur.
561 756 716 819 Occasioni
738 775 811 818 vero
828 766 857 817 et
872 759 901 817 in
915 757 1003 818 rebus
1019 766 1065 817 cst
1081 764 1161 817 tanta

53 863 56 869 ·
155 846 215 918 vis,
239 852 270 902 ut
291 860 383 921 saepe
404 843 491 903 adiuti
513 860 548 902 ea
569 859 626 902 non
648 843 756 902 indocti
778 843 864 902 modo
886 842 1043 902 sedetiam
1058 841 1160 900 rusticr

155 927 234 986 salse
248 927 360 1002 dicant,
382 936 411 986 et
426 930 455 986 in
472 943 526 1003 eo,
551 945 614 986 cum
631 929 694 1005 quis
713 926 820 1003 aliquid
835 925 941 984 dixerit
959 927 1049 1003 prior.
1087 923 1161 984 Sunt

156 1012 230 1070 enim
246 1010 335 1087 longe
349 1012 517 1070 venustiora
533 1013 627 1070 omnia
640 1013 668 1069 in
683 1010 890 1088 respondendo
907 1026 991 1087 quam
1007 1010 1035 1067 in
1050 1024 1160 1086 provo-

114 1105 147 1158 14
156 1094 258 1154 cando.
290 1093 416 1154 Accedit
433 1094 611 1169 difficultati,
635 1094 713 1172 quod
734 1096 796 1152 eius
819 1094 863 1152 rei
883 1092 963 1153 nulla
985 1093 1159 1150 exercitatio

156 1187 211 1252 est,
233 1176 304 1236 nulli
329 1188 550 1256 praeceptores.
588 1177 689 1256 ltaque
708 1178 736 1236 in
763 1178 902 1237 conviviis
926 1185 955 1235 et
976 1174 1160 1236 sermonibus

154 1260 235 1321 multi
259 1262 393 1338 dicaces,
417 1263 483 1340 quia
502 1263 531 1320 in
551 1261 608 1321 hoc
628 1280 682 1320 usu
707 1263 851 1322 cotidiano
867 1260 1043 1337 proficimus.
1087 1256 1160 1318 Ora·

154 1347 230 1405 toria
244 1345 391 1406 urbanitas
406 1363 488 1422 rara,
513 1363 568 1405 nec
585 1363 622 1405 ex
640 1355 724 1423 parte
743 1346 862 1423 propria
878 1344 930 1403 sed
948 1344 983 1403 ad
1000 1343 1073 1402 hanc
1088 1358 1160 1401 con·

114 1430 335 1492 assuetudinem
354 1430 580 1490 accommodata.
617 1429 694 1490 Nihil
722 1438 817 1488 autem
840 1427 957 1488 vetabat
979 1436 1008 1486 ct
1024 1427 1160 1504 componi

156 1514 292 1573 materias
314 1515 343 1571 in
365 1513 422 1573 hoc
437 1513 575 1589 idoneas,
596 1523 627 1572 ut
644 1515 864 1573 controversiae
880 1511 1030 1589 permixtis
1048 1508 1158 1568 salibus

155 1597 349 1673 fingerentur,
372 1597 421 1656 vel
442 1615 490 1656 res
509 1598 634 1674 proponi
649 1597 778 1673 singulas
800 1596 836 1656 ad
853 1598 987 1655 iuvenum
1001 1594 1090 1654 talem
1107 1611 1158 1653 ex·

113 1691 146 1743 16
156 1681 364 1740 ercitationem.
388 1680 463 1753 Quin
480 1680 548 1740 illae
566 1681 659 1757 ipsae,
677 1681 854 1758 (dictasunt
870 1678 1071 1756 acvocantur)
1085 1694 1160 1755 quas

156 1765 244 1823 certis
262 1763 363 1823 diebus
387 1763 481 1823 festae
503 1764 639 1823 licentiae
667 1765 765 1823 dicere
790 1763 972 1837 solebamus,
996 1763 1021 1820 si
1042 1761 1159 1839 paulum

155 1846 280 1907 adhibita
296 1849 408 1907 ratione
424 1848 612 1924 fingerentur,
630 1857 678 1906 aut
693 1847 801 1926 aliquid
816 1849 845 1906 in
859 1846 904 1905 his
920 1848 1027 1905 serium
1039 1861 1158 1923 quoque

155 1940 235 1990 esset
256 1931 425 2007 admixtum,
455 1931 606 2009 plurimum
632 1940 767 2008 poterant
788 1931 917 1989 utilitatis
938 1929 1059 1996 alierre;
1083 1944 1159 2006 quae

154 2032 229 2073 nnnc
246 2017 381 2074 iuvenum
395 2015 445 2075 vel
460 2014 515 2073 sibi
531 2015 688 2075 ludentium
704 2016 875 2074 exercitatio
892 2022 947 2072 est.
1049 2085 1053 2091 ⁴

116 2106 146 2162 17
238 2097 370 2158 Pluribus
393 2109 488 2158 autem
511 2098 671 2158 nominibus
697 2100 726 2157 in
747 2098 849 2157 eadem
871 2116 904 2156 re
923 2096 1012 2173 vulgo
1037 2096 1156 2163 utimum

155 2199 229 2259 quae
244 2191 340 2241 tamen
361 2184 386 2242 si
400 2183 537 2258 diducas,
560 2201 640 2242 suam
664 2182 804 2260 quandam
826 2184 972 2260 propriam
986 2181 1045 2238 vim
1059 2187 1157 2238 osten·

154 2267 233 2326 dent.
269 2265 342 2325 Nam
363 2276 392 2326 et
415 2267 615 2327 urbanitas
637 2266 755 2342 dicitnr,
785 2283 840 2343 qua
864 2266 979 2343 quidem
1000 2262 1158 2339 significari

154 2350 241 2409 video
261 2366 426 2410 sermonem
442 2351 656 2428 praeferentem
681 2352 710 2408 in
724 2349 822 2408 verbis
840 2359 868 2408 et
886 2365 958 2407 sono
975 2356 1005 2406 et
1019 2365 1073 2405 usu
1089 2361 1158 2422 pro·

154 2436 248 2511 prium
270 2435 411 2511 quendam
431 2444 545 2510 gustum
566 2434 646 2493 urbis
668 2444 697 2493 et
718 2443 858 2510 sumptam
880 2451 917 2491 ex
932 2431 1158 2492 conversatione

155 2518 307 2577 doctorum
322 2521 437 2578 tacitam
452 2519 656 2593 eruditionem,
680 2518 805 2594 denique
827 2519 872 2575 cui
895 2516 1038 2575 contraria
1059 2514 1097 2572 sit
1109 2531 1157 2572 ru·

113 2611 146 2665 18
155 2602 275 2660 sticitas.
295 2617 298 2622 ·
315 2601 515 2661 Venustum
538 2620 621 2677 esse,
646 2601 723 2678 qnod
739 2601 908 2677 cumgratia
926 2599 1047 2676 quadam
1063 2606 1093 2655 et
1106 2613 1158 2656 re·

155 2700 226 2742 nere
242 2683 364 2759 dicatur,
381 2695 512 2760 apparet.
547 2685 687 2744 Salsum
704 2686 733 2742 in
745 2683 954 2742 consuetudine
966 2698 1020 2760 pro
1033 2678 1157 2740 ridiculo

154 2775 262 2825 tantum
283 2767 456 2844 accipimus;
480 2775 580 2826 natura
601 2784 660 2826 non
674 2768 772 2844 utique
795 2766 852 2825 hoc
869 2775 924 2840 est,
945 2781 1107 2844 quanquam
1129 2770 1163 2822 et

154 2848 275 2909 ridicula
299 2858 435 2927 oporteat
456 2868 523 2909 esse
547 2850 635 2910 salsa.
675 2849 747 2908 Nam
770 2859 799 2908 et
824 2846 931 2909 Cicero
954 2865 1055 2922 omne,
1080 2845 1158 2925 quod

155 2932 262 2992 salsum
278 2933 331 3009 sit,
354 2935 394 2993 ait
409 2951 476 2993 esse
493 2933 670 3008 Atticorum,
693 2952 751 2995 non
769 2935 835 3011 quia
851 2941 916 2991 sunt
928 2932 1050 2991 maxime
1067 2929 1103 2991 ad
1120 2929 1158 2988 ri·

155 3034 217 3075 sum
233 3019 401 3094 compositi;
420 3027 449 3077 et
466 3017 611 3093 Catullus,
629 3036 694 3076 cum
710 3018 795 3092 dicit,
811 3013 905 3077 Nullo
921 3024 968 3078 est
980 3019 1013 3077 in
1030 3032 1158 3093 corpore

154 3102 236 3162 raico
250 3102 343 3177 aclis,
359 3118 416 3160 non
431 3101 489 3161 hoc
505 3101 589 3176 dicit,
611 3101 681 3161 nihil
700 3103 728 3160 in
745 3117 871 3178 corpore
888 3101 950 3159 cius
967 3117 1035 3158 csse
1052 3098 1157 3158 ridicu·

114 3187 147 3241 19
155 3182 222 3243 lum.
253 3185 366 3245 Salsum
381 3187 468 3262 igitur
484 3187 548 3260 erit,
568 3185 646 3262 quod
661 3202 719 3244 non
734 3187 789 3245 erit
804 3184 953 3259 insulsum,
969 3183 1050 3243 velut
1067 3179 1157 3260 quod·

156 3265 220 3325 darn
243 3269 368 3346 simplex
394 3270 533 3329 orationis
556 3268 783 3344 condimentum,
807 3269 884 3347 quod
904 3269 1026 3327 sentitur
1047 3266 1157 3326 latente

155 3350 261 3410 iudicio
282 3352 363 3411 velut
387 3353 501 3431 palato,
525 3353 691 3431 excitatque
714 3361 743 3412 et
758 3370 774 3412 a
789 3352 886 3412 taedio
903 3350 1033 3411 defendit
1050 3349 1156 3410 oratio·

155 3450 230 3492 nem.
263 3435 340 3494 Sane
358 3444 469 3511 tamen,
491 3445 521 3495 nt
536 3435 586 3495 ille
604 3437 633 3494 in
649 3436 721 3495 cibis
736 3436 824 3514 paulo
838 3435 987 3496 liberalius
1004 3449 1157 3512 aspersus,
