2566 4026
207 181 266 242 116
520 191 557 239 u.
575 191 655 238 nnn.
672 189 894 250 Qumnmmnn

203 348 335 410 instruit.
379 344 425 407 Tu
438 364 547 422 caum,
566 365 606 407 ne
624 345 812 408 consultores
824 346 870 406 tui
874 367 888 414 ‚-
911 345 979 421 tae,
993 364 1033 405 ue
1044 345 1141 407 urdee
1158 352 1212 408 aut

163 440 311 495 nouare
326 431 500 509 capiantur.
531 428 590 490 Sed
606 428 661 487 hae
677 430 770 506 gratia
786 429 913 488 nonfuit
928 436 1082 489 contentus
1098 438 1211 506 aratur,

203 517 291 575 vertit
311 516 340 575 in
367 515 542 575 cannarium
557 512 678 573 eundem
694 513 829 589 figurem:
855 511 914 574 ttte
932 520 1013 574 tenet
1033 515 1155 591 eterit,
1180 521 1213 574 ut

204 601 332 662 tontum
346 600 454 678 copiae
459 622 473 667 ,·
493 607 542 672 tu,
554 603 588 658 ut
601 614 702 676 apuae
710 598 837 675 planiae
847 605 1028 659 arceantur.
1047 594 1106 659 tue
1122 617 1212 659 euer-

162 686 317 746 stoitatur
340 685 373 744 in
395 683 610 762 prapapandt'e
630 681 759 759 tinibus,
780 689 814 742 tu
831 684 865 743 in
884 683 1043 760 rependis.
1086 681 1214 742 Possunt

204 768 298 828 medin
317 783 433 845 quaque
453 765 635 845 respondere
650 765 700 824 vel
715 766 830 844 primis:
852 774 884 825 ut

293 849 334 912 Te
347 869 453 912 nentur
467 847 646 929 Anputiae,
664 851 764 911 citrea
783 857 814 912 te
828 848 964 911 Fucinus
977 851 1084 920 unda,-

204 934 254 995 vei
268 935 390 995 ultimis:
401 932 489 997 Haec
501 935 592 994 nauis
605 942 715 995 anneta
726 935 852 1011 praeda
866 933 1040 1011 Siciliensi,
1058 953 1129 996 cunt
1141 936 1214 1012 ipsa

205 1036 323 1099 quoque
347 1025 426 1079 esset
446 1036 487 1080 eu
508 1018 641 1097 praeda.
688 1016 752 1077 Nea
779 1019 930 1096 quisquam
952 1017 1109 1094 dubitabit,
1136 1019 1213 1079 idem

205 1103 268 1163 deri
293 1119 384 1181 passe
404 1103 514 1162 iteratis
535 1103 671 1180 utrinque
689 1102 808 1161 mediis.'
847 1101 1038 1181 Respondent
1058 1102 1160 1180 primis
1184 1111 1213 1163 et

205 1185 319 1246 ultima:
342 1183 430 1247 tinus
449 1195 478 1248 et
492 1205 607 1264 praees
627 1186 748 1250 aonree
767 1188 882 1248 inuenti
893 1188 1075 1264 parentibus
1091 1195 1121 1248 et
1139 1205 1215 1265 pra-

162 1278 197 1333 85
204 1271 328 1349 pinquis
348 1271 441 1335 multi.
482 1269 537 1330 Est
560 1280 589 1331 et
609 1270 680 1331 illud
703 1269 857 1349 repetendi
879 1289 989 1347 genus,
1015 1271 1095 1349 quod
1119 1269 1212 1331 semei

205 1356 357 1434 proposita
371 1357 456 1415 iterat
471 1364 501 1415 et
517 1354 631 1415 dividit:

287 1437 407 1518 Iphitus
423 1447 453 1500 et
467 1438 569 1501 Pelias
588 1457 722 1515 mentm,
743 1456 872 1518 quarum
888 1435 1008 1516 Iphitus
1028 1457 1105 1500 aeuo

288 1521 516 1601 dampnantur,
537 1522 640 1584 Pelias
659 1531 688 1586 et
701 1525 828 1587 autrum
847 1525 959 1584 tardus
979 1520 1070 1584 duat.

202 1596 363 1679 Ἐιιάνοδος
385 1608 489 1668 dieitur
514 1606 643 1683 Graece,
669 1608 761 1667 nostri
790 1608 1072 1684 regressionem
1092 1614 1209 1666 vacant.

164 1687 267 1754 36Nee
283 1690 376 1750 solum
390 1691 419 1749 in
435 1689 538 1751 eodem
552 1709 640 1750 sensu
655 1692 707 1751 sed
724 1692 809 1751 etiam
823 1692 852 1750 in
869 1689 987 1750 diverso
1002 1690 1105 1750 endem
1119 1689 1210 1750 verbu

207 1782 324 1833 eontra:
348 1773 525 1852 Principum
541 1776 674 1853 dipuitas
693 1785 760 1836 erat
773 1793 874 1853 paene
888 1793 968 1852 pur,
986 1794 1048 1837 nan
1061 1792 1126 1853 par
1143 1775 1211 1853 far-

204 1864 288 1920 taerc
308 1876 430 1936 earum,
456 1860 509 1938 pai
532 1859 745 1937 sequebantur.
794 1858 910 1919 Interim
937 1860 1065 1918 variatur
1093 1858 1210 1918 ausibus

205 1939 280 2000 haee
303 1950 332 2001 et
356 1941 513 2019 generibus
534 1943 719 2002 retractatio:
743 1940 875 2021 Mapuue
896 1950 940 2003 est
963 1943 1052 2004 labor
1073 1943 1209 2018 dicundi,

205 2041 318 2102 mapna
337 2045 388 2088 ree
407 2035 471 2096 est,·
493 2035 523 2086 et
545 2027 620 2104 apud
635 2026 771 2087 Rutilium
788 2027 875 2104 langa
895 2023 1039 2110 περιόδῳ,
1065 2026 1118 2086 sed
1135 2027 1210 2086 haec

206 2109 284 2167 initin
301 2112 506 2171 sententiarum
521 2119 602 2170 sunt:
621 2110 714 2174 Pater
733 2112 783 2172 dic
796 2113 888 2171 tuus?
913 2118 1035 2188 patrem
1049 2130 1133 2172 nune
1150 2128 1208 2188 ap-

163 2201 196 2257 ³7
205 2193 326 2270 putas?
345 2196 446 2272 patrie
459 2197 504 2256 tui
518 2196 599 2273 fitius
615 2197 669 2256 es?
710 2194 755 2255 Fit
771 2194 885 2254 ensibus
900 2197 986 2257 modo
1006 2194 1209 2270 hassonum,

206 2275 283 2356 quod
299 2272 490 2339 naidnruror
509 2289 623 2340 vacant.
668 2280 853 2339 Constantet
869 2278 933 2338 aliis
949 2280 1034 2338 etiam
1051 2278 1159 2338 modis:
1179 2286 1210 2337 ut

205 2378 259 2438 pro
279 2357 429 2423 Cluentia:
453 2361 542 2436 Quod
556 2371 657 2426 autern
673 2372 791 2442 ternpus
804 2365 913 2424 ueneni
928 2363 1048 2424 dandi?
1068 2362 1121 2423 tuo
1135 2363 1209 2424 die?

204 2447 237 2505 in
257 2446 312 2506 ttta
331 2449 527 2526 frequentia?
570 2447 630 2509 Per
651 2464 739 2527 quern
757 2465 853 2524 parra
874 2448 1002 2508 datum?
1022 2447 1106 2507 uude
1124 2465 1207 2506 sum-

203 2532 310 2608 ptum?
331 2548 410 2611 puae
423 2549 519 2610 porro
536 2534 715 2610 interceptio
733 2532 860 2610 pocuttt
882 2550 940 2592 our
956 2550 1016 2592 non
1035 2531 1075 2591 de
1090 2531 1209 2609 intepru

165 2620 305 2675 nuenton
328 2617 454 2676 datum?
494 2614 574 2675 Hanc
594 2633 690 2676 rerum
710 2617 891 2675 coniunctam
914 2615 1111 2674 diversitatem
1134 2612 1207 2674 Gue-

206 2697 288 2756 oilius
304 2690 585 2778 praedationem,
609 2699 702 2777 qualis
718 2708 764 2759 est
779 2716 832 2776 pro
850 2697 982 2758 Cluentio
1004 2697 1088 2757 locus
1103 2698 1132 2756 in
1150 2695 1207 2777 Op·

205 2781 363 2858 pinninum:
383 2781 473 2845 Itium
492 2784 615 2844 tabulas
628 2784 770 2861 publicas
792 2781 902 2844 Larini
920 2783 1080 2843 censurias
1101 2801 1207 2843 carru·

204 2867 288 2942 pisse
303 2867 484 2928 decuriones
504 2869 641 2929 uniuersi
654 2868 884 2942 iudicauerunt,
906 2884 975 2927 curu
985 2865 1036 2926 illa
1049 2884 1136 2927 nemo
1153 2882 1207 2927 ra·

204 2951 313 3012 tionem
331 2970 417 3012 nemo
437 2970 503 3012 rem
523 2952 616 3012 uttam
633 2951 847 3026 contrahebat,
868 2969 956 3012 uerna
979 2951 1064 3009 illurn
1085 2968 1127 3010 eu
1147 2957 1208 3011 tarn

205 3035 306 3094 uiuitis
329 3037 467 3114 cappatis
487 3042 515 3098 et
545 3035 689 3114 affinibus
713 3043 842 3096 tentarem
863 3050 997 3112 unquam
1017 3034 1124 3095 liberis
1143 3035 1208 3096 snit

163 3118 347 3195 surempsit,
374 3129 404 3179 et
425 3120 563 3197 deinceps
587 3120 680 3180 adhue
699 3119 796 3181 multa.
834 3117 873 3179 Ut
894 3117 968 3176 haee
988 3118 1120 3176 inunum
1139 3134 1207 3177 ean·

204 3211 357 3276 geruntur:
375 3205 413 3263 ita
430 3212 529 3263 eontra
545 3203 594 3263 ille
611 3204 742 3282 dispersu
758 3211 839 3278 sunt,
853 3219 927 3281 quae
940 3219 956 3260 a
969 3198 1115 3261 Cicerone
1131 3200 1207 3262 dis·

205 3283 326 3361 sipatu
342 3285 398 3346 diei
415 3297 502 3365 putu:

355 3368 413 3431 Hic
430 3379 560 3450 repetes,
576 3371 772 3433 iliicaeuiunt
787 3370 910 3449 feticius
929 3387 1020 3445 uuae,

357 3451 489 3516 Arborei
500 3455 581 3533 setus
597 3454 683 3531 aiibi,
