2566 4026
230 147 288 212 108
545 162 583 210 n.
596 160 675 209 aaa.
689 160 910 221 assummum

226 317 350 394 diceret,
367 325 396 377 et
410 318 439 376 in
451 318 587 377 oratoriis
602 316 677 377 baec
693 318 819 393 minora,
837 334 912 395 quae
929 316 1100 396 plerumque
1115 319 1230 381 deside·

181 411 338 477 alrantur,
367 403 464 461 sciens
486 402 644 461 omisisset.
689 402 814 479 SorIpsit
840 401 1002 461 decadem
1030 406 1149 464 materia
1174 423 1232 465 non

225 503 318 565 pauca
339 482 528 562 Cornificius,
551 485 647 564 aliqua
669 487 839 562 Stertinius,
866 484 995 546 nonnibil
1018 496 1102 565 pater
1123 488 1231 558 Gallio;

224 570 388 630 accuratius
404 586 477 630 vero
499 573 614 648 priores
632 568 792 649 [Gallione]
815 567 920 630 Celsus
937 578 966 630 et
980 569 1092 631 Laenas
1108 581 1137 632 et
1153 584 1232 634 aeta·

225 656 261 713 tis
276 663 394 714 nostrae
408 653 581 731 Verginius,
602 654 725 731 Plinius,
747 653 880 714 Tutilius.
919 655 991 715 Sunt
1013 664 1042 715 et
1056 655 1144 716 bodie
1161 658 1233 718 clari

226 737 355 798 eiusdem
371 740 470 816 operis
485 748 638 814 auctores,
659 740 746 816 quisi
764 740 858 798 omnia
874 739 1021 817 complexi
1038 739 1146 818 forent,
1164 759 1233 801 con·

225 821 383 881 suluissent
402 822 494 882 labori
509 838 591 891 meo;
618 822 671 882 sed
692 840 783 901 parco
806 823 967 882 nominibus
987 826 1160 893 viventium
1182 845 1232 885 ve·

223 907 283 965 niet
295 922 395 965 eornm
413 906 492 966 laudi
507 925 588 967 suum
607 915 732 984 tempus,
749 907 784 967 ad
800 916 938 987 posteros
950 909 1025 967 enirn
1041 910 1133 968 virtus
1149 911 1233 970 dura·

222 988 279 1067 bit,
304 1008 361 1049 non
379 992 534 1069 perveniet
548 990 664 1051 invidia.
719 1019 720 1022 ¹

180 1085 214 1138 22
308 1073 374 1134 Non
399 1084 495 1135 tamen
513 1084 581 1154 post
607 1084 650 1135 tot
671 1092 706 1135 ac
727 1082 823 1135 tantos
846 1085 982 1135 auctores
1006 1076 1120 1154 pigebit
1139 1095 1232 1137 meam

224 1158 393 1237 quibusdam
416 1159 491 1219 locis
514 1161 651 1238 posuisse
675 1160 856 1219 seutentiam.
892 1158 997 1239 Neque
1020 1163 1094 1220 enim
1116 1179 1162 1221 me
1183 1181 1232 1221 cu·

222 1245 353 1322 iusquam
375 1253 476 1304 sectae
497 1244 578 1304 velut
600 1243 722 1323 quadam
742 1245 950 1322 superstitione
973 1243 1097 1305 imbutus
1123 1245 1231 1322 addixi,

224 1337 253 1386 et
269 1327 407 1388 electuris
431 1346 506 1406 quae
521 1329 621 1388 volent
636 1328 770 1389 facienda
786 1329 871 1407 copia
889 1328 962 1406 fuit,
985 1331 1059 1389 sicut
1081 1333 1145 1409 ipse
1168 1329 1232 1408 plu·

223 1413 296 1471 rium
319 1414 453 1472 inunum
474 1412 596 1472 confero
617 1415 749 1481 inventa;
772 1410 938 1493 ubicunque
960 1415 1077 1492 ingenio
1100 1432 1156 1474 non
1178 1415 1233 1475 erit

224 1495 320 1571 locus,
337 1513 424 1555 curae
441 1497 636 1557 testimonium
657 1498 800 1556 meruisse
818 1505 981 1557 contentus.

497 1649 583 1710 QUOD
600 1650 727 1702 lNlTlUM
745 1650 960 1702 RHETORICES.

307 1743 344 1803 ll.
373 1743 438 1804 Nec
451 1744 498 1805 diu
514 1762 568 1805 nos
579 1757 709 1807 moretur
718 1750 861 1826 quaestio,
877 1765 952 1826 quae
967 1746 1130 1807 rhetorices
1147 1751 1230 1825 origo

224 1830 269 1888 sit.
306 1826 378 1888 Nam
396 1831 441 1889 cui
458 1829 573 1890 dubium
589 1841 653 1909 est,
678 1835 746 1911 quin
761 1848 925 1893 sermonem
941 1831 976 1892 ab
992 1833 1055 1910 ipsa
1071 1847 1167 1890 rerum
1181 1850 1230 1893 ua-

223 1922 286 1973 tura
302 1915 392 1991 geniti
408 1916 539 1993 protinus
556 1915 687 1976 homines
706 1919 890 1996 acceperint,
916 1916 1009 1995 (quod
1029 1925 1109 1975 certe
1126 1918 1231 1994 prinoi-

223 2000 302 2077 pium
324 2006 370 2058 est
392 2001 454 2057 eius
476 2001 535 2078 rei)
556 2000 623 2061 buic
638 2001 761 2062 studium
783 2011 812 2061 et
827 2004 1034 2061 incrementum
1049 1999 1162 2061 dederit
1177 2003 1231 2060 uti-

193 2082 301 2158 alitas,
318 2100 455 2142 summam
469 2086 542 2143 ratio
559 2095 587 2145 et
603 2084 798 2147 exercitatio?
830 2085 893 2145 Nec
908 2085 1011 2161 video,
1029 2102 1118 2162 quare
1134 2102 1232 2144 curam

223 2165 338 2227 dicendi
354 2175 455 2245 putent
472 2169 585 2247 quidam
604 2171 670 2231 inde
687 2172 841 2249 coepisse,
861 2169 938 2249 quod
956 2168 1001 2244 bi,
1019 2170 1067 2246 qui
1085 2170 1113 2227 iu
1129 2168 1230 2228 discri-

223 2268 289 2310 men
308 2249 648 2332 aliqnod'vocabantur,
676 2257 838 2316 accuratius
870 2255 949 2333 loqui
981 2251 1156 2328 defendendi
1188 2254 1232 2311 sui

224 2335 317 2412 gratia
331 2336 514 2397 instituerint.
542 2338 623 2399 llaec
639 2342 713 2401 enim
728 2350 758 2400 ut
772 2340 924 2401 honestior
940 2355 1037 2414 causa,
1055 2340 1094 2397 ita
1106 2355 1163 2397 non
1177 2338 1231 2396 uti-

225 2436 281 2497 que
298 2421 379 2498 prior
395 2430 456 2498 est,
477 2440 540 2482 cum
555 2426 728 2503 praesertim
741 2426 888 2485 accusatio
905 2421 1064 2501 praecedat
1085 2422 1231 2482 defensio-

224 2522 303 2572 nem;
320 2506 375 2564 nisi
390 2506 454 2583 quis
470 2505 563 2585 dicet,
587 2511 672 2570 etiam
692 2505 820 2587 gladium
839 2508 1010 2568 fabricatum
1035 2505 1070 2566 ab
1087 2522 1124 2565 eo
1139 2507 1231 2584 prius,

225 2590 273 2667 qui
289 2588 397 2648 ferrum
410 2592 438 2649 iu
454 2592 572 2652 tutelam
588 2596 632 2652 sui
645 2611 729 2672 quam
745 2594 793 2672 qui
808 2595 836 2652 in
848 2593 1007 2672 perniciem
1021 2590 1139 2649 alterius
1153 2606 1230 2647 com-

195 2674 342 2751 3pararit.
386 2673 498 2735 Initium
522 2692 595 2753 ergo
616 2677 730 2737 dicendi
759 2677 838 2737 dedit
859 2685 1007 2747 natura,
1028 2673 1137 2731 initium
1159 2673 1230 2729 artis

225 2756 455 2818 observatio.
490 2759 628 2820 llomines
646 2762 737 2836 enirn,
756 2762 840 2819 sicuti
856 2761 885 2819 in
899 2757 1051 2831 medicina,
1070 2773 1134 2814 cum
1149 2753 1229 2813 vide-

224 2850 289 2901 rent
306 2841 362 2902 alia
378 2842 505 2904 salubria
521 2845 577 2904 alia
598 2843 771 2920 insalubria,
792 2861 829 2902 ex
846 2841 1053 2902 observatione
1072 2855 1172 2899 eorum
1188 2838 1230 2898 ei-

224 2925 359 2985 iecerunt
379 2936 484 2988 artem:
510 2930 564 3006 ita,
588 2946 652 2989 cum
673 2931 702 2989 in
725 2927 849 2988 dicendo
875 2926 932 2986 alia
953 2924 1034 2984 utilia
1049 2923 1105 2983 alia
1120 2923 1231 2984 inutilia

225 3008 496 3089 deprehenderent,
517 3022 651 3076 notarunt
674 3031 708 3073 ea
728 3012 763 3072 ad
779 3010 942 3072 imitandum
957 3009 1175 3085 vitandumque,
1202 3015 1231 3066 et

226 3093 365 3170 quaedam
384 3095 542 3156 secundum
562 3099 702 3158 rationem
725 3114 825 3157 eorum
841 3095 1008 3155 adiecerunt
1023 3093 1079 3171 ipsi
1095 3109 1229 3170 quoque:

224 3175 298 3236 baec
319 3179 486 3241 coniirmata
509 3189 574 3240 sunt
597 3201 668 3258 usu,
692 3190 750 3241 turn
766 3198 840 3259 quae
854 3178 966 3239 sciebat
982 3179 1104 3256 quisque
1121 3176 1228 3236 docuit.

195 3257 330 3322 scicero
346 3264 461 3343 quidem
480 3266 588 3325 initium
609 3267 709 3327 orandi
733 3263 929 3327 conditoribus
951 3260 1062 3322 urbium
1082 3279 1116 3322 ac
1132 3261 1230 3338 legum

225 3343 366 3406 latoribus
381 3348 470 3424 dedit,
487 3350 635 3430 inquibus
651 3351 742 3411 fuisse
754 3351 811 3409 vim
827 3348 942 3411 dicendi
957 3364 1083 3407 neccsse
1099 3354 1159 3413 est;
1179 3364 1230 3404 cnr

225 3438 320 3490 tamen
334 3431 409 3493 banc
424 3436 543 3512 primam
559 3436 699 3513 originem
716 3444 825 3515 putem,
841 3450 899 3494 non
913 3433 1012 3508 video,
1030 3449 1093 3491 cunr
1109 3432 1166 3490 sint
1180 3429 1227 3490 ad·
