2566 4026
224 152 284 214 1oo
543 163 579 210 u.
596 163 674 209 run.
691 162 912 220 ouruuumuur

224 329 253 379 ct
271 319 391 396 contigit
406 325 568 393 utrumque.
600 314 685 389 Quod
701 333 758 375 nou
775 316 974 390 inseruissem,
990 316 1102 376 veritus
1118 317 1229 395 opinio·

223 422 289 463 nem
305 402 476 477 iactantiae,
499 401 553 458 uisi
570 398 696 478 probare
713 399 884 474 voluissem,
902 401 930 458 iu
945 399 1011 458 foro
1028 416 1147 479 quoque
1164 417 1230 460 esse

178 488 267 554 tobis
283 487 382 563 liguris
397 485 503 546 locum.
536 482 684 557 Quaedam
701 486 797 560 etiam,
817 501 892 562 quae
905 482 1031 561 probare
1047 501 1106 543 non
1122 486 1230 563 possis,

222 573 314 648 figura
330 571 428 648 potius
443 567 608 647 spargenda
632 576 706 626 sunt.
739 566 849 627 Haeret
873 569 948 627 euim
971 585 1174 647 nonnunquam
1189 577 1231 628 te·

221 654 360 716 lumillud
372 651 533 727 occultum,
550 661 579 710 et
590 650 648 710 hoc
659 653 742 730 ipso,
760 651 838 731 quod
853 668 911 710 nou
923 661 1055 730 apparet,
1072 654 1161 712 eximi
1176 670 1231 712 non

221 747 336 818 potest;
354 739 379 796 si
391 736 468 797 idem
481 735 561 795 dicas
577 735 686 813 palam:
704 745 734 796 et
749 734 914 796 defenditur
930 745 959 794 et
977 735 1158 814 probandum
1176 747 1230 796 est.

179 832 214 890 76
307 819 379 881 Cum
408 829 503 880 autem
537 819 633 879 obstat
664 819 748 879 uobis
778 836 961 898 personae
991 823 1231 897 reverentia,

223 904 318 986 (quod
338 904 497 964 secundum
525 905 673 982 posuimus
703 907 818 984 genus)
840 912 920 963 tanto
944 906 1054 964 cautius
1077 904 1232 965 dicendum

222 1000 278 1065 est,
295 996 402 1067 quanto
422 987 545 1049 validius
566 987 660 1047 bonos
682 987 792 1047 inhibet
813 988 907 1066 pudor
930 1005 1015 1066 quam
1037 997 1142 1048 metus.
1179 988 1233 1049 llic

221 1091 293 1133 vero
311 1083 483 1151 tegeremus
506 1072 609 1148 iudex,
634 1072 711 1150 quod
728 1073 869 1148 sciamus,
897 1081 927 1132 et
947 1071 1039 1132 verba
1055 1075 1084 1131 vi
1109 1073 1232 1150 quadam

221 1159 352 1217 veritatis
374 1157 555 1234 erumpentia
588 1154 688 1215 credat
712 1173 865 1216 coercere.
915 1154 988 1215 Nam
1010 1158 1233 1234 quantominus

223 1250 272 1302 aut
286 1241 353 1320 ipsi,
371 1241 400 1299 iu
420 1257 493 1318 qnos
510 1239 647 1315 dicimus,
669 1249 717 1301 aut
738 1240 849 1300 iudices
866 1249 915 1300 aut
930 1242 1102 1300 assistentes
1119 1240 1234 1300 oderim

180 1326 297 1387 libano
312 1323 505 1386 maledicendi
520 1324 686 1401 lasciuiam,
710 1327 735 1383 si
750 1325 830 1384 uelle
846 1341 900 1383 nos
919 1321 1060 1384 credant?
1089 1324 1148 1383 Aut
1165 1324 1233 1402 quid

223 1413 355 1485 interest,
373 1407 519 1488 quomodo
536 1408 659 1485 dicatur,
677 1426 741 1468 cum
754 1417 784 1468 et
798 1427 846 1468 res
868 1417 896 1468 et
912 1410 1022 1468 animus
1038 1405 1233 1485 intelligitur?

224 1493 300 1568 Quid
316 1492 439 1553 dicendo
456 1493 581 1571 denique
603 1493 788 1572 proficimus,
810 1494 865 1553 nisi
885 1501 916 1551 ut
934 1492 1030 1570 palam
1051 1495 1106 1568 sit,
1131 1492 1232 1552 iacere

222 1595 287 1653 nos,
305 1577 383 1657 quod
398 1577 453 1655 ipsi
469 1578 592 1637 sciamus
604 1595 662 1636 uon
678 1596 746 1637 esse
763 1573 949 1638 iaciendum?
971 1575 1060 1655 Atqui
1071 1579 1233 1656 praecipue

222 1664 324 1740 prima,
344 1661 446 1739 quibus
462 1663 637 1739 praecipere
653 1679 826 1740 coeperam,
842 1670 976 1739 tempora
991 1661 1048 1720 hoc
1063 1662 1134 1721 vitio
1149 1661 1232 1722 labo-

223 1753 330 1805 rarunt.
371 1743 515 1804 Dicebant
539 1746 614 1803 euim
632 1746 757 1805 libenter
793 1745 867 1805 tales
893 1746 1129 1822 controversias,
1156 1763 1233 1823 quae

180 1828 400 1894 aedificultatis
417 1831 510 1906 gratia
526 1829 661 1907 placent,
684 1849 748 1888 cum
772 1832 828 1889 siut
848 1830 938 1889 multo
960 1829 1121 1889 faciliores.
1160 1829 1233 1889 Nam

221 1921 332 1972 rectum
347 1931 439 1990 genus
455 1911 611 1990 approbari
626 1915 680 1973 nisi
694 1916 823 1973 maximis
835 1914 944 1974 viribus
957 1931 1015 1972 nou
1027 1923 1141 1992 potest;
1158 1913 1233 1974 haec

223 1997 403 2058 deverticula
418 2005 448 2056 et
463 1997 609 2057 anfractus
624 1998 747 2075 sullugia
762 2007 827 2057 suut
839 1998 1021 2074 infirmitatis,
1038 1999 1130 2077 utqui
1146 2017 1232 2058 cursu

223 2099 322 2160 parum
338 2080 449 2157 ualent,
463 2080 542 2141 llexu
557 2080 686 2159 eludunt,
705 2082 863 2158 cumhaec,
881 2100 955 2161 quae
972 2082 1136 2159 affectatur,
1155 2084 1231 2142 ratio

222 2167 429 2226 sententiarum
447 2182 506 2225 non
520 2165 623 2244 procul
640 2185 656 2226 a
675 2169 787 2227 ratione
809 2167 924 2226 iocandi
944 2165 1111 2226 abhorreat.
1143 2165 1231 2226 Adiu-

223 2259 272 2310 vat
290 2252 391 2325 ctiam,
407 2249 485 2328 quod
505 2251 618 2310 auditor
633 2250 741 2328 gaudet
755 2250 938 2328 intelligere,
964 2260 994 2310 et
1013 2251 1093 2310 iavet
1112 2252 1231 2328 iugenio

181 2342 275 2398 79suo
293 2344 322 2394 et
336 2334 393 2394 alio
414 2336 530 2397 dicente
549 2353 582 2394 se
600 2335 706 2396 laudat.
737 2335 840 2413 ltaque
855 2352 913 2394 uon
927 2334 1037 2411 solum,
1059 2337 1084 2394 si
1101 2352 1231 2412 persona

223 2418 354 2479 obstaret
368 2427 469 2479 rectae
482 2421 620 2495 orationi,
643 2419 722 2497 (quo
738 2421 893 2497 ingemere
909 2421 1026 2497 saepius
1044 2418 1131 2478 modo
1147 2437 1231 2498 quam

223 2502 322 2580 liguris
339 2519 413 2581 opus
431 2504 491 2582 est)
508 2502 702 2563 decurrebant
716 2503 751 2563 ad
762 2503 920 2580 schemata,
941 2501 994 2562 sed
1010 2502 1158 2563 iaciebant
1173 2502 1232 2563 illis

223 2587 320 2646 locum
336 2589 432 2662 ctiam,
446 2586 496 2647 ubi
513 2587 628 2647 inutiles
645 2606 679 2647 ac
693 2587 822 2648 nefariae
839 2596 954 2648 essent:
975 2596 1005 2646 ut
1021 2589 1045 2646 si
1061 2596 1163 2666 pater,
1183 2589 1231 2666 qui

223 2669 356 2729 infamem
371 2672 399 2729 iu
413 2679 533 2730 matrem
550 2670 637 2730 lilium
652 2681 770 2732 secreto
787 2673 962 2748 occidisset,
978 2689 1046 2732 reus
1063 2670 1159 2732 malae
1174 2680 1230 2731 tra-

182 2755 358 2816 80ctationis
374 2754 550 2815 iacularetur
560 2757 588 2814 iu
598 2773 719 2815 uxorem
734 2755 859 2833 obliquis
876 2757 1037 2815 sententiis.
1072 2754 1144 2815 Nam
1164 2754 1231 2834 quid

223 2839 371 2917 impurius,
392 2855 476 2916 quam
490 2841 645 2899 retinuisse
657 2836 765 2899 taleml
788 2839 863 2914 Quid
876 2857 965 2918 porro
975 2849 1031 2900 tam
1044 2843 1229 2916 contrarium,

224 2940 309 3001 quam
327 2939 402 2998 cum,
420 2924 468 3000 qui
483 2933 652 2999 accusetur,
670 2925 737 3002 quia
753 2943 891 2983 summum
913 2924 995 2984 ueias
1012 2926 1178 3003 suspicatus
1194 2923 1230 2983 de

224 3023 317 3065 uxore
333 3006 482 3083 videatur,
509 3008 680 3068 confirmare
696 3008 724 3068 id
738 3010 802 3087 ipsa
818 3007 1006 3084 defensione,
1026 3009 1103 3085 quod
1120 3008 1229 3068 diluen-

224 3090 290 3150 dum
306 3088 372 3150 est?
406 3090 446 3150 At
468 3093 492 3150 si
515 3093 639 3152 iudicum
661 3101 807 3152 sumerent
832 3094 971 3153 animum:
995 3094 1122 3168 scirent,
1147 3110 1231 3170 quam

225 3174 365 3234 eiusmodi
381 3176 523 3235 actionem
538 3176 622 3236 laturi
636 3193 694 3235 uon
706 3176 843 3245 luisseut;
859 3177 1009 3255 multoque
1025 3179 1111 3236 etiam
1125 3179 1229 3254 miuus,

182 3264 215 3318 81
224 3275 287 3316 cum
304 3260 333 3317 in
347 3268 484 3337 parentes
501 3259 689 3320 abominanda
712 3261 828 3320 crimina
851 3269 1068 3338 spargerentur.
1106 3259 1145 3320 Et
1161 3278 1229 3339 qua·

226 3349 310 3399 tenus
327 3342 384 3402 huc
395 3344 563 3420 incidimus,
586 3343 674 3422 paulo
697 3343 763 3422 plus
785 3343 896 3404 sobolis
920 3344 1031 3404 demus.
1067 3343 1141 3405 Nam
1157 3354 1187 3406 et
1202 3344 1230 3404 iu

225 3422 269 3483 bis
286 3423 425 3486 educatur
440 3437 554 3506 orator,
575 3437 604 3487 ct
622 3429 650 3486 in
666 3444 717 3506 eo,
736 3428 881 3506 quomodo
897 3428 1085 3507 declamatur,
1103 3430 1230 3507 positum
