2566 4026
385 178 474 225 rusa.
489 175 848 242 osnnou.u1u·.vu1‚6.
1085 168 1122 233 81

202 331 308 394 (latera
320 335 376 392 iam
391 349 448 391 non
463 333 644 409 significandi
655 333 749 408 gratia
763 331 815 391 sed
831 333 866 392 ad
879 337 1050 414 ornandam,
1067 356 1125 399 non

115 417 279 495 aagendam
304 417 463 478 orationem
490 424 679 476 assumuntur.
720 414 810 475 Ornat
833 417 907 477 euim
931 417 1168 500 lulioramo

115 503 194 580 quod
210 511 292 562 reete
310 501 429 561 dicimus
450 502 677 578 appositum
701 500 877 561 anonnullis
899 520 1063 583 sequens
1084 507 1124 567 di·

115 589 199 647 oitur.
239 584 283 645 Eo
300 594 407 664 poetae
423 594 452 644 et
467 585 647 663 frequentius
664 594 693 644 et
707 583 827 645 liberius
841 594 964 647 utuntur.
994 588 1126 667 Namque

114 670 174 730 illis
194 671 264 730 satis
288 679 333 730 est
356 670 512 728 convenire
535 669 564 728 id
579 668 688 746 verbo,
714 669 760 729 eui
783 671 954 748 apponitur,
977 673 1075 750 itaque
1097 683 1126 734 et

115 756 222 816 dentes
248 755 335 816 albos
361 762 390 812 et
415 753 544 814 lanmldn
565 755 639 814 nino
660 754 689 813 in
714 754 749 812 iis
777 770 835 813 non
862 755 1124 834 reprehendemus;

114 838 191 917 apud
209 847 372 912 oratorem,
389 837 444 896 uisi
460 837 567 915 aliquid
585 837 726 913 eflicitur,
743 837 894 898 redundat.
939 838 1011 900 'lum
1030 850 1125 901 autem

116 923 255 998 allicitur,
279 923 303 982 si
324 923 386 981 sine
406 920 474 996 illo,
497 921 574 998 quod
598 921 718 997 dieitur,
741 922 832 981 minus
855 932 915 983 est:
943 924 1039 1003 qualia
1060 935 1124 985 sunt

117 1005 143 1067 0
157 1007 259 1068 scelus
273 1004 531 1081 abominandam,
548 1024 565 1067 0
582 1005 749 1084 deformem
760 1005 927 1068 libidinem.
960 1006 1125 1069 Exornatur
1132 1020 1166 1075 41

116 1100 211 1151 autem
231 1108 280 1150 res
301 1099 363 1151 tota
378 1089 500 1149 maxime
516 1089 766 1150 translationibus:
796 1087 959 1168 Cupiditas
974 1092 1125 1174 effrenato

115 1184 144 1235 et
160 1173 297 1236 Insnone
310 1174 562 1237 substructiones.
595 1171 633 1233 lit
649 1173 727 1234 solet
744 1173 808 1233 lieri
824 1174 887 1234 aliis
904 1175 1044 1236 adiunctis
1063 1178 1124 1256 epi·

114 1260 215 1320 theton
231 1268 351 1337 tropus,
375 1267 405 1318 ut
423 1257 499 1336 apud
513 1256 675 1333 Vergilium
696 1257 808 1337 Turpis
823 1267 944 1338 euentus
964 1268 993 1319 et
1016 1258 1125 1322 Tristis

114 1352 264 1406 senectus.
304 1342 511 1402 Verumtamen
536 1340 602 1401 talis
624 1350 669 1400 est
696 1343 769 1402 ratio
793 1341 915 1403 huiusce
937 1344 1065 1421 virtutis,
1094 1354 1125 1404 ut

115 1427 178 1486 sine
194 1427 335 1505 appositis
351 1426 425 1486 nuda
443 1426 480 1485 sit
496 1433 524 1484 et
540 1424 621 1485 velut
636 1426 782 1505 incompta
797 1428 907 1504 oratio,
931 1436 1069 1487 oneretur
1082 1437 1123 1489 ta·

114 1528 181 1570 men
195 1511 299 1570 multis.
336 1509 409 1570 Nam
427 1510 457 1570 iit
472 1509 560 1586 longa
575 1518 604 1569 et
618 1511 772 1589 impedita,
792 1520 822 1570 ut
840 1512 881 1590 [in
893 1511 1167 1592 quaestionibusllt
1274 1551 1275 1555 ,

116 1612 180 1654 eam
191 1595 302 1654 iudices
318 1595 440 1654 similem
455 1595 560 1671 agmini
572 1594 692 1655 totidem
707 1595 781 1654 lixas
794 1594 911 1655 habenti
925 1605 995 1674 quot
1005 1596 1122 1672 milites,

116 1680 162 1738 eui
177 1687 206 1738 et
227 1697 361 1738 numerus
380 1687 424 1738 est
437 1678 546 1757 duplex
561 1696 617 1738 neo
632 1678 749 1757 duplum
760 1680 876 1749 virium;
894 1698 1055 1758 quanquam
1066 1696 1124 1741 non

116 1763 230 1839 singula
247 1762 333 1822 modo
349 1763 402 1823 sed
422 1763 507 1823 etiam
524 1763 608 1841 plura
623 1763 713 1823 verba
729 1764 837 1842 apponi
852 1764 965 1824 solent:
988 1773 1018 1824 ut

222 1843 368 1926 Coniugio
383 1843 517 1910 Anchise
535 1845 663 1909 Veneris
682 1850 808 1927 dignate
827 1850 970 1928 superbo.

115 1931 175 1992 Sed
191 1931 247 1991 hoo
261 1931 346 1991 modo
366 1932 423 1992 dno
439 1931 530 1991 verba
546 1932 594 1990 uui
609 1933 743 2010 apposita
759 1950 797 1992 ne
811 1951 928 1993 versum
942 1931 1057 2011 quidem
1073 1928 1167 1992 ute-43

116 2016 236 2075 suerint.
271 2016 342 2076 Sunt
356 2024 467 2091 autem,
485 2015 587 2093 qrribus
599 2033 657 2074 non
672 2016 805 2077 videatur
819 2016 866 2077 hio
881 2018 996 2077 omnino
1009 2025 1122 2094 tropus,

116 2101 182 2178 quia
202 2098 272 2159 nihil
295 2107 400 2159 vertat.
446 2098 579 2158 Necesse
598 2109 644 2159 est
664 2118 797 2178 semper,
822 2101 982 2160 cumidem
1006 2100 1122 2178 apposi-

116 2193 188 2259 tum,
208 2185 232 2242 si
248 2201 264 2243 a
280 2185 400 2262 proprio
417 2183 568 2257 diviseris,
593 2200 648 2261 per
662 2201 696 2242 se
711 2182 856 2260 signifieat
873 2192 902 2244 et
917 2183 987 2244 faoit
1002 2192 1122 2243 antono-

113 2268 240 2328 masiam.
284 2266 358 2328 Nam
374 2269 399 2326 si
416 2268 513 2341 dieas,
533 2264 609 2342 itte,
627 2268 681 2343 qni
695 2264 891 2328 Numantiam
912 2276 941 2329 et
961 2263 1123 2344 Continui·

114 2371 184 2413 nem
196 2353 320 2413 evertit:
337 2350 534 2411 antonomasia
546 2357 607 2417 est;
625 2350 649 2408 si
661 2350 804 2410 adieceris
812 2348 938 2428 Scipio:
949 2351 1122 2427 appositum.

114 2433 180 2494 Nou
194 2444 292 2513 potest
310 2452 382 2512 ergo
400 2453 467 2494 esse
483 2434 618 2492 iunctum.
1130 2434 1167 2489 44

199 2517 238 2578 At
256 2509 480 2598 ἀλληγορία,
506 2535 590 2595 quam
614 2518 867 2577 inversionem
888 2519 1123 2595 interpretantur,

114 2611 163 2663 aut
188 2602 265 2662 aliud
280 2602 378 2662 verbis
395 2602 472 2662 aliud
493 2619 581 2661 sensu
599 2602 725 2661 ostendit
746 2610 793 2662 ant
814 2604 900 2662 etiam
922 2601 1035 2661 interim
1055 2617 1124 2660 oon·

114 2687 242 2746 tranium.
283 2686 364 2746 Prius
386 2687 416 2746 lit
433 2703 525 2762 genus
544 2685 716 2764 plerumque
739 2687 909 2748 continuatis
930 2685 1124 2747 translationi·

113 2769 184 2830 bus:
203 2779 233 2830 ut

320 2852 346 2914 0
362 2856 470 2930 novis,
486 2853 622 2932 reserent
636 2857 669 2916 io
685 2874 773 2918 more
789 2864 818 2918 te
832 2856 903 2917 noni

321 2936 467 3007 Fluvium
483 2958 500 2999 o
517 2939 592 3016 quid
606 2940 698 3017 ouis?
710 2939 832 3018 sortiter
846 2958 967 3019 occupo

320 3021 455 3099 Portum,

113 3115 252 3185 totusque
274 3108 324 3166 ille
342 3106 453 3166 Horatii
470 3105 570 3181 loeus,
593 3123 650 3183 quo
668 3124 771 3167 navem
791 3124 844 3186 pro
865 3126 898 3167 re
921 3106 1054 3187 publiea,
1073 3103 1124 3164 nn·

114 3198 178 3251 otus
198 3199 227 3249 et
243 3198 431 3269 tempestates
451 3206 505 3268 pro
522 3189 608 3250 hellis
625 3190 774 3267 civilibus,
791 3198 906 3269 portum
923 3208 977 3270 pro
993 3206 1068 3269 paee
1083 3195 1125 3248 at·

113 3291 172 3353 que
190 3275 348 3335 eoncordia
365 3275 443 3335 dicit.
480 3271 552 3332 Tale
567 3272 693 3334 Lucretii
1131 3281 1168 3337 46

368 3355 447 3419 Asin
468 3355 626 3418 Pieridum
636 3377 773 3438 peronae
790 3362 870 3435 loon,

114 3451 144 3502 et
162 3441 288 3518 Vergilii

159 3546 188 3584 m.
210 3547 234 3584 r.
258 3546 372 3594 ournrm.
391 3530 423 3584 ll.
938 3528 957 3588 6
