2566 4026
269 175 331 237 246
585 187 621 235 u.
638 186 717 232 uas.
733 184 953 245 adunaturam

270 350 316 404 eat
328 343 360 403 in
379 348 507 420 argento
525 340 657 419 nocato,
673 340 804 418 ispania·
826 347 986 417 arpentum
1005 348 1107 402 aciens
1127 358 1215 402 omne
1229 341 1274 402 te

267 427 368 506 pauit,
391 426 485 504 tpttcr
504 432 533 485 et
551 425 731 502 pecuniam,
754 431 898 501 quaeest
920 425 952 484 in
973 432 1119 502 arpenta,
1147 424 1272 503 lepoot'l,

269 508 387 570 habebit
403 507 524 568 formam
547 508 719 586 syllogismi.
754 505 869 567 Oratori
892 508 962 568 satis
986 516 1031 567 est
1052 508 1169 583 dicere,
1195 506 1272 570 Cam

269 601 430 672 arpentum
444 593 594 672 lepuocrt‘l
613 610 717 655 omne:
730 592 896 670 pecuniam
911 606 1030 670 qaoque
1045 593 1174 671 legauit,
1190 607 1274 671 qaae

270 685 315 739 cot
329 679 362 738 in
376 684 513 755 aspecto.

227 772 261 829 at
353 760 510 838 l’eregisse
525 759 592 819 mihi
614 760 717 818 videor
734 776 818 818 sacra
834 759 1005 818 tradentium
1020 767 1109 833 artes,
1133 759 1187 819 sed
1203 775 1273 820 oon·

270 844 335 904 silio
351 844 435 904 locus
451 851 597 920 superest.
630 841 760 920 Namque
775 858 844 919 ego,
858 850 888 900 ut
905 844 933 901 iu
950 843 1081 901 oratione
1098 843 1273 921 syllogismo

270 928 385 1008 quidem
401 925 555 1006 aliquando
570 927 610 986 uti
624 927 707 985 neias
722 942 780 986 nou
795 926 888 1002 duco,
909 927 948 986 ita
967 934 1102 986 constare
1117 935 1206 987 totam
1224 937 1274 988 aut

270 1021 351 1073 certe
368 1012 527 1072 confertam
549 1028 618 1070 esse
638 1011 860 1088 aggressionum
882 1019 911 1069 et
927 1009 1168 1084 enthymematum
1183 1006 1272 1090 stipa·

268 1097 348 1155 tione
363 1096 477 1155 minima
492 1094 589 1153 uelim.
630 1093 763 1171 Dialogis
786 1095 860 1154 enim
876 1102 906 1152 et
920 1092 1082 1154 dialecticis
1101 1095 1272 1173 disputatio-

268 1179 352 1240 nibus
369 1181 425 1239 erit
441 1179 562 1238 similior
583 1196 667 1258 quam
688 1179 779 1237 nostri
795 1179 894 1255 operis
911 1177 1090 1253 actionibus,
1113 1195 1189 1257 quae
1209 1180 1272 1257 qni·

226 1279 262 1332 28
270 1263 334 1324 dem
364 1265 439 1324 inter
466 1281 499 1322 se
524 1262 675 1340 plurimum
705 1261 849 1322 differunt.
898 1260 1029 1340 Namque
1055 1261 1113 1321 illis
1141 1261 1274 1323 homines

270 1348 349 1409 docti
371 1356 400 1407 et
422 1349 498 1407 inter
520 1346 623 1406 doctos
644 1363 745 1406 verum
765 1355 941 1425 quaerentes
957 1348 1091 1406 minutius
1109 1355 1138 1406 et
1152 1362 1274 1424 scrupu-

270 1431 361 1493 losius
383 1438 547 1491 scrutantur
568 1431 676 1505 omnia,
698 1429 784 1488 etad
806 1429 944 1508 liquidum
967 1430 1194 1509 confessumque
1206 1448 1274 1509 per·

271 1514 387 1591 ducunt,
404 1523 435 1573 ut
450 1515 499 1592 qui
514 1513 568 1573 sibi
587 1521 615 1573 et
629 1512 792 1573 inveniendi
804 1523 833 1573 et
847 1514 990 1573 iudicandi
1003 1514 1149 1574 vindicent
1161 1522 1272 1592 partes,

228 1614 262 1668 29
271 1615 389 1676 quarum
405 1597 525 1657 alteram
541 1590 667 1675 τοπικὴν
683 1597 803 1657 alteram
821 1589 957 1678 κριτικὴν
975 1606 1091 1658 vocant.
1129 1596 1222 1657 Nobis
1238 1596 1275 1657 ad

271 1681 391 1742 aliorum
411 1679 516 1740 iudicia
546 1680 746 1758 componenda
777 1690 822 1740 est
848 1682 956 1756 oratio,
991 1690 1019 1741 et
1049 1682 1166 1760 saepius
1197 1681 1274 1759 apud

271 1765 385 1826 omnino
407 1765 557 1841 imperitos
581 1773 668 1843 atque
688 1764 801 1824 illarum
817 1773 899 1824 certe
920 1766 1038 1842 ignaros
1054 1764 1215 1825 litterarum
1230 1763 1273 1825 lo·

272 1848 415 1929 quendum
432 1857 493 1925 est,
518 1865 591 1926 quos
614 1849 668 1907 uisi
689 1857 718 1907 et
739 1847 933 1908 delectatione
958 1849 1098 1909 allicimus
1120 1858 1149 1909 et
1163 1847 1273 1908 viribus

270 1933 407 1993 trahimus
423 1940 453 1990 et
469 1948 671 2011 nonnunquam
686 1930 832 1992 turbamus
851 1931 1018 1993 affectibus:
1040 1935 1121 2011 ipsa,
1141 1950 1216 2011 quac
1231 1933 1272 1991 iu·

229 2027 264 2082 30
271 2025 315 2077 sta
331 2034 366 2075 ao
380 2033 451 2075 vera
469 2024 545 2092 sunt,
562 2024 665 2075 tenere
676 2033 733 2076 non
744 2032 908 2094 possumus.
931 2015 1077 2095 Locuples
1093 2026 1122 2076 et
1135 2017 1273 2094 speciosa

271 2101 333 2160 vult
349 2117 416 2158 esse
433 2099 617 2179 eloquentia;
640 2117 762 2179 quorum
783 2100 852 2159 nihil
870 2110 1083 2179 consequetur,
1104 2102 1129 2160 si
1151 2098 1273 2159 conclu·

272 2184 401 2244 sionibus
417 2185 505 2243 certis
524 2192 554 2243 et
569 2183 682 2243 crebris
699 2193 727 2244 et
743 2185 770 2243 in
786 2202 869 2244 uuam
885 2201 980 2262 prope
1001 2185 1121 2245 formam
1143 2183 1273 2243 cadenti·

271 2267 325 2327 bus
341 2268 459 2327 concisa
475 2276 503 2327 et
519 2277 713 2346 contemptum
725 2287 763 2327 ex
778 2268 935 2328 humilitate
951 2276 980 2327 et
993 2269 1089 2328 odium
1101 2287 1139 2327 ex
1152 2267 1275 2346 quadam

271 2354 411 2411 servitute
434 2360 463 2410 et
484 2370 522 2411 ex
538 2353 622 2430 copia
640 2354 802 2413 satietatem
827 2360 856 2411 et
872 2370 910 2410 ex
926 2351 1109 2411 similitudine
1129 2350 1274 2411 fastidium

229 2445 262 2500 31
273 2435 379 2495 tulerit.
411 2434 535 2495 Feratur
551 2453 623 2513 ergo
640 2453 698 2496 non
713 2437 822 2496 semitis
838 2435 891 2495 scd
911 2437 1031 2513 campis,
1047 2452 1105 2495 non
1120 2437 1161 2494 uti
1177 2434 1273 2494 fontes

272 2521 401 2597 angustis
418 2519 522 2579 listulis
540 2520 717 2596 colliguntur
732 2520 786 2579 sed
800 2528 831 2578 ut
848 2519 1006 2579 beatissimi
1020 2538 1117 2580 amnes
1133 2520 1203 2579 totis
1214 2516 1273 2578 nal·

271 2603 346 2662 libus
367 2602 457 2663 lluuut
477 2620 512 2661 ac
536 2603 590 2662 sibi
613 2605 703 2678 niam,
727 2606 752 2662 si
775 2603 889 2682 quando
915 2620 972 2663 non
988 2605 1154 2681 acceperit,
1176 2603 1272 2663 faciat.

270 2685 343 2746 Nam
364 2685 433 2765 quid
454 2686 505 2746 illa
530 2687 662 2745 miserius
684 2687 752 2764 lege
781 2686 862 2745 velut
886 2687 1096 2765 praeformatas
1118 2685 1274 2746 infantibus

272 2770 382 2829 litteras
398 2771 636 2847 persequentium
652 2779 691 2844 et,
707 2778 738 2828 ut
754 2768 859 2830 Graeci
876 2771 974 2830 dicere
991 2771 1098 2847 solent,
1116 2788 1203 2850 quem
1217 2787 1274 2829 ma·

270 2861 316 2912 ter
336 2854 470 2912 amictum
500 2851 594 2927 dedit,
624 2853 750 2912 sollicite
781 2853 1017 2914 custodientium:
1048 2854 1214 2933 propositio
1240 2870 1275 2912 ac

228 2950 263 3001 iti
271 2936 422 2997 conclusio
440 2953 477 2994 ex
489 2936 735 3013 consequentibus
749 2945 778 2996 et
789 2934 1040 3014 repugnantibus?
1060 2937 1125 2997 Non
1132 2933 1274 3016 inspiret?

270 3036 328 3080 non
343 3014 471 3097 augeat?
490 3035 548 3078 non
568 3019 648 3078 mille
669 3019 768 3096 figuris
786 3022 879 3079 variet
901 3040 936 3082 ac
949 3018 1070 3080 verset?
1094 3030 1125 3081 nt
1145 3039 1179 3080 ea
1193 3021 1275 3081 nasci

271 3113 301 3163 et
321 3106 384 3182 ipsa
404 3104 561 3181 provenire
584 3112 700 3178 natura,
724 3119 781 3163 non
805 3122 888 3164 manu
913 3106 991 3165 lacta
1014 3115 1043 3164 et
1058 3114 1120 3167 arte
1136 3112 1274 3183 suspecta

271 3189 438 3264 magistrum
458 3185 542 3245 lateri
563 3185 670 3264 ubique
690 3184 863 3248 videantur?
903 3188 974 3261 Quis
996 3207 1119 3268 uuquam
1142 3190 1185 3248 sio
1205 3188 1274 3248 dixit

272 3267 390 3330 orator?
426 3268 529 3330 Nonne
550 3269 626 3347 apud
649 3272 741 3348 ipsum
764 3271 981 3331 Demosthenen
1002 3273 1176 3351 paucissima
1192 3272 1273 3332 huius

272 3355 389 3414 veneris
404 3353 454 3412 nel
470 3355 539 3414 artis
556 3351 762 3432 reperiuntur?
798 3355 879 3428 Quae
895 3356 1079 3435 apprehensa
1095 3355 1200 3417 Graeci
1215 3372 1273 3415 ma·

274 3435 319 3512 gis
340 3438 414 3518 (uon
428 3436 486 3498 hoo
502 3436 595 3500 solum
611 3439 693 3517 peius
710 3438 842 3520 iaciunt)
865 3441 894 3501 iu
910 3449 1027 3503 catenas
1042 3440 1133 3521 ligant
1149 3449 1179 3498 et
1193 3440 1262 3499 inex
