2566 4026
411 146 841 217 rusr.onaroa.n1a.x1,3.
1067 136 1128 199 ais

123 314 204 386 bom,
227 310 293 386 quia
310 307 472 366 interiectio
490 314 535 366 est
549 306 614 383 sato
625 305 777 383 prosaque
795 314 824 364 et
840 307 1003 365 continuum
1018 325 1127 367 sermo-

121 413 200 469 nem,
219 394 267 472 qui
286 390 412 451 faciebat
430 389 555 452 Italiam
571 387 766 466 Larinaque,
787 388 895 448 dividit.
930 388 973 449 Ob
994 391 1126 451 eandem·

122 496 175 555 que
189 495 305 537 causam
317 483 420 553 quarto
434 476 596 553 prosaque,
613 473 717 534 deinde
730 471 908 551 Lavinaque
919 476 1001 536 venit
1017 476 1127 545 litora‚·

121 559 168 619 ubi
181 564 235 621 iam
252 562 306 620 erit
324 560 486 634 distinctio,
509 559 575 636 quia
592 557 658 617 inde
675 557 747 617 alius
763 557 863 636 incipit
879 575 992 617 sensus.
1025 558 1083 618 Sed
1099 561 1127 618 in

119 646 191 722 ipsis
212 646 297 705 etiam
323 642 552 704 distinctionibus
568 651 681 720 tempus
703 641 775 701 alias
791 640 908 701 brevius
924 641 995 702 alias
1011 642 1127 720 longius

119 728 258 788 dabimus.
290 727 414 788 interest
431 728 514 803 enim,
534 743 696 786 sermonem
709 725 805 784 finiant
817 743 853 784 an
869 744 995 785 sensum.
1028 725 1170 806 Itaquess

118 812 196 872 iilam
218 813 431 872 distinctionem
448 810 555 872 Litora
575 811 704 890 protinus
726 809 819 870 altero
843 811 960 887 spiritus
983 812 1062 870 initio
1085 814 1126 870 in·

119 914 240 974 sequar;
265 915 328 955 cum
352 894 422 954 illuc
446 912 554 955 venero
571 892 669 973 Atque
688 895 770 955 altae
786 895 907 955 moenia
922 893 1055 956 Romae:
1078 895 1127 955 de-

118 997 222 1058 ponam
244 989 273 1040 et
297 978 433 1039 morabor
455 988 484 1039 et
505 996 609 1038 novum
627 995 726 1037 rursus
748 977 897 1038 exordium
912 979 1025 1038 faciam.
1056 980 1170 1045 Sunt39

117 1063 270 1143 aliquando
303 1074 331 1123 et
363 1065 426 1122 sine
457 1065 649 1141 respiratione
683 1061 823 1140 quaedam
854 1078 953 1122 morae
985 1064 1071 1122 etiam
1098 1065 1126 1124 in

116 1148 255 1225 periodis.
300 1147 338 1207 Ut
368 1148 443 1206 enim
472 1146 538 1208 illa:
578 1145 617 1206 io
639 1154 725 1208 coeto
751 1164 824 1207 oero
852 1148 958 1224 popuii
984 1146 1125 1223 Romam,

116 1234 267 1310 nepotiana
294 1232 452 1308 publicum
471 1251 599 1310 percos,
626 1232 772 1307 maqistcr
794 1231 926 1309 equitum
954 1240 1011 1290 etc.
1038 1231 1126 1292 multa

116 1314 244 1374 membra
267 1315 374 1374 babent
396 1316 516 1394 (sensus
532 1317 606 1376 enim
622 1324 687 1374 sunt
701 1313 749 1374 alii
765 1323 852 1392 atque
873 1315 938 1393 aiii)
964 1315 1017 1374 sed
1044 1334 1125 1376 unam

117 1399 404 1459 circumductionem:
440 1401 479 1459 ita
505 1399 619 1478 paulum
638 1398 804 1458 morandum
832 1400 859 1457 in
882 1397 926 1458 his
953 1399 1124 1476 intervallis,

116 1500 173 1542 non
191 1482 441 1562 interrumpendus
462 1492 507 1543 est
523 1491 686 1543 contextus.
718 1482 778 1541 Sed
801 1483 979 1542 econtrario
996 1484 1124 1561 spiritum

115 1568 229 1625 interim
244 1568 380 1644 recipere
397 1569 460 1626 sine
476 1568 627 1627 intellectu
639 1583 739 1626 morae
754 1584 879 1626 necesse
896 1576 957 1643 est,
983 1584 1040 1645 quo
1057 1567 1124 1628 loco

117 1653 199 1726 quasi
214 1651 411 1729 surripiendus
429 1661 488 1719 est;
512 1651 621 1730 alioqui
640 1653 664 1710 si
684 1652 787 1710 inscite
804 1651 980 1728 recipiatur,
1002 1668 1060 1711 non
1074 1653 1124 1711 mi-

114 1753 167 1792 nus
184 1734 285 1794 alienat
306 1735 490 1795 obscuritatis
505 1754 589 1814 quam
603 1736 708 1794 vitiosa
724 1734 878 1794 distinctio.
909 1734 1007 1794 Virtus
1029 1744 1124 1795 autem

114 1818 308 1895 distinguendi
324 1819 451 1880 fortasse
467 1821 503 1879 sit
516 1837 619 1899 parva;
635 1821 697 1878 sine
711 1836 765 1898 qua
783 1828 876 1878 tamen
893 1837 960 1879 esse
976 1818 1053 1880 nulla
1068 1819 1124 1880 alia

113 1904 141 1961 in
157 1903 271 1980 agendo
288 1912 395 1980 potest.

199 1984 336 2045 Ornata
364 1996 409 2046 est
431 1989 640 2064 pronuntiatio,
670 1989 715 2046 cui
739 1989 913 2064 suffragatur
934 2005 994 2046 vox
1016 1986 1160 2062 facilisqw

113 2086 233 2144 magna,
250 2068 347 2142 beata,
364 2069 511 2146 flexibilis,
529 2070 619 2146 firma,
637 2070 741 2146 dulcis,
762 2070 915 2146 durabilis,
933 2070 1022 2145 clara,
1040 2089 1122 2148 pura,

114 2168 218 2210 secans
239 2156 307 2209 aera
331 2160 360 2209 et
381 2150 497 2210 auribus
515 2153 637 2227 sedens,
663 2152 725 2230 (est
743 2155 817 2213 enim
833 2153 972 2231 quaedam
988 2153 1024 2212 ad
1045 2153 1123 2213 audi·

114 2243 172 2293 tum
195 2233 412 2294 accommodata
437 2251 494 2293 non
512 2235 706 2310 magnitudine
722 2235 774 2294 sed
791 2236 987 2315 proprietate)
1009 2236 1045 2295 ad
1067 2236 1124 2295 boc

113 2317 194 2376 velut
214 2316 391 2393 tractabilis,
414 2319 513 2396 utique
530 2317 640 2377 habens
657 2335 756 2378 ornnes
772 2320 864 2394 inse,
887 2320 935 2396 qui
957 2318 1122 2378 desideran-

113 2412 175 2476 tur,
194 2418 284 2460 sonos
300 2402 534 2481 intentionesque
550 2410 580 2461 et
595 2409 674 2477 tota,
695 2411 726 2462 ut
740 2403 833 2478 aiunt,
853 2420 993 2481 orqooa,·
1012 2403 1056 2461 eui
1075 2402 1122 2462 ad·

114 2488 169 2545 erit
184 2486 284 2545 lateris
303 2486 439 2563 firmitas,
463 2487 580 2564 spiritus
606 2504 669 2547 cum
691 2487 785 2564 spatio
801 2487 934 2564 pertinax
955 2494 1012 2545 tum
1030 2484 1123 2545 labori

112 2587 171 2629 uon
186 2570 274 2630 facile
293 2589 440 2631 cessums.
471 2570 573 2649 Neque
588 2571 775 2648 gravissimus
791 2580 886 2630 autem
907 2571 935 2629 in
950 2571 1059 2630 musica
1075 2587 1121 2629 so·
1131 2578 1163 2632 tr

112 2673 166 2713 nus
184 2673 239 2714 nec
254 2657 436 2715 acutissimus
454 2656 632 2715 orationibus
649 2657 793 2715 convenit.
824 2654 896 2715 Nam
914 2662 943 2714 et
958 2654 1006 2715 hic
1024 2672 1122 2732 parum

113 2739 209 2798 clarus
225 2741 396 2817 nimiumque
409 2740 513 2818 plenus
529 2740 636 2800 nulium
654 2740 760 2798 aiierre
775 2740 874 2799 animis
890 2748 997 2798 motum
1013 2746 1120 2815 potest,

113 2831 142 2881 et
158 2821 209 2881 iiie
227 2825 394 2900 praetenuis
413 2834 442 2884 et
457 2825 627 2884 immodicae
649 2823 803 2900 claritatis,
829 2841 892 2883 oum
915 2832 960 2883 est
976 2822 1051 2882 ultra
1071 2841 1121 2882 ve-

112 2925 190 2980 rum,
213 2916 272 2966 tum
290 2925 385 2985 neque
399 2909 633 2985 pronuntiatione
652 2907 732 2967 flecti
746 2925 843 2987 neque
865 2907 968 2968 diutius
987 2906 1064 2966 ferre
1080 2909 1121 2965 in·

111 2992 269 3050 tentionem
291 3000 399 3069 potest.
435 2990 507 3051 Nam
528 3009 588 3050 vox
613 3001 643 3050 ut
664 2993 763 3068 nervi,
787 3009 844 3070 quo
866 2993 1032 3066 remissior,
1066 2991 1164 3050 bonit

112 3076 229 3149 gravior
252 3083 282 3134 et
302 3075 433 3153 plenior;
458 3092 516 3154 quo
534 3077 661 3151 tensior,
682 3076 740 3136 hoc
760 3078 854 3136 tenuis
877 3085 907 3136 et
930 3085 1013 3135 acuta
1030 3077 1121 3152 magis

113 3165 167 3214 est.
195 3158 245 3217 Sic
260 3159 314 3218 ima
332 3160 389 3217 vim
405 3158 582 3234 nonhabet,
603 3178 711 3219 summa
729 3162 821 3239 rumpi
840 3160 1030 3237 periclitatur.
1060 3157 1120 3218 bie·

113 3239 166 3298 diis
189 3259 261 3318 ergo
282 3243 417 3303 utendum
434 3244 530 3318 souis,
557 3243 644 3322 hique
663 3262 727 3303 cum
743 3245 874 3322 augenda
891 3245 1048 3303 intentione
1071 3261 1120 3302 ex·

113 3325 234 3398 citandi,
260 3343 324 3384 cum
345 3326 545 3387 summittenda
562 3337 627 3387 sunt
642 3329 832 3407 temperandi.

196 3407 267 3468 Nam
288 3411 379 3487 prima
403 3420 446 3471 est
470 3411 639 3472 observatio
660 3422 743 3472 recte
758 3413 959 3491 pronuntiandi
983 3415 1164 3491 aequa-43
