2566 4026
412 195 836 265 1usu.onunon.1.1e.rr,3.
1067 184 1124 248 173

121 366 149 416 ut
167 358 234 416 cito.
258 355 317 414 Sed
329 363 387 413 tum
397 354 530 427 maxime,
549 370 612 410 cum
623 352 746 412 facultas
762 351 812 412 illa
826 353 990 428 contigerit,
1007 354 1125 413 resista·

118 459 180 499 mus
198 449 227 498 et
241 438 443 517 provideamus
462 446 491 496 et
507 435 635 495 ferentes
649 452 740 512 equos
752 434 842 494 frenis
861 434 1029 513 quibusdam
1042 453 1124 496 coer-

120 541 250 592 ceamus;
274 521 351 600 quod
374 538 432 581 non
457 530 513 579 tam
535 537 644 578 moram
665 518 753 578 faciet
775 536 859 597 quam
884 536 977 578 novos
1001 520 1126 596 impetus

119 607 206 668 dabit.
249 605 353 684 Neque
376 608 450 665 enim
468 622 568 663 rursus
600 620 668 678 eos,
692 603 741 680 qui
762 602 852 662 robur
872 602 991 682 aliquod
1014 604 1042 662 in
1058 603 1125 663 stilo

118 691 253 766 fecerint,
271 690 306 750 ad
322 690 468 749 infelicem
481 686 671 748 calumniandi
687 704 719 746 se
735 703 859 764 poenam
870 686 1032 764 alligandos
1043 697 1124 764 puto.

119 775 190 834 Nam
206 775 352 852 quomodo
371 773 508 832 sufficere
526 771 630 832 officiis
646 770 778 830 civilibus
801 771 912 849 possit,
934 773 982 849 qui
1005 771 1126 848 singulis
1135 781 1166 834 11

119 859 262 917 actionum
283 857 413 936 partibus
429 852 620 915 inseneseat?
658 854 730 914 Sunt
751 863 847 916 autem
871 854 975 933 quibus
998 854 1067 914 nihil
1089 857 1127 916 sit

118 944 204 1010 satis;
224 944 317 1001 omnia
328 950 449 1016 mutare,
463 942 556 999 omnia
571 939 655 999 aliter
665 939 765 999 dicere
781 957 866 1018 quam
882 939 1008 999 occurrit
1018 938 1125 1008 velint;

118 1024 259 1084 increduli
276 1025 390 1103 quidam
406 1033 435 1084 et
458 1023 493 1083 de
515 1025 631 1101 ingenio
654 1040 707 1082 suo
723 1025 851 1101 pessime
868 1025 978 1098 meriti,
1000 1024 1048 1102 qui
1064 1022 1125 1083 dili·

116 1110 243 1186 gentiam
253 1117 354 1187 putant
369 1109 468 1169 facere
484 1107 539 1167 sibi
557 1107 702 1167 scribendi
718 1106 924 1167 difficultatem.
956 1106 1124 1186 Necprom·
1134 1117 1167 1169 12

117 1203 195 1271 ptum
213 1202 258 1253 est
274 1193 383 1270 dicere,
400 1201 481 1251 utros
496 1209 622 1270 peccare
641 1190 763 1251 validius
779 1201 893 1270 putem,
911 1191 1014 1270 quibus
1031 1193 1125 1253 omnia

117 1295 168 1336 sua
189 1277 307 1355 placent
332 1296 368 1338 an
384 1276 487 1355 quibus
504 1275 583 1335 nihil.
628 1275 742 1335 Accidit
765 1277 838 1335 enim
860 1278 945 1335 etiam
966 1277 1124 1353 ingeniosis

117 1360 353 1420 adolescentibus
374 1361 553 1437 frequenter,
571 1358 713 1419 utlabore
730 1368 933 1421 consumantur
947 1369 976 1420 et
991 1362 1019 1420 in
1036 1361 1123 1420 silen-

117 1446 186 1503 tium
201 1462 295 1522 nsque
318 1443 495 1504 descendant
517 1444 601 1503 nimia
622 1441 697 1503 bene
724 1443 838 1505 dicendi
861 1443 1027 1522 cupiditate.
1061 1443 1125 1517 Qua

117 1528 153 1588 de
169 1547 201 1587 re
213 1529 328 1588 memini
343 1546 477 1588 narrasse
490 1527 557 1587 mihi
575 1525 676 1586 Iulium
688 1527 851 1588 Secundum
868 1527 959 1604 illum,
973 1527 1125 1606 aequalem

117 1630 210 1671 meum
226 1622 311 1690 atque
328 1630 343 1672 a
357 1631 419 1688 me,
444 1621 475 1672 ut
490 1621 587 1671 notum
603 1620 664 1686 est,
686 1610 865 1671 familiariter
881 1621 1017 1687 amatum,
1034 1614 1123 1673 mirae

117 1695 269 1756 facundiae
284 1697 391 1772 virum,
415 1695 542 1755 infinitae
558 1704 654 1754 tamen
673 1713 771 1772 curae,
789 1695 856 1773 quid
872 1705 952 1756 esset
970 1695 1024 1756 sibi
1042 1713 1058 1757 a
1073 1713 1123 1774 pa·

116 1789 181 1838 truo
198 1796 250 1839 suo
263 1779 377 1839 dictum.
404 1778 432 1839 ls
445 1779 497 1840 fuit
509 1778 598 1839 lulius
609 1777 725 1854 Florus,
737 1781 766 1838 in
779 1779 946 1858 eloquentia
958 1778 1123 1856 Galliarum,
1132 1792 1166 1846 13

116 1864 250 1940 quoniam
264 1863 304 1923 ibi
319 1863 431 1924 demum
444 1864 575 1923 exercuit
591 1881 664 1938 eam,
677 1864 827 1942 princeps,
840 1863 951 1942 alioqui
965 1865 1039 1924 inter
1053 1883 1122 1943 pau·

116 1964 168 2006 cos
186 1946 311 2007 disertus
329 1956 357 2007 et
380 1947 483 2025 dignus
500 1947 551 2007 illa
565 1948 791 2026 propinquitate.
824 1946 852 2007 ls
869 1966 933 2008 cum
949 1948 1122 2024 Secundum,

116 2030 237 2089 scholae
254 2030 348 2091 adhuc
368 2039 529 2109 operatum,
547 2033 658 2091 tristem
675 2031 752 2092 forte
769 2031 906 2093 vidisset:
922 2034 1122 2110 interrogavit,

116 2130 190 2190 quae
204 2130 290 2173 cansa
303 2114 405 2174 frontis
417 2122 474 2174 tam
486 2113 646 2175 adductae?
668 2114 731 2175 Nec
740 2115 928 2176 dissimulavit
937 2116 1122 2192 adolescens,
1133 2128 1166 2182 14

115 2198 229 2256 tertium
246 2197 301 2256 iam
316 2196 391 2257 diem
406 2215 490 2273 esse,
514 2197 592 2276 quod
617 2201 692 2259 omni
714 2199 817 2260 labore
842 2201 979 2260 materiae
1001 2201 1037 2261 ad
1052 2201 1122 2261 scri·

115 2280 239 2339 bendum
252 2279 411 2341 destinatae
424 2299 482 2341 non
494 2283 636 2342 inveniret
648 2283 812 2352 exordium;
830 2301 887 2362 qno
903 2283 957 2343 sibi
970 2301 1027 2343 non
1038 2301 1122 2362 prae-

115 2382 182 2423 sens
200 2372 308 2424 tantum
324 2364 426 2440 dolor,
445 2363 498 2426 sed
521 2367 606 2426 etiam
628 2365 794 2445 desperatio
815 2369 843 2426 in
863 2377 1013 2446 posterum
1027 2367 1121 2428 lieret.

115 2447 186 2506 Tum
201 2446 306 2507 Florus
325 2449 466 2525 arridens,
482 2447 639 2527 Numquid
656 2458 704 2528 tu,
720 2452 821 2529 inquit,
835 2454 941 2513 melius
956 2453 1122 2515 dioececis

115 2548 207 2610 qaum
222 2535 331 2610 potes?
362 2532 404 2593 Ita
416 2552 449 2593 se
461 2551 509 2594 res
525 2533 621 2593 habet.
656 2532 818 2595 Curandum
833 2545 889 2614 est,
905 2545 1033 2614 utquam
1049 2536 1164 2615 opti-15

113 2634 159 2675 me
175 2615 319 2686 dicamns;
342 2616 493 2678 dicendum
516 2626 612 2677 tamen
632 2635 686 2697 pro
708 2618 855 2681 facultate.
893 2620 940 2681 Ad
958 2621 1122 2700 proiectum

114 2701 189 2759 enim
205 2717 278 2779 opus
301 2710 346 2761 est
360 2701 455 2762 studio
476 2719 534 2761 non
555 2701 762 2780 indignatione.
801 2703 839 2765 Ut
859 2706 1004 2783 possimus
1027 2714 1122 2765 autem

114 2784 243 2844 scribere
260 2785 344 2844 etiam
358 2785 442 2863 plura
461 2785 604 2862 celerius,
626 2803 684 2847 non
701 2790 871 2849 exercitatio
887 2790 974 2850 modo
992 2798 1121 2868 praesta-

112 2865 172 2942 bit,
196 2869 223 2926 in
249 2886 305 2947 qua
326 2870 388 2929 sine
407 2868 493 2930 dubio
510 2870 627 2930 multum
645 2879 705 2946 est,
728 2871 781 2932 sed
802 2874 887 2933 etiam
908 2875 997 2942 ratio;
1020 2875 1121 2933 sinon

113 2953 241 3029 resupini
256 2962 483 3032 spectantesque
500 2963 608 3014 tectum
631 2964 660 3015 et
682 2956 887 3032 cogitationem
904 2975 1045 3017 murmure
1061 2959 1120 3034 agi-

113 3042 208 3093 tantes
231 3039 499 3115 expectaverimus,
518 3037 587 3118 quid
603 3036 751 3108 obveniat;
774 3039 828 3100 sed
849 3041 917 3119 quid
940 3059 989 3100 res
1006 3049 1120 3119 poscat,

116 3117 183 3193 quid
197 3135 352 3194 personam
373 3121 492 3198 deceat,
519 3122 596 3201 quod
612 3124 649 3183 sit
665 3131 797 3200 tempus,
819 3126 868 3202 qui
882 3125 985 3185 iudicis
1001 3126 1120 3198 animus,

115 3200 207 3258 intuiti
231 3200 353 3263 humano
376 3205 499 3283 quodam
519 3206 606 3266 modo
627 3207 664 3267 ad
692 3206 875 3267 scribendum
897 3210 1119 3269 accesserimus.

116 3284 166 3343 Sic
185 3282 268 3342 nobis
287 3295 316 3344 et
332 3288 410 3348 initia
425 3299 454 3349 et
470 3307 545 3368 quae
563 3299 722 3369 sequuntur
737 3300 837 3351 natura
855 3292 918 3371 ipsa
936 3293 1118 3373 praescribit.

117 3363 205 3426 (lenta
230 3377 294 3426 sunt
317 3371 390 3431 enim
412 3372 554 3452 pleraque
578 3383 622 3452 et,
646 3377 701 3435 nisi
722 3377 943 3453 conniveamus,
967 3379 996 3438 in
1017 3377 1162 3448 oculos16

115 3451 279 3520 incurrunt;
296 3451 422 3532 ideoque
437 3475 492 3518 nec
502 3459 610 3519 indocti
625 3477 681 3520 noc
695 3462 796 3520 rustici
813 3461 859 3522 diu
875 3470 1026 3541 quaerunt,
1044 3460 1119 3523 unde
