2566 4026
226 169 286 232 141
546 181 909 242 annemundum

166 337 274 404 1001110
291 337 496 398 observatione
512 355 549 395 ex
565 337 705 397 trochaeo
723 337 754 396 fit
772 346 955 416 anapaestus.
980 339 1060 401 Idem
1073 343 1233 404 trochaeus

222 421 419 501 praecedente
437 421 525 498 longa
546 420 576 479 lit
597 438 709 498 paeon,
731 422 817 499 quale
839 431 884 482 est
902 421 940 482 st
959 433 1066 502 patero
1089 436 1120 488 et
1142 426 1234 488 Dicit

220 508 277 568 hoc
292 505 417 580 Cicera,
436 503 540 566 Obstat
551 507 678 569 insidia.
708 506 767 565 Sed
784 506 859 565 hunc
874 508 960 566 initiis
976 507 1128 570 dederunt.
1165 509 1232 571 Glu-

222 589 272 651 det
292 599 321 650 et
342 587 523 668 pyrrhichius
545 587 654 647 choreo
677 589 889 666 praecedente,
914 608 978 650 nam
998 593 1042 653 sic
1056 610 1154 673 paeon
1176 605 1231 654 est.

222 673 281 734 Sed
303 690 403 733 omues
419 671 463 747 hi,
480 674 528 750 qui
545 673 574 731 in
588 671 695 732 breves
715 673 866 749 excidunt,
888 675 978 732 minus
998 685 1080 735 erunt
1095 677 1231 752 stabiles,

221 776 277 818 nec
299 756 367 818 alibi
390 756 454 816 1010
476 757 547 816 satis
560 757 638 833 apti,
658 773 741 834 quam
761 756 809 816 uhi
826 775 927 816 cursus
949 760 1087 818 orationis
1105 762 1233 837 exigitur

164 847 253 906 10701
273 840 410 902 clausulis
435 845 494 899 hon
516 837 711 899 intersistitur.
762 838 895 899 Creticus
924 850 954 900 et
975 842 1062 902 initiis
1087 845 1232 921 optimus:

223 924 313 998 Quod
328 931 477 1003 precatae
501 942 523 985 a
537 925 598 984 diis
612 926 832 986 immortalibus
848 943 932 1001 aum,
956 934 985 984 et
1007 927 1163 988 clausulis:
1194 927 1232 988 ln

135 1015 137 1018 ’
222 1015 387 1087 conspecto
399 1009 506 1085 papali
521 1007 651 1069 Romam
664 1026 786 1069 comere
798 1010 958 1085 postridie.
994 1009 1128 1088 Apparet
1144 1028 1231 1088 vero,

151 1095 153 1099 ‘
222 1110 306 1171 quam
330 1091 404 1152 hene
428 1110 492 1151 eum
514 1093 690 1170 praecedant
705 1092 753 1151 vel
769 1101 943 1170 anapaestos
959 1092 1008 1153 vel
1030 1094 1097 1170 ille,
1123 1097 1174 1172 qui
1191 1097 1232 1154 vi·

222 1177 306 1236 detur
321 1175 368 1235 hui
386 1177 497 1253 aptior,
517 1192 622 1255 paeon.
657 1176 737 1236 Sicut
755 1185 784 1235 et
800 1177 911 1254 seipse
927 1179 1074 1257 sequitur:
1092 1176 1233 1240 Servare

221 1277 313 1340 qnam
324 1261 484 1338 plurimas.
521 1260 571 1320 Sic
581 1260 684 1320 melius
701 1277 785 1338 quam
801 1259 911 1320 choreo
928 1261 1142 1339 praecedente:
1162 1261 1232 1323 Non

220 1353 311 1421 tnrpe
326 1344 474 1405 duceret?
502 1345 527 1402 si
542 1343 639 1404 ultima
654 1343 752 1403 brevis
770 1361 824 1423 pro
841 1344 929 1421 longa
945 1346 995 1413 sit;
1019 1344 1072 1404 sed
1087 1345 1231 1423 fingamus

165 1430 281 1493 loscio:
301 1425 370 1490 Non
382 1435 474 1506 torpe
485 1429 626 1491 duceres.
672 1427 731 1487 Sed
743 1427 790 1486 hio
806 1436 851 1487 est
862 1427 933 1487 illud
947 1428 1048 1504 inane,
1065 1430 1144 1507 quod
1160 1431 1230 1489 dixi.

222 1514 372 1574 Paululum
388 1514 462 1573 em'm
477 1528 576 1571 morae
592 1511 690 1570 damus
706 1512 780 1571 inter
792 1510 920 1570 ultimum
935 1529 970 1572 ac
983 1514 1146 1590 proximum
1163 1532 1230 1573 ver·

221 1596 304 1671 hum,
329 1606 359 1656 et
377 1604 468 1675 torpa
482 1593 552 1656 illud
569 1595 723 1655 intervallo
741 1593 864 1674 quodam
888 1596 1090 1673 producimus:
1119 1597 1230 1676 alioqui

214 1682 260 1738 vsit
281 1679 536 1740 exultantissimum
554 1688 583 1738 et
599 1680 719 1739 trimetri
741 1679 823 1738 linis:
856 1676 932 1751 Quis
947 1699 1008 1741 non
1021 1687 1114 1758 turpe
1135 1682 1228 1741 dnae·

221 1765 290 1823 ret?
333 1763 414 1823 Sicut
435 1763 505 1822 illud
537 1761 598 1823 Ora
625 1765 772 1841 accipere
794 1764 916 1840 liceret,
940 1766 964 1822 si
983 1763 1102 1840 iungas,
1127 1763 1228 1823 lascivi

223 1847 355 1906 carminis
371 1856 432 1914 est;
458 1846 510 1905 sed
525 1847 715 1925 interpunctis
732 1846 901 1925 quibusdam
920 1855 949 1906 01
969 1847 1060 1906 trihus
1079 1849 1163 1924 quasi
1178 1847 1227 1906 ini·

166 1931 268 1992 1091110
286 1930 317 1988 fit
333 1929 450 2007 plenum
468 1931 656 1991 auctoritatis.
690 1930 754 1990 Nec
770 1946 844 2008 ego,
869 1949 932 1990 cum
948 1930 1162 2008 praecedentes
1178 1949 1228 2009 pe·

221 2012 273 2073 des
294 2013 396 2090 posui,
421 2013 518 2090 legem
541 2013 625 2090 dedi,
653 2033 691 2074 ne
708 2015 756 2075 alii
775 2023 889 2082 essent;
920 2015 972 2074 sed
988 2014 1056 2092 quid
1072 2014 1137 2074 iere
1153 2015 1228 2074 acci·

221 2096 321 2174 deret,
345 2096 413 2174 quid
433 2099 463 2156 in
485 2099 650 2176 praeseutia
670 2099 820 2159 videretur
840 2099 995 2176 optimum,
1021 2097 1147 2158 ostendi.
1193 2096 1229 2156 Et

221 2180 337 2258 quidem
353 2182 461 2259 optime
479 2191 525 2241 est
541 2182 596 2242 sibi
616 2182 729 2242 iunctus
746 2190 937 2260 anapaestos,
960 2191 992 2241 ut
1010 2183 1058 2260 qui
1074 2183 1112 2241 sit
1129 2189 1228 2259 penta-

220 2265 305 2324 metri
328 2265 408 2342 linis,
432 2266 481 2326 vel
497 2266 646 2341 rhythmos
663 2267 710 2345 qui
726 2283 831 2325 nomen
847 2265 882 2325 ab
901 2282 937 2324 eo
954 2267 1056 2325 traxit:
1081 2263 1164 2326 Nam
1178 2265 1229 2325 aba

220 2349 315 2412 libido
340 2351 531 2426 dominator,
559 2352 750 2412 innocentiae
772 2352 837 2412 leae
861 2351 1054 2427 praesidinm
1075 2356 1140 2418 eat,-
1167 2365 1230 2406 nam

222 2433 403 2511 synaloephe
423 2433 507 2510 lacit,
530 2442 561 2493 nt
585 2435 659 2494 duae
681 2433 798 2494 ultimae
816 2432 947 2509 syllabae
964 2449 1017 2510 pro
1038 2450 1094 2492 una
1116 2438 1229 2491 sonent

165 2515 326 2577 llohlelior
346 2516 396 2576 liet
410 2516 607 2595 praecedente
625 2517 757 2597 spondeo
772 2517 822 2576 vel
836 2516 977 2592 bacchio,
995 2526 1026 2576 ut
1042 2517 1066 2575 si
1081 2514 1157 2574 idem
1171 2532 1227 2574 mu·

224 2608 268 2659 tes
293 2602 358 2661 leae
383 2602 573 2663 innocentiae
595 2601 789 2680 praesidinm
809 2609 862 2662 est.
905 2598 971 2660 Non
991 2617 1037 2660 me
1054 2601 1131 2677 capit
1153 2598 1231 2676 (uta

223 2684 333 2760 magnis
348 2684 417 2742 viris
436 2684 617 2763 dissentiam)
636 2702 745 2762 paeon,
765 2685 813 2761 qui
829 2691 874 2746 est
889 2683 1032 2743 extribus
1047 2682 1186 2742 brevibus
1203 2689 1231 2740 et

224 2766 322 2844 longa.
367 2765 439 2826 Nam
455 2777 500 2827 est
515 2776 545 2827 et
559 2770 624 2847 ipsc
646 2787 701 2828 una
716 2768 782 2846 plus
798 2767 880 2827 brevi
899 2776 1074 2844 anapaestos
1092 2766 1232 2845 facilitas

226 2859 254 2910 et
269 2851 400 2928 apilitaa.
438 2851 523 2924 Quod
539 2852 608 2930 qnid
619 2853 658 2912 ita
670 2852 812 2931 placuerit
824 2853 875 2927 iis,
893 2867 950 2911 non
961 2850 1063 2925 video,
1083 2851 1137 2908 nisi
1153 2848 1231 2927 quod

224 2934 303 2995 illum
318 2933 382 2994 1010
398 2935 602 3012 probaverint,
630 2936 733 3014 quihus
758 2934 896 3014 loquendi
912 2935 1003 3011 magis
1022 2951 1107 3012 quam
1132 2931 1231 2991 orandi

165 3018 347 3080 lllstudium
361 3020 423 3079 luit.
468 3018 540 3079 Nam
557 3029 586 3079 01
600 3029 667 3080 ante
682 3039 714 3080 se
730 3019 867 3080 brevibus
879 3018 986 3095 gaudet
998 3015 1167 3096 pyrrhichio
1184 3014 1231 3074 vel

225 3101 352 3178 choreo,
381 3121 449 3164 anea
472 3104 624 3183 facilitas,
653 3112 760 3166 nostra
781 3104 939 3183 facilitaar
973 3119 1008 3160 ac
1033 3099 1231 3179 praecedente

225 3186 356 3264 spondeo
379 3196 475 3246 tamen
491 3187 577 3265 plane
593 3188 656 3247 [iuis
674 3197 719 3247 est
734 3189 870 3262 trimetri,
890 3204 953 3245 cum
974 3187 1011 3244 sit
1032 3203 1087 3263 per
1108 3200 1142 3242 se
1160 3198 1231 3260 quo·

225 3287 292 3347 que.
337 3268 372 3329 Ei
397 3272 558 3332 contrarius
578 3273 727 3350 principiis
749 3273 851 3331 merito
872 3269 1019 3347 laudatur,
1041 3285 1106 3328 nam
1125 3276 1154 3325 et
1175 3267 1231 3345 pri·

225 3371 298 3412 mam
315 3353 449 3414 stabilem
464 3364 493 3415 et
508 3357 560 3415 tris
580 3355 694 3416 celeres
710 3355 807 3414 hahet.
845 3353 953 3413 Tamen
968 3353 1025 3413 hoc
1040 3367 1158 3431 quoque
1173 3367 1231 3409 me·

224 3435 315 3496 liores
333 3436 406 3496 alios
422 3447 503 3517 puto.
