2566 4026
405 195 495 243 ausu.
513 195 662 244 onuroa.
678 195 747 242 uro.
763 195 811 260 m,
827 191 852 244 3.
1060 182 1120 244 221

118 359 173 418 bus
190 362 339 432 congruat.
370 352 429 412 Sed
445 353 473 410 iu
490 351 556 427 ipso
571 349 651 409 vultu
670 349 821 427 plurimum
836 349 935 409 valent
951 351 1045 428 oculi,
1068 362 1166 431 perta

120 458 195 522 quos
210 441 332 499 maxime
351 438 461 496 animus
478 434 601 509 eminet,
619 443 650 493 ut
666 435 737 493 citra
753 443 859 494 motum
873 451 990 513 quoque
1006 444 1036 494 et
1051 437 1122 497 hila·

118 527 204 586 ritate
223 525 383 583 enitescant
399 529 428 580 et
443 520 575 579 tristitiae
594 517 737 597 quoddam
757 518 884 578 nubilum
901 517 1014 579 ducant.
1049 518 1123 592 Quin

120 610 205 669 etiam
231 607 365 666 lacrimas
392 604 436 663 his
463 611 564 662 natura
591 603 695 661 mentis
715 602 825 662 indices
852 603 945 679 dedit,
973 621 1048 682 quae
1076 614 1124 665 aut

120 700 273 769 erumpunt
289 689 391 749 dolore
408 696 455 749 aut
470 687 578 747 laetitia
595 688 717 747 manant.
762 685 842 747 Motu
857 704 930 747 vero
946 689 1058 765 intenti,
1077 707 1122 748 re·

118 776 215 851 missi,
239 773 374 852 superbi,
395 773 487 847 torvi,
516 771 618 845 mites,
642 772 740 848 asperi
763 771 846 839 liunt;
874 789 966 849 quae,
989 781 1020 831 ut
1042 782 1123 832 actus

119 860 310 938 poposcerit,
335 857 489 934 fingentur.
530 853 626 932 Rigidi
641 873 713 914 vero
737 864 765 914 et
782 857 906 930 extenti,
932 865 980 916 aut
996 856 1165 933 languidi76

120 953 149 1003 et
165 950 336 1021 torpentes,
356 949 404 1000 aut
421 939 525 999 lascivi
541 947 569 997 et
585 938 725 1015 mobiles,
748 948 795 1000 aut
810 948 942 1000 natantes
956 949 985 1000 et
1001 941 1122 1018 quadam

117 1028 268 1105 voluptate
290 1025 407 1099 suffusi,
436 1031 484 1083 aut
505 1023 564 1082 limi
587 1031 634 1099 et,
661 1032 690 1082 nt
706 1025 749 1083 sic
773 1023 883 1101 dicam,
909 1026 1046 1101 venerei,
1075 1033 1123 1085 aut

116 1119 276 1191 poscentes
309 1108 418 1188 aliquid
445 1107 659 1185 pollicentesve
692 1125 834 1187 nunquam
863 1127 930 1168 esse
966 1108 1120 1168 debebunt.

117 1195 194 1268 Nam¹
211 1203 332 1272 opertos
357 1209 582 1269 compressosve
604 1208 657 1251 eos
678 1193 707 1251 in
728 1191 851 1251 dicendo
874 1194 938 1270 quis
960 1194 1015 1252 nisi
1036 1193 1122 1271 plane

117 1280 195 1339 rudis
217 1287 264 1338 aut
288 1277 391 1336 stultus
412 1275 541 1335 habeat?
570 1273 607 1334 m
624 1275 660 1336 ad
681 1276 868 1337 haecomnia
891 1277 1079 1355 exprimenda
1096 1278 1164 1338 inti

119 1362 268 1441 palpebris
286 1363 371 1421 etiam
388 1369 417 1419 et
432 1361 516 1436 genis
533 1368 578 1418 est
595 1360 738 1437 quoddam
754 1360 926 1420 deserviens
942 1362 976 1419 iis
994 1362 1122 1420 ministe-

117 1449 198 1506 rium.
235 1445 352 1505 Multum
376 1453 405 1503 et
422 1443 588 1519 superciliis
604 1445 708 1521 agitur.
741 1442 813 1503 Nam
833 1453 862 1504 et
879 1445 983 1504 oculos
999 1445 1164 1505 formantis

117 1532 298 1610 aliquatenus
314 1537 344 1588 et
358 1527 446 1588 fronti
462 1529 612 1606 imperant.
637 1527 688 1587 llis
705 1528 892 1604 contrahitur,
909 1528 1059 1605 attollitur,
1075 1547 1120 1588 re·

118 1616 249 1682 mittitur;
267 1622 295 1672 et
311 1631 366 1673 una
381 1630 430 1672 res
446 1613 474 1671 in
490 1630 525 1672 aa
540 1611 606 1689 plus
620 1611 734 1688 valeat,
751 1613 869 1689 sanguis
885 1613 952 1688 ille,
974 1614 1022 1691 qui
1042 1630 1119 1673 men·

118 1699 155 1757 tis
170 1697 268 1757 habitu
285 1705 418 1756 movetur
434 1705 480 1772 et,
498 1714 561 1756 cum
576 1696 714 1756 infirmam
729 1697 907 1757 verecundia
923 1706 1019 1758 cutem
1034 1715 1119 1758 acce-

116 1785 174 1861 pit,
192 1781 345 1842 effunditur
361 1782 389 1839 in
405 1781 558 1849 ruborem;
583 1799 647 1840 cum
663 1790 741 1840 metu
756 1781 882 1857 refugit,
906 1781 965 1842 abit
981 1782 1072 1841 omnis
1091 1790 1121 1841 et

116 1867 229 1945 pallore
251 1867 399 1942 frigescit;
417 1874 596 1944 temperatus
610 1866 735 1925 medium
752 1865 895 1942 quoddam
911 1883 1046 1926 serenum
1058 1865 1107 1925 effi

116 1953 164 2010 cit.
202 1950 308 2010 Vitium
329 1952 357 2008 in
381 1949 563 2026 superciliis,
590 1951 613 2009 si
637 1959 685 2010 aut
711 1951 826 2010 immota
850 1959 913 2010 sunt
935 1950 1050 2011 omnino
1073 1955 1162 2010 aut79

115 2035 231 2092 nimium
245 2032 362 2092 mobilia
379 2041 426 2091 aut
447 2031 627 2110 inaequalia,
652 2033 783 2093 ulmodo
803 2033 839 2092 de
857 2052 984 2112 persona
1009 2035 1120 2094 comica

116 2118 262 2191 dixeram,
286 2115 425 2174 dissident
448 2124 495 2173 aut
513 2124 614 2174 contra
634 2116 678 2190 id,
705 2115 782 2194 quod
804 2117 939 2193 dicimus,
966 2119 1118 2196 linguntur.

115 2200 162 2260 lra
175 2201 248 2258 enim
262 2199 430 2273 contractis,
447 2199 560 2257 tristitia
575 2196 715 2272 deductis,
733 2198 862 2260 hilaritas
876 2203 1006 2261 remissis
1021 2210 1119 2261 osten·

116 2285 200 2343 ditur.
232 2281 385 2341 Anuuendi
409 2298 525 2360 quoque
543 2290 572 2340 et
586 2281 726 2340 renuendi
741 2283 853 2342 ratione
876 2286 1057 2345 remittuntur
1072 2293 1120 2343 aut

116 2368 287 2428 allevantur.
326 2365 451 2426 Naribus
474 2364 622 2442 labrisque
645 2382 703 2423 non
718 2365 782 2425 fere
804 2367 958 2445 quidquam
979 2367 1163 2432 decertaret,

116 2451 310 2527 ostendimus,
329 2451 443 2511 tametsi
463 2449 577 2509 derisus
591 2449 636 2526 iis,
653 2458 851 2527 contemptus,
869 2451 1014 2512 fastidium
1030 2451 1116 2529 signi-

115 2538 196 2596 ficari
214 2536 300 2596 solet.
331 2533 403 2595 Nam
420 2543 449 2594 et
465 2552 750 2611 corrugarenurm,
766 2544 796 2594 ut
811 2533 946 2595 Horatius
963 2538 1012 2612 ait,
1030 2545 1058 2595 et
1076 2537 1115 2593 in·

115 2622 186 2682 flare
211 2630 239 2680 et
258 2637 378 2680 movere
400 2629 429 2679 et
452 2620 542 2697 digito
560 2619 721 2697 inquietare
744 2628 773 2679 et
791 2619 875 2697 pulso
897 2619 992 2680 subito
1015 2621 1117 2697 spiritu

115 2714 254 2765 excutere
281 2714 310 2764 et
328 2704 466 2764 diducere
490 2705 608 2782 saepius
632 2713 661 2763 et
682 2703 768 2781 plana
785 2722 868 2764 manu
884 2705 1053 2782 resupinare
1075 2706 1116 2763 in·

115 2789 254 2850 decorum
271 2798 325 2863 est,
344 2807 407 2847 cum
423 2790 567 2847 emunctio
584 2789 670 2847 etiam
686 2788 866 2866 frequentior
881 2805 938 2848 non
950 2791 1012 2848 sine
1030 2807 1116 2849 causa

114 2873 355 2951 reprehendatur.
394 2870 487 2931 Labra
510 2881 539 2931 et
554 2873 739 2950 porriguntur
758 2871 834 2932 male
853 2883 882 2934 et
904 2872 1070 2932 scinduntur
1093 2883 1161 2938 etsi

114 2958 309 3033 astringuntur
331 2966 362 3016 et
385 2955 554 3016 diducuntur
579 2965 608 3015 et
628 2956 731 3017 dentes
756 2957 863 3017 nudant
887 2957 964 3016 etin
986 2956 1061 3016 latus
1085 2975 1120 3017 ac

114 3059 208 3119 paene
225 3040 261 3099 ad
279 3059 377 3100 aurem
393 3040 540 3099 trahuntur
562 3047 591 3099 et
606 3040 685 3100 velut
701 3041 825 3119 quodam
840 3041 958 3101 fastidio
974 3041 1119 3119 replican-

113 3133 160 3182 tur
176 3132 205 3183 et
219 3123 348 3201 pendent
365 3134 393 3184 et
407 3141 512 3183 vocem
529 3132 636 3184 tantum
652 3124 743 3184 altera
754 3134 838 3203 parte
856 3126 1005 3185 dimittunt.
1037 3124 1118 3185 bam·

114 3206 187 3265 bere
204 3223 320 3284 quoque
337 3225 372 3266 ea
389 3217 417 3267 et
438 3207 574 3267 mordere
592 3208 723 3269 deforme
743 3219 804 3285 est,
829 3229 892 3269 cum
908 3211 993 3269 etiam
1010 3210 1038 3268 in
1056 3209 1118 3268 effi·

115 3289 225 3350 ciendis
246 3290 345 3349 verbis
361 3293 491 3351 modicus
515 3309 615 3352 eorum
631 3311 698 3353 esse
715 3293 823 3354 debeat
840 3303 949 3362 motus;
972 3311 1024 3354 ore
1042 3294 1117 3353 enim

114 3373 206 3452 magis
222 3390 306 3452 quam
323 3375 411 3435 labris
428 3375 603 3455 loquendum
619 3386 672 3437 est.
705 3376 858 3438 Cervicem
873 3387 983 3438 rectam
999 3385 1160 3457 oportetbb

112 3478 199 3533 esse,
217 3475 275 3517 non
290 3459 410 3537 rigidam
427 3470 475 3521 aut
490 3463 630 3540 supinam.
664 3459 777 3522 Collum
793 3463 908 3523 diversa
927 3463 1041 3542 quidem
1062 3461 1115 3523 sed
