2566 4026
398 155 832 225 1usu.onnuon.n1n.1v,5.
1061 147 1119 212 189

112 313 216 394 Neque
232 315 313 375 illum
327 323 421 374 tamen
436 314 582 384 ordinem,
601 313 637 373 de
654 330 711 392 quo
727 316 807 392 prius
822 314 896 391 dixi,
914 313 1120 388 damnaverim
1130 328 1162 383 16

114 401 181 477 quia
196 399 351 476 quaedam,
375 400 486 457 etiamsi
504 400 568 475 ipsa
583 407 648 457 sunt
661 396 748 472 dura,
766 397 837 458 inid
854 407 949 458 tamen
962 399 1071 478 valent,
1088 411 1119 461 ut

115 501 150 543 ea
169 482 318 558 molliant,
342 499 415 560 quae
437 490 605 559 sequuntur.
635 480 699 541 Nec
715 483 829 541 omnino
847 484 910 542 sine
928 486 1042 544 ratione
1062 494 1118 563 est,

114 566 191 645 quod
208 566 298 644 vulgo
316 566 436 626 dieitur:
462 564 605 644 Iniquum
622 566 798 642 petendum,
820 575 853 627 nt
874 582 1007 645 aequum
1019 571 1117 648 feroc.

114 649 199 723 Quod
215 658 310 710 tamen
326 667 410 709 nemo
426 651 469 710 sio
490 651 629 726 accipiat,
651 659 682 709 ut
707 651 801 710 omnia
822 649 923 710 credat
947 651 1117 713 audendum.
1129 661 1162 718 17
1187 689 1195 703 κ

113 733 207 794 Recte
224 737 299 794 enim
313 733 417 796 Graeci
431 735 624 812 praecipiunt,
642 731 711 796 Non
723 735 913 815 temptanda,
936 750 1017 813 quoe
1038 737 1121 816 effici

110 820 236 880 omnino
254 838 313 880 non
334 820 461 898 possint.
497 818 557 879 Sed
573 821 707 896 quotiens
722 818 787 895 hae,
805 818 841 878 de
859 836 915 896 qua
933 818 1050 896 loquor,
1069 819 1119 880 du-

113 902 183 980 plici
199 902 371 962 deiensione
391 911 520 961 utemur:
542 902 570 961 id
583 901 772 962 laborandum
791 912 851 979 est,
873 911 904 963 ut
917 904 946 962 in
960 903 1039 964 illam
1054 921 1118 982 par·

112 995 172 1045 tem
187 996 358 1065 sequentem
378 986 451 1045 fides
470 1005 507 1046 ex
521 988 621 1065 priore
638 986 767 1046 ducatur.
803 986 905 1046 Potest
926 990 1001 1047 enim
1015 988 1118 1065 videri,

114 1072 162 1147 qui
178 1079 239 1130 tuto
258 1073 343 1130 etiam
355 1069 543 1130 confessurus
561 1070 624 1147 luit,
640 1070 795 1130 mentiendi
812 1087 927 1132 causam
944 1073 973 1131 in
985 1072 1118 1150 negando

113 1171 171 1213 non
186 1153 306 1214 babere.
1144 1164 1206 1179 “⁸

198 1237 236 1297 Et
251 1237 323 1297 illud
337 1239 436 1316 utique
452 1236 615 1297 iaciendum
628 1247 683 1313 est,
704 1247 744 1314 ut,
760 1239 895 1317 quotiens
911 1239 1163 1318 suspicabimurra

111 1321 199 1381 iudici
217 1320 301 1382 aliam
320 1321 523 1400 probationem
542 1321 718 1398 desiderari,
736 1324 872 1400 quamde
891 1340 947 1402 qua
964 1323 1119 1403 loquimur,

114 1407 312 1484 promittamus
337 1424 391 1465 nos
413 1406 501 1484 plene
525 1414 554 1464 et
575 1407 670 1464 statim
689 1406 725 1466 de
748 1424 784 1466 eo
806 1408 875 1466 satis
892 1425 959 1467 esse
974 1407 1119 1475 iactur0s;

115 1491 333 1568 praecipueque
355 1491 379 1549 si
401 1490 438 1550 de
463 1489 575 1567 pudore
592 1492 695 1567 agitur.
739 1489 922 1569 Frequenter
934 1500 1030 1552 autem
1045 1493 1163 1554 acci-19

115 1573 166 1648 dit,
185 1582 215 1631 ut
231 1592 318 1634 causa
337 1592 437 1652 parum
453 1574 619 1634 verecunda
636 1576 698 1634 iure
716 1583 775 1635 tuta
791 1577 842 1644 sit;
861 1576 898 1636 de
915 1593 973 1655 quo
989 1593 1026 1636 ne
1041 1576 1121 1636 inviti

112 1656 225 1716 iudices
237 1657 353 1718 audiant
365 1667 394 1717 et
409 1657 535 1734 adversi,
552 1657 733 1736 frequentius
751 1668 815 1719 sunt
831 1659 1014 1737 admouendi,
1029 1679 1120 1722 secu-

114 1749 216 1803 tnroni
232 1743 439 1820 defensionem
450 1743 617 1819 probitatis
628 1751 657 1804 et
674 1743 852 1821 dipniitctim
868 1752 1029 1824 enpectent
1037 1762 1120 1822 pou-

114 1826 176 1886 lum
197 1833 226 1885 et
247 1827 299 1904 api
320 1827 430 1887 ordine
451 1827 562 1888 sinant.
600 1825 748 1899 Quaedam
771 1829 884 1887 interim
903 1844 957 1887 nos
977 1829 1073 1887 invitis
1090 1827 1166 1889 lieo

115 1908 288 1986 tigatoribus
306 1909 495 1970 simulandum
512 1919 556 1970 est
571 1909 681 1987 dicere,
697 1912 775 1989 quod
792 1909 897 1972 Cicero
914 1928 969 1990 pro
987 1910 1121 1973 Cluentio

114 1993 184 2053 iacit
204 1996 282 2053 circa
297 1993 474 2053 iudiciariam
489 1993 601 2071 legem;
620 2012 837 2074 nonnunquam,
855 1997 937 2075 quasi
952 1995 1121 2075 interpelle-

114 2094 178 2134 mur
198 2076 233 2135 ab
256 2077 319 2152 his,
349 2077 524 2147 subsistere;
553 2096 644 2157 saepe
673 2080 830 2140 avertenda
851 2078 887 2139 ad
908 2081 991 2158 ipsos
1012 2081 1120 2148 oratio:

115 2159 263 2236 hortandi,
289 2170 320 2220 ut
339 2163 433 2221 sinant
452 2178 505 2221 nos
527 2163 568 2221 uti
591 2172 692 2223 nostro
714 2164 847 2224 consilio.
884 2162 927 2224 lta
953 2173 1123 2244 surrepetur

116 2246 209 2303 animo
225 2244 344 2320 iudicis,
364 2255 408 2322 et,
425 2244 490 2304 dum
506 2256 606 2325 sperat
621 2246 822 2325 probationem
840 2246 974 2326 pudoris,
991 2250 1121 2328 asperio-

115 2327 195 2387 ribus
216 2328 274 2387 illis
299 2330 390 2388 minus
414 2329 598 2408 repugnabit.
642 2329 725 2402 Quae
753 2350 817 2391 cum
842 2334 1007 2410 receperit,
1038 2334 1163 2394 etiamil

114 2412 310 2472 uerecundiae
325 2412 487 2472 defensioni
502 2414 618 2473 laoilior
633 2415 696 2473 erit.
733 2414 783 2475 Sic
797 2423 920 2492 utraque
934 2432 983 2474 res
998 2418 1122 2475 invicem

115 2496 242 2572 iuvabit,
265 2497 377 2574 eritque
398 2497 486 2556 iudex
511 2500 589 2557 cirea
610 2499 654 2557 ius
679 2507 809 2557 nostrum
833 2516 886 2576 spe
901 2499 1064 2559 modestiae
1080 2506 1121 2558 at·

116 2581 239 2655 tentior,
257 2582 335 2640 circa
349 2581 519 2640 modestiam
535 2582 604 2640 iuris
620 2581 793 2659 probatione
809 2582 978 2660 proclivior.

201 2663 260 2725 Sed
284 2673 315 2723 ut
337 2681 394 2723 non
414 2683 532 2743 semper
554 2667 721 2726 neccssaria
740 2675 789 2726 aut
806 2665 883 2725 utilis
899 2667 985 2726 etiam
1005 2667 1165 2745 partitioni

117 2756 177 2806 est:
196 2749 235 2807 ita
250 2757 416 2826 opportune
431 2748 558 2808 adhibita
573 2749 725 2827 plurimum
741 2752 864 2810 orationi
877 2749 950 2810 lucis
966 2760 995 2810 et
1010 2750 1122 2827 gratiae

117 2831 242 2890 confert.
275 2831 380 2910 Neque
397 2835 470 2892 enim
486 2832 580 2891 solum
595 2833 622 2892 id
639 2834 744 2910 elficit,
765 2844 795 2894 ut
811 2835 937 2894 clariora
951 2834 1030 2911 liant,
1047 2851 1122 2911 quae

117 2915 260 2991 dicuntur,
275 2915 364 2974 rebus
381 2916 461 2975 velut
478 2916 613 2976 exturba
629 2921 767 2978 extractis
783 2927 812 2977 et
831 2921 859 2978 in
873 2928 1034 2997 conspectu
1050 2917 1122 2977 iudi·

118 3016 182 3057 cum
197 3000 315 3076 positis;
339 2999 393 3058 sed
412 3000 506 3059 reiicit
529 3017 645 3078 quoque
666 3002 829 3062 audientem
848 3011 929 3062 ocrto
945 3000 1123 3080 singularum

116 3084 239 3160 partium
254 3083 328 3159 fine,
351 3101 407 3142 non
421 3085 507 3143 aliter
529 3102 613 3161 quam
636 3086 807 3145 iacientibus
822 3089 878 3146 iter
891 3087 1008 3146 multum
1027 3086 1122 3146 detra·

117 3164 187 3224 bunt
207 3167 383 3244 fatigationis
406 3175 504 3227 notata
526 3169 672 3247 inscriptis
693 3169 834 3248 lapidibus
860 3171 961 3249 spatia.
998 3169 1070 3230 Nam
1094 3178 1164 3233 eti3

117 3249 251 3310 exhausti
274 3251 382 3310 laboris
404 3267 492 3310 nosse
516 3270 679 3312 mensuram
697 3254 838 3333 voluptati
859 3264 921 3331 est,
943 3263 972 3313 et
992 3254 1124 3314 hortatur

116 3332 152 3392 ad
168 3334 280 3413 reliqua
294 3333 396 3394 lortius
413 3335 584 3414 exequenda
599 3339 693 3414 seire,
717 3347 851 3417 quantum
873 3340 1008 3416 supersit.
1044 3337 1122 3398 Nihil

118 3420 194 3477 enim
215 3417 333 3497 longum
355 3419 447 3479 uideri
469 3436 594 3479 neeesse
619 3430 679 3498 est,
703 3423 732 3480 in
752 3438 826 3502 quo,
849 3422 917 3501 quid
932 3422 1059 3482 ultimum
1073 3423 1121 3495 sit,
