2566 4026
400 169 490 218 snsu.
506 168 655 217 cunnos.
668 168 795 232 u1e.v1,
807 166 833 218 1.
1057 156 1119 218 257

112 324 183 390 Non
197 325 373 388 metercete
387 324 510 402 quidem
526 324 692 403 faciebam,
708 323 765 386 sed
778 325 825 384 sic
841 324 1001 402 scripsisti.
1019 320 1121 386 Ecce!

113 420 146 473 et
161 428 246 490 quam
260 409 354 488 potuit
368 407 613 468 truculentissime
625 425 690 467 eum
705 409 829 487 aspexit.
874 405 950 470 lllud
962 409 1164 485 praecipuett

113 493 305 570 monendum,
321 510 357 552 ne
374 494 438 570 quis
453 493 509 551 nisi
529 493 644 551 summis
659 493 767 569 ingenii
785 491 895 551 viribus
911 491 1119 553 admovendas

114 580 250 641 lacrimas
266 577 388 655 aggredi
409 575 528 644 audeam
543 593 607 635 nam
623 583 654 634 ut
675 584 721 636 est
739 574 828 652 longe
849 574 1119 636 vehementissimus

114 664 185 739 iric,
209 679 273 722 cum
290 660 425 737 invaluit,
444 659 583 720 allectus:
599 660 653 734 ita,
666 661 691 719 si
707 658 777 718 nihil
794 658 899 735 eflicit,
915 666 1012 735 tepet;
1035 675 1120 737 quem

114 746 219 807 melius
230 745 358 804 infirmus
372 752 453 804 actor
463 744 557 803 tacitis
569 742 693 803 iudicum
706 742 928 820 cogitationibus
940 742 1118 820 reliquisset.

114 829 187 892 Nam
206 838 237 889 et
255 829 352 888 vultus
376 836 478 887 etvox
494 829 600 904 etipsa
618 827 668 886 illa
691 828 808 886 excitati
829 826 873 885 rei
888 827 979 887 iacies
995 825 1162 893 ludibriots

115 916 202 974 etiam
230 912 402 992 plerumque
428 920 493 970 sunt
517 910 695 987 hominibus,
722 928 795 988 quos
821 927 878 969 non
903 919 1118 989 permoverunt.

116 997 217 1072 Quare
238 997 373 1056 metiatur
392 1013 427 1055 ac
449 994 604 1071 diligenter
625 995 757 1054 aestimet
781 995 859 1054 vires
887 1011 953 1053 suas
974 1004 1058 1054 actor
1079 1004 1119 1071 et,

116 1091 254 1160 quantum
275 1097 347 1139 onus
370 1078 515 1139 subiturus
537 1079 589 1154 sit,
611 1078 768 1156 intelligam
790 1078 859 1137 nihil
881 1077 968 1137 babet
990 1078 1045 1138 ista
1071 1095 1120 1137 res

115 1165 242 1225 medium
265 1164 317 1224 sed
333 1172 381 1222 aut
401 1162 534 1223 lacrimas
549 1170 676 1221 moretur
692 1171 739 1221 aut
757 1164 853 1221 risum.

201 1247 268 1307 Non
293 1256 388 1307 autem
416 1263 600 1305 commovere
626 1254 732 1304 tantum
764 1247 1040 1305 miserationem
1068 1245 1163 1316 sedus

117 1334 203 1393 etiam
216 1331 407 1391 discutere
421 1331 531 1408 epilogi
543 1338 587 1388 est
599 1331 746 1408 proprium
758 1348 821 1390 cum
833 1332 963 1389 oratione
977 1329 1120 1404 continua,

118 1433 194 1496 quae
214 1423 310 1474 motos
332 1414 457 1473 lacrimis
477 1413 588 1473 iudices
604 1414 639 1474 ad
659 1414 793 1473 iustitiam
814 1414 934 1473 reducat
956 1421 1014 1471 tum
1036 1413 1120 1470 etiam

117 1498 288 1580 quibusdam
303 1497 412 1557 urbane
429 1497 532 1573 dictis,
550 1496 635 1576 quale
654 1506 698 1556 est
716 1495 798 1558 Dote
817 1514 914 1576 puero
930 1514 1059 1576 ponem,
1082 1514 1121 1556 rue

117 1586 236 1663 plorem·
255 1591 284 1641 et
296 1581 468 1659 corpulento
484 1582 639 1658 litigatori,
653 1583 732 1642 cuius
744 1581 926 1641 adversarius
936 1626 945 1658 ,
957 1581 1026 1639 item
1038 1594 1161 1657 puer,47

120 1670 197 1729 circa
212 1666 325 1727 iudices
341 1674 403 1724 erat
420 1665 455 1724 ab
471 1665 614 1725 advocato
631 1665 720 1725 latus:
753 1663 836 1738 Quid
849 1666 989 1743 faciam?
1012 1683 1067 1743 epo
1093 1671 1121 1724 tc

118 1751 262 1814 baiulare
275 1769 336 1811 nott
350 1767 484 1828 possum.
530 1750 589 1809 Sed
603 1749 677 1810 haec
690 1758 785 1809 tamen
797 1765 854 1808 non
866 1748 973 1808 debent
989 1765 1056 1806 esse
1070 1747 1121 1805 mi·

118 1834 201 1895 mica.
247 1832 350 1912 ltaque
367 1850 422 1892 uec
439 1832 519 1892 illum
534 1832 732 1911 probaverim,
748 1850 910 1912 quanquam
925 1833 1000 1891 inter
1022 1831 1120 1891 claris·

118 1920 208 1978 simos
231 1918 275 1976 sui
299 1917 439 1993 temporis
463 1925 595 1976 oratores
618 1916 687 1992 init,
714 1919 778 1995 qui,
801 1918 899 1994 pueris
921 1916 950 1974 iu
974 1915 1122 1993 epilogum

117 2001 287 2082 productis,
303 1998 378 2059 talos
396 2001 464 2059 iecit
491 2001 520 2059 in
542 2001 680 2075 medium,
703 2017 776 2078 quos
797 1999 840 2059 illi
866 1999 992 2078 diripere
1014 2015 1121 2075 coepe·

117 2095 196 2155 runt;
213 2102 336 2163 namque
351 2083 425 2143 haee
442 2084 506 2162 ipsa
521 2084 691 2153 discriminis
706 2085 749 2143 sui
765 2084 927 2160 ignorantia
945 2083 1039 2161 potuit
1054 2097 1121 2141 esse

116 2167 307 2236 miserabilis;
331 2186 426 2246 neque
447 2167 542 2244 illum,
564 2169 629 2247 qui,
655 2186 718 2227 cum
743 2176 824 2226 esset
849 2176 985 2227 eruentus
1007 2164 1165 2243 gladius48

118 2254 154 2314 ab
168 2259 343 2315 accusatore
361 2251 508 2330 prolatus,
529 2269 586 2330 qno
606 2253 630 2309 is
655 2251 800 2311 hominem
819 2249 961 2328 probabat
981 2250 1120 2322 occisum,

118 2337 215 2397 subito
239 2354 277 2395 ex
297 2335 444 2394 subselliis
468 2343 498 2394 ut
519 2336 636 2394 territus
658 2333 747 2410 iugit,
778 2343 822 2409 et,
855 2335 951 2412 capite
978 2339 1122 2409 exparte

117 2420 236 2497 velato,
254 2420 365 2479 eumad
381 2419 521 2496 agendum
539 2436 575 2477 ex
591 2416 673 2477 turba
688 2418 907 2496 prospexisset,
920 2415 1120 2491 interrogavit,

117 2524 160 2568 aa
174 2506 238 2565 iam
253 2504 304 2565 iile
319 2522 387 2565 cum
404 2504 509 2581 plodio
531 2503 728 2564 recessisset?
766 2500 848 2560 Fecit
871 2501 945 2559 enim
962 2500 1050 2558 risum
1070 2495 1123 2556 sed

117 2586 259 2648 ridiculus
280 2585 342 2646 init.
387 2585 593 2647 Discutiendae
617 2594 712 2646 tamen
735 2586 866 2646 oratioue
892 2582 1032 2643 eiusmodi
1058 2586 1165 2642 sce-49

118 2689 190 2749 nae,
217 2672 396 2748 egregieque
429 2667 549 2747 Cicero,
579 2671 627 2748 qui
661 2678 760 2730 contra
791 2668 945 2745 imaginem
978 2665 1123 2726 Saturnini

119 2772 173 2835 pro
205 2752 324 2814 Rabirio
356 2754 485 2830 graviter
519 2762 548 2812 et
579 2762 679 2813 contra
711 2754 860 2828 iuvenem,
895 2751 975 2810 ouius
1002 2747 1122 2807 subinde

118 2838 223 2898 vulnus
245 2838 273 2895 in
296 2835 402 2896 iudicio
418 2837 637 2913 resolvebatur,
659 2853 713 2916 pro
733 2834 850 2896 Vareno
878 2832 966 2893 multa
991 2832 1062 2893 dixit
1076 2848 1122 2889 ur·

118 2922 204 2982 bane.

202 3005 273 3064 Sunt
291 3014 332 3064 ἐἰ
356 3004 398 3064 illi
424 3005 552 3064 leniores
577 3004 699 3082 epilogi,
727 3002 829 3081 quibus
852 3001 1019 3083 adversario
1041 3000 1167 3063 satis-bb

120 3089 260 3163 iacimus,
283 3090 306 3146 si
329 3087 405 3148 forte
428 3090 465 3148 sit
486 3090 548 3148 eius
565 3106 691 3166 persona
710 3087 794 3162 talis,
816 3096 847 3146 ut
861 3087 904 3146 illi
921 3084 1062 3145 debeatur
1077 3103 1123 3144 re·

121 3173 270 3247 verentia,
290 3181 338 3231 aut
356 3190 418 3231 cum
437 3174 527 3232 amice
545 3173 651 3250 aliquid
669 3187 882 3230 commonemus
901 3179 930 3229 et
949 3169 984 3229 ad
1002 3185 1122 3229 concor-

121 3258 196 3317 diam
207 3257 365 3316 hortamur.
389 3254 473 3328 Quod
486 3265 531 3316 est
542 3275 635 3333 genus
646 3257 767 3333 egregie
782 3264 933 3316 tractatum
945 3271 960 3313 a
972 3253 1123 3331 Passieno,

122 3359 187 3401 eum
206 3339 351 3399 Domitiae
375 3341 474 3399 uxoris
496 3358 566 3400 suae
590 3340 755 3417 pecuniaria
772 3339 823 3398 lite
845 3339 984 3399 adversus
1006 3338 1124 3399 fratrem

122 3425 185 3483 eius
201 3422 406 3484 Aenobarbum
425 3434 541 3502 agerem
564 3442 643 3495 num,
666 3442 728 3484 cum
747 3423 782 3483 de
804 3421 1019 3483 necessitudine
1037 3423 1125 3483 multa

164 3530 195 3566 ιι.
207 3530 230 3567 r.
246 3528 358 3577 cunnum.
936 3507 973 3566 17
