2566 4026
211 124 271 191 168
530 140 892 201 n.use.au1nu1u1nn1

209 305 358 375 totamque
375 294 413 355 de
427 294 456 354 vi
474 293 604 372 explicet
620 312 750 370 causam,
772 313 846 373 quae
862 303 907 355 est
922 297 1012 374 ipsius
1028 296 1143 356 actione
1159 296 1209 357 de·

165 376 313 444 islense?
339 378 399 440 Sed
414 395 467 438 nos
484 377 563 438 ducit
577 377 742 438 scholarum
758 379 949 454 consuetudo,
965 380 1113 459 inquibus
1130 390 1209 440 certa

210 463 351 545 quaedam
366 470 520 540 ponuntur,
537 479 612 539 quae
627 462 753 522 themata
768 461 898 538 dicimus,
914 472 1032 540 praeter
1048 481 1124 542 quae
1139 464 1209 529 nihil

210 556 256 608 est
271 545 444 607 diluendum.
475 543 606 622 Ideoque
621 546 747 604 narratio
763 547 914 624 prooemio
930 564 1048 625 semper
1063 547 1209 625 subiungi·

211 639 264 690 tur.
304 628 374 689 Inde
390 627 511 688 libertas
534 628 793 705 declamatoribus,
816 638 847 689 ut
870 631 955 690 etiarn
975 631 1103 691 secundo
1119 632 1209 709 partis

165 720 280 775 tbsuae
297 712 365 773 loco
381 729 499 771 narrare
514 712 674 772 videantur.
711 710 782 772 Nam
799 731 931 792 cumpro
953 716 1080 792 petitore
1096 714 1193 774 dicunt

209 807 239 857 et
255 797 456 874 expositione,
473 803 606 873 tanquam
622 796 737 874 priores
752 805 853 872 agant,
869 798 909 855 uti
926 798 1034 874 solent,
1052 807 1080 856 et
1096 806 1210 857 contra·

209 880 352 956 dictione,
376 888 509 957 tanquam
531 879 743 958 respondeant;
766 880 853 957 idque
875 880 905 939 lit
926 891 1019 942 recte.
1052 880 1124 942 Nam
1147 899 1211 940 cum

209 965 247 1024 sit
272 963 444 1024 declamatio
470 963 628 1022 forensium
652 964 795 1022 actionum
820 963 985 1040 meditatio,
1020 983 1071 1024 cur
1098 982 1155 1023 non
1182 965 1209 1021 in

210 1056 360 1125 utrumque
379 1047 510 1125 protinus
526 1045 622 1105 locum
636 1064 669 1105 se
685 1042 843 1106 exerceat?
875 1044 962 1107 Cuius
980 1049 1098 1109 rationis
1116 1048 1209 1124 ignari

211 1149 248 1190 ex
262 1147 359 1206 more,
376 1131 422 1189 cui
437 1138 606 1206 assuerunt,
628 1130 697 1189 nihil
712 1131 740 1189 in
756 1130 821 1189 loro
837 1139 936 1208 putant
953 1149 1020 1190 esse
1034 1131 1207 1190 mutandum.

165 1213 267 1279 doSed
286 1215 314 1272 in
330 1213 513 1274 scholasticis
529 1230 648 1292 qnoque
669 1230 871 1292 nonnunquam
891 1217 1004 1290 evenit,
1027 1223 1057 1274 ut
1071 1230 1125 1292 pro
1144 1230 1208 1272 nar-

208 1299 321 1359 ratione
342 1298 379 1357 sit
394 1297 567 1375 propositio.
604 1295 676 1356 Nam
691 1296 758 1375 quid
774 1306 919 1375 exponet,
944 1315 1018 1377 qnae
1041 1297 1208 1375 zelotypum

208 1381 301 1441 malae
319 1382 497 1442 tractationis
519 1390 653 1456 accusat,
676 1389 724 1440 aut
744 1382 793 1459 qui
809 1378 949 1456 Cynicum
970 1382 1046 1460 apud
1068 1397 1208 1440 censores

208 1482 288 1523 reum
304 1465 340 1526 de
356 1463 483 1523 moribus
499 1464 583 1532 lacit;
606 1482 669 1523 cum
684 1472 775 1523 totum
792 1465 901 1524 crimen
915 1482 972 1525 uno
987 1465 1081 1525 uerbo
1098 1467 1126 1524 in
1141 1482 1209 1542 qua-

209 1547 281 1607 libet
292 1549 413 1608 actionis
429 1555 512 1625 parte
526 1548 623 1625 posito
636 1548 705 1606 satis
718 1544 879 1607 indicetur?
903 1549 962 1609 Sed
974 1550 1048 1609 haec
1059 1550 1209 1609 hactenus.

164 1639 200 1694 bl
291 1629 385 1706 Nunc,
404 1631 531 1708 quaesit
548 1629 721 1690 narrandi
738 1632 852 1706 ratio,
873 1631 1053 1710 subiungam.
1076 1630 1210 1691 Narratio

210 1723 256 1774 est
270 1714 315 1773 rei
329 1714 424 1774 iactae
440 1722 488 1773 aut
504 1722 534 1773 ut
549 1714 645 1773 iactae
661 1713 739 1774 utilis
754 1713 790 1774 ad
805 1715 1036 1792 persuadendum
1051 1715 1209 1792 expositio,

159 1812 162 1817 ’
208 1797 257 1857 vel
279 1797 325 1876 (ut
338 1796 538 1875 Apollodorus
560 1798 636 1877 linit)
658 1799 750 1858 oratio
773 1797 882 1858 docens
899 1799 1075 1872 auditorem,
1098 1797 1165 1875 quid
1181 1797 1210 1854 in

211 1882 411 1940 controversia
426 1882 473 1940 sit.
504 1878 575 1940 Eam
590 1880 723 1959 plerique
739 1884 915 1960 scriptores,
937 1883 1060 1942 maxime
1077 1881 1124 1958 qui
1143 1886 1208 1938 sunt

209 1964 245 2024 ab
261 1963 408 2040 Isocrate,
427 1964 529 2025 volunt
544 1983 612 2024 esse
627 1964 765 2042 lucidam,
782 1964 912 2041 breuem,
930 1964 1127 2026 verisimilem.
1151 1961 1209 2021 Νο-

211 2065 267 2126 que
289 2050 362 2107 enim
382 2048 490 2122 refert,
513 2065 549 2107 an
569 2065 623 2127 pro
646 2048 740 2109 lucida
761 2051 961 2127 perspicuam,
984 2065 1038 2128 pro
1061 2045 1210 2107 verisimili

116 2154 119 2158 ·
167 2130 390 2210 approbabilem
412 2131 619 2192 credibilemve
642 2132 779 2192 dicamus.
817 2131 927 2193 Eadem
947 2132 1030 2192 nobis
1052 2131 1151 2210 placet
1168 2129 1209 2188 di·

209 2215 300 2284 visio;
323 2232 484 2294 quanquam
500 2224 529 2275 et
544 2214 720 2275 Aristoteles
741 2214 776 2275 ab
791 2214 923 2276 Isocrate
939 2225 1023 2295 parte
1040 2217 1068 2274 in
1081 2233 1137 2274 una
1153 2213 1210 2271 dis-

210 2301 335 2359 senserit
351 2308 539 2378 praeceptum
554 2298 704 2360 brevitatis
719 2299 854 2376 irridens,
870 2309 1005 2378 tanquam
1020 2316 1145 2359 necesse
1162 2298 1209 2368 sit,

211 2381 327 2460 longam
351 2401 417 2442 esse
437 2391 485 2442 aut
506 2382 626 2444 breuem
648 2384 878 2462 expositionem,
904 2402 959 2444 neo
981 2384 1070 2445 liceat
1092 2384 1135 2443 ire
1157 2397 1212 2458 per

209 2467 350 2541 medium,
374 2465 540 2527 Theodorei
562 2482 678 2544 qnoque
700 2466 794 2527 solum
814 2467 978 2546 relinquant
997 2469 1122 2528 ultimam
1145 2482 1209 2543 par·

212 2556 286 2624 tem,
310 2552 376 2628 quia
396 2569 451 2610 nec
472 2549 602 2610 breuiter
617 2551 715 2628 utique
735 2568 791 2609 nec
809 2550 935 2611 dilucide
951 2568 1068 2629 semper
1088 2551 1125 2608 sit
1140 2545 1212 2605 utile

171 2641 374 2710 atexponere.
422 2633 486 2706 Quo
510 2632 674 2708 diligentius
697 2632 897 2710 distinguenda
921 2643 986 2692 sunt
1009 2630 1138 2707 singula,
1167 2636 1208 2701 ut,

211 2717 279 2794 quid
294 2733 412 2795 quoque
429 2716 496 2776 loco
512 2716 615 2794 prosit,
633 2716 791 2776 ostendam.
814 2715 948 2778 Narratio
961 2724 1006 2775 est
1021 2722 1069 2774 aut
1082 2721 1142 2772 tota
1154 2727 1210 2788 pro

211 2798 294 2859 nobis
311 2809 359 2860 aut
376 2808 436 2859 tota
449 2816 503 2878 pro
520 2800 693 2859 adversariis
712 2808 760 2860 aut
774 2802 862 2860 mixta
878 2818 915 2859 ex
931 2800 1070 2876 utrisque.
1109 2796 1139 2855 Si
1155 2794 1210 2853 erit

211 2890 288 2942 tota
308 2900 374 2961 pro
398 2882 522 2958 nobis,
552 2884 678 2942 contenti
699 2885 786 2942 simus
808 2883 852 2942 his
876 2882 966 2943 tribus
987 2879 1133 2959 partibus,
1156 2894 1210 2955 per

211 2983 282 3045 quas
299 2966 439 3040 eflicitur,
456 2983 513 3044 quo
529 2965 644 3025 facilius
660 2966 747 3026 iudex
763 2966 968 3043 intelligat,
987 2962 1208 3034 meminerit,

167 3050 348 3120 storcdat.
393 3048 456 3110 Nec
472 3051 622 3128 quisquam
636 3049 865 3127 reprehensione
881 3048 997 3125 dignum
1012 3055 1109 3125 putet,
1131 3042 1209 3122 quod

210 3134 429 3212 proposuerim,
453 3150 531 3208 eam,
560 3150 634 3211 quae
657 3134 694 3191 sit
717 3140 777 3191 tota
800 3148 854 3208 pro
878 3130 979 3206 nobis,
1010 3130 1120 3190 debere
1142 3145 1209 3187 esse

209 3218 413 3294 verisimilem,
438 3234 502 3277 oum
519 3233 589 3274 vera
604 3217 650 3274 sit.
688 3215 759 3274 Sunt
777 3216 851 3272 enim
867 3213 989 3293 plurima
1003 3232 1074 3274 uera
1095 3211 1210 3290 quidem

210 3298 262 3357 sed
282 3317 380 3377 parum
405 3298 571 3373 credibilia,
591 3299 666 3357 sicut
685 3296 759 3357 falsa
782 3313 898 3376 quoqne
918 3298 1087 3374 frequenter
1107 3296 1208 3355 uerisi-

210 3381 296 3441 milia.
344 3382 441 3455 Quare
467 3400 523 3441 non
546 3383 638 3440 minus
660 3378 847 3439 laborandum
870 3389 929 3456 est,
957 3389 988 3439 ut
1008 3381 1112 3457 iudex,
1136 3395 1210 3458 quae
