2566 4026
236 171 295 232 144
554 181 915 242 u.snn.qurur1n1au1

234 340 332 418 utique
351 355 424 416 opus
446 355 513 396 esse
529 338 684 413 suasoriis,
708 348 830 417 propter
846 357 917 417 quas
936 338 993 398 dixi
1010 357 1098 417 supra
1115 359 1230 419 causas,

234 425 273 484 ita
295 441 346 482 cur
366 423 446 482 initio
468 421 578 481 furioso
602 423 639 482 sit
660 421 892 498 exclamandum,
916 439 973 481 non
994 423 1143 501 intelligo;
1169 445 1232 486 curn

234 508 384 586 proposita
402 505 614 566 consultatione
636 496 761 582 rogatui
771 508 958 582 sententiam,
982 508 1108 567 simodo
1127 520 1172 568 est
1186 529 1231 570 sa·

233 610 303 666 nus,
327 607 384 649 non
406 591 522 668 quiritet
538 589 590 649 sed
608 607 692 667 quarn
712 592 834 649 maxime
852 599 950 669 potest
968 591 1046 650 civili
1063 602 1092 651 et
1109 594 1232 653 humano

193 683 227 736 60
234 678 366 752 ingressu
382 675 487 734 mereri
503 690 653 733 assensum
669 672 856 734 deliberantis
874 674 954 733 velit.
987 672 1045 734 Cur
1062 685 1156 736 autem
1173 687 1230 736 tor·

234 777 301 818 rens
320 768 349 818 et
366 760 464 836 utique
485 756 646 835 aequaliter
662 759 807 818 concitata
824 759 861 816 sit
880 759 908 816 in
924 775 959 818 ea
980 759 1103 819 dicentis
1126 764 1231 836 oratio,

235 861 299 902 cum
310 843 357 901 vel
374 842 532 920 praecipue
544 841 772 901 moderationem
784 841 906 902 consilia
917 840 1106 903 desiderent?
1127 843 1231 923 Neque

234 944 291 1004 ego
309 927 493 1003 negaverim,
518 925 634 1002 saepius
652 923 804 985 subsidere
819 926 848 985 in
864 929 1072 985 controversiis
1094 929 1232 1005 impetum

234 1010 348 1070 dicendi
363 1010 529 1088 prooemio,
546 1009 726 1085 narratione,
745 1010 935 1087 argumentis;
956 1012 1069 1087 quaesi
1086 1011 1231 1086 detrahas,

233 1096 261 1155 id
275 1095 338 1154 fere
356 1095 516 1172 supererit,
539 1109 597 1172 quo
613 1095 763 1153 suasoriae
781 1101 930 1167 constant,
953 1111 1054 1153 verum
1070 1095 1098 1153 id
1115 1112 1232 1173 quoque

192 1186 225 1239 ol
234 1179 384 1256 aequalius
406 1179 461 1238 erit
481 1192 539 1236 non
556 1176 757 1237 tumultuosius
779 1187 865 1256 atque
886 1175 1036 1237 turbidius.
1068 1177 1232 1238 Verborum

234 1271 329 1322 autem
344 1261 556 1340 magnificentia
571 1278 627 1321 non
642 1261 763 1322 validius
780 1271 825 1321 est
841 1261 1003 1321 affectanda
1017 1264 1164 1321 suasorias
1182 1262 1232 1321 de-

234 1345 423 1407 clamantibus
441 1345 493 1404 sed
512 1345 651 1422 contingit
673 1346 779 1422 magis;
803 1363 868 1404 nam
886 1353 915 1404 et
931 1362 1075 1422 personae
1094 1347 1157 1406 lere
1173 1365 1231 1406 ma·

233 1448 308 1506 gnae
330 1429 504 1506 lingentibus
524 1429 656 1507 placent,
680 1447 798 1506 regum,
822 1430 1000 1507 principum,
1023 1440 1157 1507 senatus,
1179 1448 1232 1508 po·

234 1513 294 1590 puli
315 1522 344 1572 et
365 1531 413 1571 res
435 1512 606 1590 ampliores;
631 1513 670 1572 ita
687 1531 751 1571 cum
772 1512 864 1572 verba
884 1511 972 1572 rebus
994 1523 1145 1592 aptentur,
1167 1517 1232 1591 ipso

191 1597 371 1656 abmatertera
386 1598 481 1655 nitore
497 1595 670 1655 clarescunt.
700 1595 766 1656 Atta
780 1598 843 1656 veri
860 1596 974 1656 consilii
989 1600 1063 1657 ratio
1081 1608 1136 1672 est,
1154 1599 1232 1657 ideo-

235 1698 291 1758 que
304 1679 522 1758 Theophrastus
539 1697 623 1758 quam
638 1681 759 1739 maxime
774 1689 916 1740 remotum
932 1680 967 1740 ab
984 1682 1059 1740 omni
1078 1682 1233 1740 allectione

234 1766 262 1822 in
278 1762 469 1823 deliberativo
487 1781 597 1839 genere
613 1762 705 1822 voluit
721 1781 788 1824 esse
804 1782 983 1838 sermonem,
1000 1773 1118 1824 secutus
1133 1766 1161 1822 in
1176 1764 1233 1823 hoc

235 1848 434 1907 auctoritatam
456 1848 656 1925 praeceptoris
680 1848 741 1923 sui,
770 1866 931 1926 quanquam
959 1847 1113 1908 dissentire
1136 1847 1171 1907 ab
1196 1865 1231 1906 eo

192 1933 291 1990 63non
311 1931 407 1991 timide
429 1931 515 1990 solet.
553 1930 683 2009 Namque
700 1930 878 1991 Aristoteles
900 1931 1033 1992 idoneam
1051 1933 1174 1991 maxime
1197 1931 1232 1989 ad

234 2014 417 2075 scribendum
439 2015 691 2076 demonstrativam
712 2016 931 2094 proximamque
954 2015 989 2075 ab
1012 2035 1047 2076 ea
1069 2015 1232 2076 iudicialem

235 2099 362 2176 putavit,
378 2098 517 2159 videlicet
533 2100 666 2177 quoniam
684 2100 763 2178 prior
780 2100 831 2159 illa
847 2109 908 2159 tota
923 2110 1003 2159 esset
1018 2100 1232 2171 ostentationis,

234 2181 308 2242 haec
325 2182 453 2243 secunda
473 2193 577 2260 egeret
597 2185 683 2258 artis,
705 2183 755 2244 vel
778 2184 813 2243 ad
836 2183 1010 2259 fallendum,
1033 2184 1058 2242 si
1079 2185 1118 2242 ita
1140 2199 1232 2261 popo-

192 2266 341 2326 64scisset
360 2265 484 2343 utilitas,
508 2268 629 2328 consilia
646 2268 703 2328 lide
727 2267 938 2347 prudentiaque
955 2277 1131 2328 constarent.
1166 2266 1232 2339 Qui-

235 2348 288 2408 bus
304 2350 333 2407 in
348 2350 572 2412 demonstrativa
589 2354 750 2428 consentio,
767 2370 832 2411 nam
847 2361 877 2412 et
892 2369 991 2412 omnes
1008 2351 1056 2411 alii
1073 2353 1232 2430 scriptores

235 2434 310 2494 idem
335 2434 526 2504 tradiderunt;
554 2437 581 2494 in
606 2437 718 2496 iudiciis
743 2446 837 2496 autem
861 2437 1051 2515 consiliisque
1076 2435 1234 2495 secundum

236 2518 436 2579 condicionem
456 2520 563 2597 ipsine,
587 2538 662 2598 quae
685 2519 869 2593 tractabitur,
892 2521 935 2579 rei
959 2518 1233 2579 accommodandam

193 2604 226 2656 65
236 2601 349 2662 dicendi
378 2603 466 2663 credo
491 2605 641 2665 rationem.
679 2601 752 2662 Nam
777 2611 806 2662 et
829 2602 1006 2681 Philippicas
1026 2600 1232 2660 Demosthenis

235 2686 336 2746 iisdem
364 2686 466 2765 quibus
490 2686 601 2747 habitas
629 2687 656 2744 in
683 2685 796 2744 iudiciis
821 2687 968 2744 orationes
990 2684 1077 2744 video
1104 2684 1231 2741 eminere

234 2769 402 2846 virtutibus,
427 2779 456 2830 et
477 2771 628 2832 Ciceronis
653 2769 814 2828 sententiae
836 2777 865 2827 et
888 2769 1039 2827 contiones
1061 2783 1119 2824 non
1140 2767 1231 2824 minus

235 2853 360 2928 clarum,
383 2872 467 2931 quam
490 2863 535 2913 est
558 2855 587 2912 in
602 2850 834 2913 accusationibus
856 2869 891 2911 ac
913 2849 1146 2924 defensionibus,
1171 2849 1232 2909 elo-

235 2938 369 3015 quentiae
395 2937 492 2997 lumen
518 2937 680 2998 ostendunt.
724 2934 802 2994 Dicit
825 2942 920 2994 tamen
943 2934 1019 2994 idem
1041 2933 1078 2993 de
1101 2935 1233 2992 suasoria

234 3020 291 3080 hoc
306 3021 408 3081 modo:
433 3020 508 3082 Tota
525 3030 626 3084 autem
642 3020 741 3080 oratio
756 3017 887 3096 simplem
903 3019 1051 3096 styracis
1068 3026 1096 3078 et
1112 3027 1233 3078 senten-

192 3115 226 3168 66
235 3106 284 3164 rtis
303 3105 392 3165 debet
410 3107 548 3166 turbatior
566 3124 633 3165 esse
658 3120 751 3180 quam
769 3102 881 3163 verbis.
923 3101 1013 3161 Usum
1035 3100 1233 3178 exemplorum

234 3187 304 3245 nulli
326 3190 464 3248 materiae
484 3189 575 3266 magis
598 3186 753 3248 convenire
774 3186 876 3245 merito
901 3186 964 3246 lere
987 3202 1087 3244 omnes
1111 3201 1232 3244 consen-

235 3271 321 3346 tiunt,
346 3289 410 3331 cum
427 3272 598 3350 plerumque
617 3269 769 3329 videantur
784 3270 965 3347 respondere
981 3271 1077 3330 lutura
1092 3269 1232 3347 praeteri-

234 3354 287 3430 tis,
303 3353 501 3434 habeaturque
518 3355 746 3434 experimentum
760 3352 840 3412 velut
858 3354 1001 3433 quoddam
1016 3354 1136 3413 rationis
1152 3353 1232 3413 testi-

192 3438 367 3502 armoniam.
410 3439 541 3500 Brevitas
564 3455 681 3519 quoque
703 3445 751 3497 aut
775 3439 860 3516 copia
880 3456 938 3499 non
959 3438 1097 3500 materiae
1121 3454 1233 3514 genere
