2566 4026
203 191 263 252 100
534 202 571 251 Μ.
582 201 662 249 FAB.
674 200 897 261 cumunilam

202 359 343 420 cationem
364 356 489 435 aliquam
506 357 715 417 convertimur:
740 354 800 418 Vos
820 356 898 418 caim
919 356 983 418 iam
997 374 1074 436 eqo,
1095 352 1210 420 Albani

201 442 307 504 tomuli
321 450 413 520 cique
425 442 506 511 luci·
527 442 590 499 sive
611 439 647 499 ad
663 439 832 500 invidiosam
847 438 1096 517 implorationem:
1124 438 1209 503 Ole-

159 536 252 605 39903
267 523 399 588 Porciae
413 526 555 604 leposque
572 523 789 602 Semproniae!
818 523 877 584 Sed
893 524 943 583 illa
955 541 1072 603 quoque
1087 535 1211 585 vocatur

200 611 368 686 aversio,
387 627 463 687 quae
479 626 496 669 a
511 609 663 686 proposita
680 609 853 686 quaestione
870 606 988 668 abducit
1003 607 1187 669 audientem:

263 693 331 757 Non
346 712 402 774 eqo
416 712 485 754 cum
501 690 626 755 Danais
650 690 815 754 Troianam
834 693 1004 753 excindere
1024 701 1146 771 pentem

260 778 374 841 Aulide
387 778 491 839 iuravi
504 813 557 837 -.

199 861 285 936 Quod
300 863 331 922 iit
347 871 377 921 et
391 861 488 921 multis
506 870 535 920 et
550 863 638 921 variis
656 861 772 937 liguris,
794 877 858 919 cum
873 868 921 919 aut
938 859 1016 921 aliud
1031 870 1211 939 expectasse

198 963 253 1006 nos
279 956 327 1007 aut
346 947 436 1005 maius
465 944 573 1023 aliquid
600 947 730 1005 timuisse
757 944 923 1004 simulamus
950 953 998 1003 aut
1023 944 1089 1023 plus
1114 945 1210 1006 videri

198 1047 289 1109 posse
304 1029 515 1107 ignorantibus,
535 1028 621 1106 quale
638 1038 683 1088 est
699 1029 881 1107 prooemium
896 1025 1082 1112 procaelio.

160 1122 196 1178 40
287 1114 341 1175 llla
356 1130 440 1190 vero,
457 1122 488 1172 ut
505 1114 544 1173 ait
562 1111 679 1188 Cicero,
699 1112 764 1172 sub
788 1112 922 1172 oculos
946 1111 1133 1173 subiectio
1150 1122 1211 1174 tum

199 1198 262 1259 fieri
276 1191 370 1274 solet,
393 1215 457 1257 cnm
481 1215 529 1256 res
552 1214 610 1257 non
630 1205 716 1273 gesta
736 1196 879 1256 indicatur
901 1196 970 1272 sed,
993 1205 1024 1256 ut
1049 1199 1087 1256 sit
1109 1205 1209 1275 gesta,

198 1283 370 1357 ostenditur,
387 1299 443 1340 nnec
454 1283 591 1342 universa
602 1281 655 1341 sed
666 1299 720 1359 per
730 1289 846 1360 partes;
864 1297 950 1357 quem
961 1278 1059 1341 locum
1073 1283 1209 1359 proximo

198 1367 272 1428 libro
289 1366 464 1427 subiecimus
480 1365 654 1441 evidentiae,
672 1374 701 1424 et
717 1362 822 1424 Celsus
838 1363 896 1423 boc
911 1380 1017 1423 nomeu
1035 1365 1084 1424 isti
1095 1365 1210 1443 figurae

199 1451 286 1512 dedit.
320 1451 366 1511 Ab
384 1450 448 1511 aliis
466 1444 652 1522 simoniacosn
670 1449 774 1510 dicitur
788 1449 940 1527 proposita
957 1447 1099 1527 quaedam
1114 1450 1210 1510 forma

197 1553 294 1595 rerum
321 1537 361 1595 ita
383 1550 526 1612 expressa
546 1533 662 1609 verbis,
691 1542 721 1592 ut
748 1533 828 1592 cerni
848 1533 946 1610 potius
967 1531 1100 1592 uideatur
1123 1551 1209 1612 quarn

163 1616 174 1624 ’
197 1619 304 1680 audiri:
325 1616 399 1697 lpse
418 1615 628 1695 inflammatus
641 1618 760 1679 scelere
778 1635 818 1677 oc
831 1617 940 1696 farore
954 1617 987 1676 in
999 1617 1102 1696 forum
1116 1620 1208 1696 venit,

157 1703 463 1777 clarimariscensi,
487 1709 546 1763 toto
567 1719 607 1762 ec
626 1719 680 1762 ore
702 1701 872 1762 crudelitas
887 1700 1048 1762 eminebat.
1077 1699 1143 1761 Nec
1160 1719 1209 1760 so·

197 1787 273 1861 lum,
296 1785 469 1863 quaefacta
492 1786 549 1843 sint
563 1793 611 1844 aut
632 1783 717 1859 fiant,
741 1784 910 1859 sedetiam,
936 1801 1010 1862 quae
1031 1785 1128 1846 lutura
1151 1787 1209 1846 sint

197 1879 247 1930 aut
263 1869 357 1928 lutura
372 1868 488 1944 luerint,
504 1869 700 1946 imaginamur.
737 1866 810 1928 blire
829 1876 934 1928 tractat
955 1867 1013 1928 boc
1029 1865 1135 1929 Cicero
1152 1887 1208 1948 pro

198 1952 319 2027 Milone,
337 1969 412 2031 quae
428 1952 557 2012 facturus
573 1953 659 2012 luerit
675 1950 807 2028 Clodius,
823 1953 848 2011 si
859 1961 1024 2031 praeturam
1040 1953 1207 2015 invasisset.

198 2038 256 2098 Sed
274 2036 348 2096 baec
370 2037 486 2116 quidem
506 2036 656 2096 translatio
678 2045 856 2115 temporum,
880 2054 955 2114 quae
979 2039 1099 2115 proprie
1121 2032 1209 2116 μετά·

199 2137 298 2193 στασις
313 2120 426 2181 dicitur.
464 2119 497 2180 ln
517 2112 695 2183 διατυπώσει
713 2120 890 2181 verecundia
912 2120 988 2199 apud
1008 2122 1124 2199 priores
1143 2123 1206 2182 luit.

197 2204 419 2283 Praeponebant
440 2206 513 2266 enirn
536 2205 621 2282 talia,
653 2203 779 2268 Credite
803 2223 857 2266 ooo
878 2206 1010 2268 intueri.-
1033 2214 1064 2264 ut
1086 2203 1204 2284 Cicero,

197 2287 301 2365 Haeo,
323 2306 403 2368 qaae
421 2309 482 2352 cora
500 2291 623 2351 vidistis
641 2290 757 2367 oculis,
782 2290 895 2351 cointio
916 2308 1044 2351 cernere
1069 2292 1207 2369 potestis.

155 2371 272 2434 42Novi
291 2391 363 2433 vero
385 2382 415 2433 et
439 2375 598 2453 praecipue
618 2373 831 2434 declamatores
853 2373 991 2434 audacius
1013 2391 1069 2432 nec
1091 2373 1206 2434 mober-

199 2458 263 2517 cule
286 2459 348 2517 sine
370 2467 448 2518 motu
472 2459 597 2536 quodam
616 2459 821 2534 imegInantur;
851 2466 882 2516 ut
907 2466 936 2516 et
960 2458 1075 2518 Seneca
1098 2459 1155 2518 ista
1178 2460 1208 2518 in

198 2544 414 2617 controversia,
437 2543 518 2601 cuiue
540 2560 648 2601 summa
669 2551 731 2618 est,
755 2541 832 2619 quod
850 2549 935 2620 pater
949 2540 1038 2601 lilium
1056 2549 1086 2600 et
1101 2559 1207 2603 nover-

198 2644 260 2685 cam
280 2625 435 2686 inducente
461 2626 554 2685 altero
577 2625 637 2684 illio
657 2626 685 2685 in
706 2625 848 2685 adulterio
865 2625 1066 2704 deprehensos
1083 2626 1206 2687 occidit:

197 2707 284 2786 Duc,
313 2726 446 2788 aequm,-
467 2711 577 2789 accipe
597 2709 679 2770 donc
699 2711 824 2770 senilem
839 2729 963 2771 manum
980 2719 1009 2771 et
1023 2726 1208 2790 quocunque

154 2795 241 2855 escis
254 2794 405 2871 imprime.
435 2791 472 2852 Et
487 2803 555 2871 post
570 2794 676 2872 paulo,
693 2791 822 2872 Aspice,
840 2795 955 2872 inquii,
975 2795 1058 2872 quod
1076 2796 1131 2857 diu
1145 2815 1207 2857 aon

198 2877 368 2939 credidisti.
400 2873 466 2955 Epo
480 2897 554 2940 cero
567 2897 627 2940 non
640 2879 741 2957 video,
756 2897 819 2940 coc
833 2879 970 2940 oboritur
981 2886 1010 2941 ei
1021 2897 1134 2941 craneo
1150 2898 1206 2942 cu-

197 2962 266 3040 lipo.
295 2959 389 3020 Habet
404 2960 478 3020 baec
492 2962 585 3039 figura
597 2962 776 3023 manifestius
789 2962 912 3040 aliquid;
930 2979 988 3021 non
1005 2963 1080 3022 enirn
1095 2963 1207 3024 narrari

155 3051 244 3106 dares
263 3045 316 3104 sed
333 3046 380 3123 agi
394 3044 517 3105 videtur.
547 3045 691 3106 Locorum
707 3064 824 3125 quoque
842 3046 1010 3107 dilucidatIo
1026 3045 1094 3107 buic
1108 3048 1206 3108 virtuti

198 3128 362 3207 assignatur
378 3147 394 3189 a
412 3129 595 3208 quibusdam;
616 3130 665 3190 alii
683 3130 888 3211 τωωγραφίαν
902 3130 1008 3190 dicunt.

282 3212 464 3292 Εἰρωνείαν,
489 3215 600 3291 inveni,
623 3216 671 3292 qui
693 3213 1033 3276 dissimulationem
1047 3224 1204 3285 vocarent;

200 3312 257 3373 quo
275 3298 391 3357 nomine
415 3298 481 3375 qula
505 3316 605 3376 parurn
624 3300 712 3358 totius
735 3300 818 3359 huius
839 3300 951 3377 figurae
972 3300 1051 3358 vires
1071 3298 1206 3359 videntur

200 3379 330 3455 ostendi,
352 3381 482 3441 nimirum
503 3384 619 3442 sicutin
633 3381 785 3462 plerisque
805 3385 912 3442 erimus
937 3382 1050 3444 Graeca
1072 3382 1205 3461 appella·

200 3463 280 3522 tione
297 3466 434 3524 contenti.
482 3465 575 3544 Igitur
589 3465 736 3548 εἰρωνεία,
760 3476 900 3546 quaeest
922 3467 1057 3544 schema,
1082 3467 1117 3527 ab
1142 3468 1205 3546 illa,
