2566 4026
322 135 411 184 msr.
437 137 586 185 onaron.
609 138 678 185 nna.
702 134 798 196 111,6.
1011 125 1070 189 127

56 290 123 351 Non
141 299 187 352 est
203 291 281 366 tale,
303 288 409 354 Habeo
425 293 473 352 ias
488 295 633 366 actionis,
655 290 724 355 Noa
744 293 859 361 leodem
880 303 911 353 ιιι
927 295 964 354 εἰι
980 313 1069 374 quae-

56 377 133 451 stio,
159 395 201 436 oo
222 376 361 437 babeat?
383 384 412 434 et
431 376 498 436 inde
521 385 623 436 status.
668 376 805 456 Accipiat
826 378 901 438 enirn
925 380 1070 440 actionem

56 477 171 535 necne,
194 458 229 519 ad
248 467 382 518 eventum
400 462 537 538 pertinet,
557 479 614 520 non
630 462 666 521 ad
683 478 810 536 causam,
830 471 859 520 et
875 462 911 521 ad
928 463 972 538 id,
991 465 1068 542 quod
1127 456 1130 463 ’

57 545 225 625 pronuntiat
241 544 346 618 index,
365 560 423 602 non
440 544 486 620 id,
506 555 628 624 propter
644 547 721 624 quod
737 547 912 625 pronuntiat.
947 546 1010 608 Hoc
1026 548 1111 608 illita

56 629 153 690 simile
175 636 237 703 est,
267 626 447 689 Paoieodats
469 650 517 705 ec,
547 628 615 691 Noa
639 649 726 698 cum;
759 628 870 689 videbit
895 630 999 707 iudex,
1025 652 1068 693 ao

57 714 234 794 puniendus
257 715 318 773 cit?
352 712 411 771 Sed
432 731 490 772 non
510 713 558 774 hio
582 716 636 773 erit
660 715 794 792 quaestio
816 731 872 773 nec
895 712 943 772 bic
964 723 1066 775 status.

56 797 112 858 Ubi
131 792 227 873 ergo?
247 794 424 858 Paniaodas
440 817 490 874 es,
512 799 661 860 bominem
678 799 840 867 occidisti,·
861 796 930 858 Noa
948 801 1068 861 occidi:

54 883 104 942 rln
128 882 303 942 occiderit?
325 878 536 944 Honorandos
551 902 635 960 scm,
658 881 727 944 Nom
742 901 794 951 εει
816 900 882 941 num
898 891 1002 942 statum
1017 883 1067 943 ha-

56 962 131 1031 let?
151 982 226 1041 non,
245 975 275 1024 ιιι
290 973 372 1045 puto.
403 963 613 1028 Honorcodas
631 987 716 1045 aum,
739 968 813 1045 qaid
832 976 996 1046 tyrannam
1016 988 1067 1029 oc-

58 1052 141 1119 eidi;
160 1047 229 1109 Nora
241 1051 393 1125 occidisti,
411 1052 544 1127 quaestio
558 1059 587 1110 et
602 1060 704 1111 status.
733 1050 882 1126 Similiter,
899 1049 967 1112 Nora
983 1052 1110 1113 rectett

58 1137 143 1214 apis,
173 1134 268 1195 Recte
289 1154 348 1214 apo
372 1134 538 1195 nonhabet
559 1144 673 1194 statum.
718 1135 774 1195 Ubi
794 1143 839 1194 est
864 1132 959 1212 ergo?
999 1134 1068 1197 Νοιι

55 1227 141 1280 recte
162 1220 231 1296 opis
249 1221 476 1297 ipnominioaao.
511 1218 682 1294 Quaeritur,
703 1215 752 1279 Aa
772 1220 990 1298 ipoomiaioauc
1004 1223 1067 1280 ait?

56 1312 121 1378 aut,
147 1299 196 1361 Ao
218 1321 313 1381 apere
335 1304 532 1382 iqnomioiooo
554 1305 667 1364 liceat?
701 1303 888 1381 quaestiones
912 1311 941 1362 et
963 1312 1064 1363 status.

58 1387 138 1466 Ergo
156 1387 356 1446 translativum
377 1405 470 1465 genus
488 1405 595 1447 causae
611 1396 641 1446 ut
657 1388 885 1465 comparativum
904 1395 933 1446 et
950 1397 1066 1448 mutuae

57 1471 265 1532 accusationis.
301 1470 340 1530 At
359 1473 434 1531 enim
452 1471 546 1532 simile
566 1479 611 1531 est
627 1471 669 1530 illi
691 1469 821 1548 „llobeo
840 1474 904 1547 itta,
928 1491 988 1533 noa
1009 1474 1065 1533 lto·
1074 1473 1108 1528 76

56 1557 134 1618 ὁοειι
159 1551 352 1630 „Oecidicti,
373 1555 468 1617 Recte
488 1557 624 1617 oecidi.“
657 1555 724 1614 Non
740 1573 834 1633 nego,
852 1556 907 1615 sed·
920 1575 976 1616 nec
991 1555 1066 1616 baec

56 1658 104 1700 res
124 1648 229 1699 statum
248 1640 327 1698 lacit.
359 1639 425 1698 Non
444 1641 519 1699 enim
535 1649 600 1699 sunt
615 1641 671 1700 bae
686 1642 922 1719 propositiones,
940 1640 1066 1719 (alioqui

57 1741 146 1785 causa
171 1740 229 1782 non
256 1723 468 1803 explicabitur)
495 1724 548 1783 sed
572 1742 635 1784 cum
661 1726 720 1783 suis
744 1724 913 1784 rationibus.
957 1724 1067 1786 Scelus

56 1808 205 1869 commisit
224 1804 388 1885 Horatius,
408 1826 546 1869 sororem
565 1810 642 1869 enim
659 1810 781 1870 occidit.
819 1805 889 1871 Noa
907 1811 1064 1886 commisit,

56 1892 162 1953 debuit
181 1893 260 1952 enim
274 1894 419 1953 occidere
434 1912 518 1970 eam,
542 1910 623 1970 quoe
641 1894 735 1954 bostis
752 1901 878 1954 mortem
895 1895 1064 1954 moerebat.
1117 1906 1119 1911 ’

56 1975 215 2050 Quaestio,
237 1974 383 2038 Aubereo
402 1978 485 2039 iacta
505 1979 624 2038 caasa?
646 1977 685 2036 ita
704 1976 838 2055 qualitas.
874 1976 912 2036 Et
934 1976 1065 2036 similiter
1074 1979 1106 2036 rt

55 2061 83 2119 in
105 2059 312 2137 translatione,
344 2058 413 2121 Noa
435 2062 531 2123 tates
552 2062 601 2122 ius
621 2061 808 2139 addicendi,
838 2063 911 2140 quia
936 2063 1065 2141 iqoomi-

55 2147 144 2205 aiore
161 2162 221 2205 oon
242 2154 286 2206 est
304 2146 396 2206 actio.
427 2143 535 2208 Habeo
553 2147 618 2214 iae,
637 2147 710 2223 quio
729 2146 886 2208 abdicatio
903 2148 986 2208 actio
1006 2165 1066 2208 oon

56 2237 111 2290 est.
151 2226 321 2304 Quaeritur,
347 2228 429 2303 Quid
448 2231 488 2290 sit
506 2231 605 2291 aetio:
629 2230 776 2298 finiemus;
798 2227 868 2292 Nora
884 2230 956 2292 licet
974 2232 1065 2293 abdi-

56 2332 134 2374 eore
153 2311 266 2390 filium,
289 2313 490 2391 syllogismos.
523 2313 596 2374 Item
616 2322 715 2373 cetera
734 2331 788 2392 per
811 2330 911 2374 omnes
931 2323 960 2374 et
977 2317 1064 2374 ratio-

57 2397 141 2459 aales
167 2406 196 2456 et
218 2396 333 2475 legales
353 2406 455 2457 status.
499 2396 562 2456 Nee
585 2398 689 2474 ignoro
712 2396 803 2455 luisse
829 2397 986 2476 quosdam,
1016 2399 1108 2476 quilii

59 2481 279 2542 translationem
295 2483 468 2543 inrationali
481 2498 599 2560 quoque
614 2498 725 2557 genere
738 2490 882 2558 ponerent
896 2481 953 2540 boc
966 2480 1064 2557 modo,

55 2564 214 2628 Hominem
233 2567 352 2643 occidi,
371 2568 475 2628 iassae
494 2566 534 2628 ab
551 2567 747 2644 imperatore.
783 2562 874 2625 Dorta
892 2566 997 2642 templi
1014 2584 1065 2626 co-

55 2651 141 2729 pecti
166 2659 296 2731 tyranno
319 2652 401 2714 dodi.
444 2649 579 2712 Deserati
604 2650 851 2728 tempestatibus,
879 2646 1065 2726 fluminibus,

56 2737 235 2796 valetudine
254 2737 437 2814 impeditae,
470 2735 498 2795 id
521 2744 584 2811 est,
615 2750 673 2793 non
695 2751 750 2812 per
770 2751 817 2794 me
839 2733 920 2793 stetit
941 2732 993 2792 sed
1012 2750 1066 2811 per

60 2817 141 2879 lllud.
188 2819 215 2878 Α
237 2819 340 2898 quibus
362 2821 447 2880 etiam
469 2818 589 2879 liberius
612 2818 763 2880 dissentio.
803 2815 870 2877 Non
892 2818 967 2877 enim
989 2813 1108 2877 actiol9

57 2903 233 2963 transfertur
250 2904 303 2964 sed
321 2922 409 2964 eausa
431 2903 518 2980 lacti,
543 2902 621 2982 quod
639 2901 745 2963 accidit
762 2920 856 2980 paene
879 2903 908 2961 in
924 2903 1000 2961 omni
1015 2901 1065 2961 de-

62 2987 204 3053 lensione.
239 2987 354 3048 Deinde
374 2990 418 3064 is,
440 2988 556 3067 quitali
576 2988 664 3048 utitur
681 2987 861 3066 patrocinio,
880 3002 937 3046 non
952 2986 1066 3046 recedit

60 3071 185 3132 aiorma
209 3073 372 3151 qualitatis,
398 3072 468 3133 dicit
490 3074 582 3148 enirn,
609 3089 642 3131 se
664 3071 751 3149 culpa
772 3089 894 3139 vacare;
920 3079 952 3130 ut
972 3071 1065 3148 magis

62 3157 207 3234 qualitatis
226 3157 336 3235 duplex
352 3158 426 3217 ratio
445 3156 578 3217 iacienda
594 3157 641 3232 sit,
661 3155 754 3215 altera
772 3174 828 3235 qua
846 3164 875 3214 et
889 3155 997 3215 lactum
1015 3155 1064 3215 de-

60 3239 202 3318 fenditur,
221 3242 314 3302 altera
331 3259 387 3320 qua
403 3249 511 3302 tantum
527 3259 606 3301 reus.

147 3322 330 3387 Credendum
348 3335 394 3385 est
409 3325 496 3404 igitur
509 3325 571 3402 bis,
593 3342 714 3404 quorum
730 3324 931 3385 auctoritatem
946 3328 1109 3385 secutuseo

62 3417 108 3470 est
124 3407 243 3487 cicero,
260 3411 333 3471 tria
349 3428 428 3488 esse,
444 3427 519 3489 quae
534 3410 563 3470 in
578 3410 655 3469 omni
670 3408 864 3488 disputatione
879 3417 1065 3489 quaerantur,
