2566 4026
172 124 213 186 74
491 136 856 196 amnemamnem

171 290 330 371 prudenter
351 291 473 352 dicenda
497 290 638 366 viderint,
668 292 724 352 iam
749 310 842 372 prope
870 303 1067 354 consummata
1090 294 1178 355 fuerit

173 376 381 455 praecipientis
400 392 507 454 opera;
533 384 563 434 at
583 378 607 434 si
629 377 697 455 quid
716 379 878 437 erraverint
902 378 1012 455 adhuc,
1036 387 1118 438 erunt
1141 380 1177 439 ad

147 461 276 528 tducem
300 460 470 520 reducendi.
517 457 569 518 Cui
593 461 637 520 rei
662 460 755 519 simile
781 462 917 541 quiddam
938 462 1083 522 facientes
1106 481 1177 523 aves

171 545 326 619 cernimus,
343 562 418 622 quae
435 545 545 604 teneris
561 543 738 623 infirmisque
752 545 860 606 fetibus
878 546 960 606 cibos
977 564 1030 607 ore
1046 564 1099 606 suo
1117 548 1178 607 col·

170 629 246 689 letos
259 629 435 707 partientem
455 637 484 688 at
502 645 566 687 cum
581 629 636 687 visi
651 637 717 688 sunt
732 629 832 705 adulti,
849 629 967 709 paulum
984 632 1086 708 egredi
1104 633 1178 692 nidis

171 721 200 772 et
227 711 438 772 circumvolare
466 712 567 771 sedem
594 711 673 772 illam
702 714 919 791 praecedentes
946 716 1030 793 ipsae
1057 716 1178 792 docent,

170 806 228 856 tum
252 805 390 874 expertas
415 798 494 857 vires
517 795 612 855 libero
636 796 723 856 coelo
747 815 878 877 suaeque
902 799 1033 877 ipsorum
1054 801 1178 860 fiduciae

169 882 348 960 permittunt,

523 1033 570 1082 uu
592 1018 822 1084 unisonn'uo.

252 1127 315 1188 vn.
348 1127 424 1188 Illud
441 1147 478 1188 ex
495 1130 706 1190 consuetudine
721 1129 886 1192 mutandum
903 1150 1025 1211 prorsus
1042 1130 1177 1190 existimo

170 1215 198 1273 in
223 1213 285 1289 his,
313 1214 350 1273 de
375 1211 478 1292 quibus
504 1232 580 1273 nuno
607 1214 790 1291 disserimus,
820 1215 982 1293 aetatibus,
1008 1234 1044 1275 ne
1069 1214 1177 1289 omnia,

170 1316 245 1377 quae
262 1298 449 1376 scripserint,
468 1298 600 1359 ediscant
614 1307 643 1358 et
659 1309 751 1375 certa,
767 1309 798 1359 ut
813 1301 902 1361 moris
919 1310 981 1376 est,
999 1300 1047 1360 die
1064 1299 1176 1364 dicant;

170 1382 248 1461 quod
273 1381 389 1459 quidem
407 1382 530 1442 maxime
549 1391 648 1461 patres
670 1385 791 1461 exigunt
818 1393 907 1465 etque
924 1386 963 1444 ita
985 1385 1099 1445 demum
1116 1390 1175 1440 stu·

169 1466 241 1525 dere
264 1464 375 1525 liberos
398 1482 485 1541 suos,
513 1467 538 1526 si
564 1485 650 1546 quam
672 1468 910 1548 frequentissime
935 1467 1177 1540 declamaverint‚

144 1549 310 1624 acredunt,
336 1567 400 1608 cum
415 1550 568 1628 profectus
592 1552 751 1630 praecipue
774 1553 924 1630 diligentia
945 1560 1071 1613 constet.
1104 1549 1178 1609 Nam

169 1641 200 1691 ut
221 1632 354 1693 scribere
379 1651 487 1712 pueros
511 1635 723 1714 plurimumque
746 1655 814 1696 esse
837 1638 865 1696 iu
886 1637 943 1696 hoc
968 1653 1061 1715 opere
1088 1634 1178 1712 plane

169 1717 275 1776 velim:
308 1719 352 1776 sic
382 1719 517 1778 ediscere
545 1720 661 1780 eiectos
691 1740 728 1780 ex
757 1721 937 1782 orationihus
966 1720 1016 1780 vel
1046 1719 1187 1778 historiis·

170 1802 266 1862 aliove
280 1819 338 1881 quo
354 1821 465 1880 genere
482 1803 634 1880 dignorum
650 1823 685 1865 ea
698 1823 767 1864 cura
781 1805 957 1865 voluminum
973 1803 1068 1877 locos,
1085 1803 1176 1861 multo

144 1889 259 1964 3magis
278 1887 425 1947 suadeam.
458 1885 530 1947 Nam
553 1898 582 1948 et
604 1889 792 1949 exercebitur
813 1891 909 1949 acrius
925 1888 1064 1948 memoria
1081 1886 1177 1946 aliena

170 1971 395 2050 complectendo
421 1990 506 2050 quam
527 1990 594 2041 sua;
623 1975 722 2053 etqui
747 1982 830 2033 erunt
850 1975 879 2033 in
900 1973 1067 2034 difficiliore
1091 1971 1176 2030 huius

169 2055 279 2115 laboris
296 2074 408 2132 genere
432 2057 558 2133 versati,
582 2059 645 2117 sine
661 2058 813 2134 molestia,
838 2076 913 2137 quae
930 2058 986 2136 ipsi
1002 2071 1174 2134 composue-

169 2141 239 2214 rint,
265 2140 321 2198 iam
336 2140 504 2200 familiarius
527 2143 619 2201 animo
637 2159 689 2201 suo
708 2143 845 2220 affigant,
869 2151 898 2202 et
912 2148 1086 2201 assuescent
1102 2139 1175 2217 opti·

169 2224 222 2282 mis
246 2241 423 2302 semperque
444 2224 592 2284 habebunt
615 2228 690 2286 intra
710 2246 760 2302 se,
785 2227 864 2306 quod
884 2227 1044 2293 imitentur;
1068 2224 1176 2282 etiam

169 2324 227 2366 non
242 2309 401 2366 sentientes
418 2309 539 2369 formam
562 2312 702 2370 orationis
725 2311 822 2387 iliam,
846 2329 931 2391 quam
947 2318 1044 2369 mente
1059 2309 1176 2386 penitus

146 2393 356 2470 eacoepermt,
382 2394 556 2470 expriment.
595 2395 790 2457 Abundabunt
806 2405 902 2456 autem
919 2396 1003 2474 copia
1020 2392 1176 2454 verborum

170 2478 341 2554 optimorum
364 2486 394 2536 et
410 2479 623 2556 compositione
648 2489 677 2540 et
693 2481 792 2557 figuris
814 2481 870 2540 iam
885 2497 943 2539 non
961 2479 1100 2559 quaesitis
1123 2475 1177 2534 sed

169 2569 275 2640 sponte
293 2570 322 2620 et
338 2579 377 2621 ex
393 2563 525 2640 reposito
542 2563 624 2623 velut
640 2564 777 2623 thesauro
793 2581 827 2622 se
843 2560 1045 2622 offerentibus.
1079 2559 1175 2619 Acce-

170 2647 211 2706 dit
225 2646 270 2705 his
285 2655 315 2705 et
326 2646 448 2706 iucunda
464 2648 493 2706 in
507 2663 643 2706 sermone
657 2646 733 2707 bene
746 2665 762 2706 a
775 2663 893 2725 quoque
911 2645 1054 2704 dictorum
1069 2642 1176 2701 relatio

170 2739 199 2790 et
213 2732 241 2789 in
254 2732 349 2790 causis
365 2731 453 2790 utilis.
482 2729 555 2791 Nam
571 2739 600 2790 et
617 2731 682 2809 plus
700 2729 880 2790 auctoritatis
895 2729 1019 2788 afferunt
1036 2744 1081 2801 ea,
1099 2741 1175 2803 quae

169 2833 227 2875 non
242 2815 408 2894 praesentis
424 2815 518 2892 gratia
536 2814 593 2874 litis
609 2823 675 2874 sunt
693 2821 879 2892 comparata,
905 2820 935 2871 et
950 2811 1067 2872 laudem
1082 2826 1175 2886 saepe

145 2901 308 2963 amatorem
331 2917 416 2979 quam
438 2901 462 2958 si
482 2907 582 2959 nostra
606 2899 662 2958 siut
689 2898 855 2958 conciliant.
888 2895 1055 2975 Aliquando
1080 2904 1176 2954 tamen

170 2984 410 3061 permittendum,
434 3001 509 3062 quae
530 2984 586 3061 ipsi
602 2983 789 3061 scripserint,
812 2982 929 3056 dicere,
952 2990 984 3040 ut
1000 2979 1109 3040 laboris
1131 2978 1176 3035 sui

170 3067 295 3127 fractum
312 3069 398 3128 etiam
420 3085 457 3126 ex
479 3067 549 3142 illa,
571 3085 646 3146 quae
661 3068 784 3127 maxime
803 3066 926 3145 petitur,
950 3065 1036 3125 laude
1051 3063 1176 3142 plurium

172 3144 295 3227 capiant.
326 3151 436 3211 Verum
450 3152 478 3212 id
497 3168 614 3231 quoque
635 3161 694 3210 tum
710 3152 773 3210 deri
789 3151 955 3230 oportebit,
981 3167 1045 3209 cum
1067 3147 1176 3228 aliquid

172 3235 351 3294 commodius
372 3236 570 3311 dimanarint,
592 3245 623 3295 ut
645 3253 681 3296 eo
703 3235 785 3295 velut
800 3236 930 3315 praemio
955 3234 1042 3294 studii
1063 3234 1106 3292 sui
1125 3231 1175 3292 do·

171 3326 323 3379 uenturae
339 3338 372 3379 se
390 3321 548 3396 meruisse,
565 3328 596 3379 ut
611 3318 760 3396 dicerent,
779 3319 935 3397 gaudeant.
