2566 4026
395 188 485 236 ιιιιι.
505 188 653 236 annuos.
667 189 795 255 n1s.1x,
812 186 838 237 2.
1079 179 1119 240 95

117 346 176 404 tior
197 344 228 403 lit
245 342 397 421 probatio,
424 341 501 420 quod
521 343 612 419 primo
633 341 701 401 loco
723 342 880 420 posuimus.
920 341 1050 420 Simplex
1077 352 1148 411 esti

118 430 163 488 sic
177 444 300 503 rogare:

188 510 321 572 Sedeas
338 511 392 587 qui
406 511 551 570 tandem?
572 510 683 587 quibus
697 516 751 569 aut
765 509 891 568 venistis
908 509 947 569 ab
969 512 1054 571 oris?

117 595 285 672 Figuratum
301 603 414 667 autem,
436 595 647 670 quotiensnon
673 592 840 652 sciscitandi
862 593 954 669 gratia
970 596 1123 655 assumitur

119 679 172 739 sed
189 677 326 738 instandi:
349 675 433 749 Quid
453 678 531 738 euim
554 685 623 738 tuus
642 678 714 752 ille,
743 674 878 752 Tubero,
906 677 1071 740 destrictus
1091 681 1123 739 iu

116 764 188 824 acie
213 759 397 823 Pharsalica
418 761 543 839 gladius
568 761 701 840 agebat?
733 769 778 835 et,
808 758 973 837 Quousque
999 764 1123 824 taudem

116 847 256 921 abutere,
275 843 418 920 Catilina,
433 845 583 924 patientia
597 846 725 906 nostra?
740 853 780 920 et,
798 842 909 905 Patere
926 853 979 905 tua
995 848 1123 908 oouulia

116 948 178 991 uon
194 931 308 990 sentis?
332 937 362 988 et
382 937 459 988 totus
475 928 599 1005 denique
618 928 666 988 hic
686 927 779 987 loeus.
811 926 924 1000 Quanto
941 931 1016 988 enim
1031 932 1153 1007 magis8

116 1013 209 1089 ardet,
226 1031 310 1091 quam
328 1013 352 1071 si
368 1012 531 1072 diceretur:
556 1011 618 1073 Diu
636 1013 773 1073 abuteris
785 1013 938 1088 patientia
955 1020 1078 1089 uestra,
1095 1023 1125 1074 et

117 1094 228 1159 Pateat
249 1102 302 1157 tua
318 1096 455 1158 coemtio.
492 1095 707 1173 interrogamus
731 1096 832 1170 etiam,
853 1096 931 1174 quod
947 1098 1049 1174 negari
1066 1116 1124 1158 non

116 1182 227 1259 possit:
257 1178 383 1243 Dicitue
403 1181 527 1240 taudem
545 1198 673 1241 causam
691 1177 724 1240 0.
741 1178 957 1242 Fidiculanius
972 1179 1124 1244 Falcula?

117 1274 167 1324 aut
184 1263 232 1323 uhi
246 1263 443 1342 respondendi
460 1263 586 1323 difficilis
602 1273 647 1322 est
661 1265 752 1339 ratio,
770 1272 801 1322 ut
817 1257 905 1340 v'ulgo
921 1265 962 1323 uti
982 1265 1122 1342 solemus,

119 1345 312 1427 Quomodo?
328 1349 381 1425 qui
401 1347 472 1424 fieri
482 1350 603 1426 potest?
634 1357 681 1407 aut
696 1347 820 1407 invidiae
841 1349 950 1424 gratia,
973 1358 1004 1408 ut
1018 1347 1123 1410 Medea

117 1431 194 1509 apud
210 1432 370 1506 Senecam,
395 1428 481 1502 Orias
498 1432 564 1509 peti
585 1440 688 1492 terras
703 1432 813 1493 iubes?
845 1441 893 1490 aut
916 1432 1152 1504 miserationis,9

117 1523 148 1574 ut
163 1515 254 1575 Sinon
269 1516 343 1593 apud
358 1515 538 1591 Vergilium:

159 1597 226 1741 geu
243 1616 384 1677 quaeue
401 1600 498 1675 tellus,
516 1600 624 1677 iuquit,
641 1614 722 1675 quae
737 1618 785 1660 me
802 1614 942 1677 aequora
953 1609 1082 1679 possunt

188 1685 333 1762 ccipere?
346 1718 389 1728 -

119 1776 168 1825 aut
186 1767 309 1826 instandi
331 1775 360 1825 et
376 1766 551 1827 auferendae
571 1767 822 1841 dissimulationis,
848 1775 879 1826 ut
901 1765 1036 1827 Asinius:
1057 1764 1122 1828 Au-

117 1852 227 1912 disue?
240 1852 399 1931 furiosum,
414 1852 550 1928 iuquam,
563 1871 622 1912 uon
632 1851 835 1930 inofficiosum
847 1858 1056 1913 testamentum
1072 1871 1123 1912 re-

114 1935 343 2015 prehendimus.
376 1933 479 1993 'l'otum
490 1936 547 1994 hoc
561 1935 677 2014 plenum
691 1945 736 1995 est
747 1935 911 2002 varietatis;
929 1953 994 1995 nam
1007 1944 1037 1995 et
1051 1936 1122 1995 indi·
1130 1946 1164 1999 10

115 2020 246 2096 gnationi
263 2019 413 2078 convenit:

269 2139 312 2148 -
333 2099 372 2162 Ει
386 2104 547 2180 quisquam
563 2120 675 2161 uumeu
690 2100 818 2163 Iunonis
837 2102 971 2163 adoret?

117 2194 146 2244 et
165 2185 358 2245 admirationi:

302 2304 345 2315 -
361 2267 443 2341 Quid
457 2288 518 2330 uou
533 2270 675 2329 mortalia
689 2276 818 2346 pectora
836 2269 930 2345 copis,

304 2349 384 2414 Auri
397 2371 495 2414 sacra
506 2352 627 2430 fames?
641 2385 685 2396 -

117 2433 173 2495 Ειι
187 2437 300 2496 interim
316 2438 411 2496 acrius
429 2436 589 2514 imperandi
606 2452 716 2514 genus:
1132 2447 1164 2502 ll

201 2517 269 2582 Nou
284 2540 375 2582 arma
391 2520 555 2599 expedient
569 2529 691 2598 totaque
706 2536 746 2580 eu
759 2519 837 2580 urbe
853 2519 1040 2597 sequentur?

115 2601 154 2662 Et
170 2604 225 2681 ipsi
237 2613 355 2664 nosmet
377 2622 528 2682 rogamus;
552 2604 638 2682 quale
661 2611 705 2663 est
726 2601 797 2662 illud
813 2600 1017 2662 Terentianum
1042 2598 1125 2675 Quid

114 2688 210 2766 ipitrm
222 2689 362 2767 facium?
396 2687 449 2748 Est
470 2688 566 2766 aliqua
583 2689 668 2748 etiam
684 2689 712 2746 in
735 2685 1000 2764 respondendo
1020 2686 1123 2763 ligura,
1134 2698 1166 2750 12

117 2789 183 2830 cum
195 2770 271 2831 aliud
287 2773 477 2848 interroganti
493 2772 528 2831 ad
549 2772 643 2847 aliud,
670 2771 736 2849 quia
752 2772 796 2829 sic
810 2770 908 2830 utilius
926 2771 974 2846 sit,
994 2770 1123 2829 occurri-

115 2863 175 2921 tur:
199 2863 257 2914 tum
280 2856 404 2932 angendi
421 2857 545 2915 oriminis
562 2857 671 2933 gratia,
698 2863 729 2914 ιιι
750 2854 834 2913 ιιιιίι
852 2855 880 2913 in
894 2872 975 2914 reum
991 2862 1122 2930 rogatus,

116 2956 153 2998 an
169 2937 203 2998 ah
219 2955 272 2998 reo
295 2938 418 2999 fustibus
440 2939 626 3018 vapulasset,
651 2936 692 3000 Et
705 2940 861 3014 innocens,
877 2939 969 3017 inquit
975 2960 983 3005 ;
1000 2946 1058 2996 tum
1073 2937 1123 2996 de·

118 3020 258 3099 elinandi,
281 3024 359 3100 quod
380 3031 425 3082 est
447 3023 727 3102 frequentissimum:
746 3020 886 3099 Quaero,
912 3041 954 3083 au
970 3022 1124 3083 occideris

115 3107 290 3168 homiuem?
318 3106 532 3185 respondetur,
563 3105 726 3169 Latronem
732 3129 747 3175 ,·
774 3125 816 3167 an
835 3104 967 3184 fundam
987 3123 1123 3184 occupa·

115 3191 223 3252 veris?
253 3191 458 3269 respondetur,
475 3189 586 3252 Meum.
616 3190 654 3252 Ut
671 3190 886 3250 confessionem
902 3189 1060 3268 praecedat
1074 3189 1165 3251 de-ta

115 3274 227 3335 fensio:
251 3283 282 3332 ιιι
303 3275 379 3352 apud
394 3273 555 3351 Vergilium
568 3276 597 3333 in
615 3273 761 3334 Bucolicis
777 3273 895 3349 dicenti,

244 3354 313 3419 Nou
329 3377 384 3436 epo
399 3367 428 3419 tc
441 3359 506 3419 cidi
519 3357 678 3434 Damonis,
691 3359 835 3437 pessime,
854 3375 984 3436 caprum

244 3437 402 3521 Excipere
417 3443 562 3504 insidiis?
577 3478 619 3488 -
