2566 4026
192 197 253 261 134
508 204 870 264 u.unn.ourur1n1nu1

190 363 329 441 rhythmis
348 365 439 426 libera
453 364 564 444 spatia,
581 365 679 423 metris
697 359 774 420 linita
791 368 870 429 sunt;
895 369 925 420 et
940 359 984 420 his
1001 366 1101 419 certae
1121 355 1200 420 clau·

189 450 288 526 sulae,
306 449 364 525 illi,
382 449 527 528 quomodo
541 455 717 526 coeperant,
739 453 855 504 currunt
866 462 959 523 usque
971 442 1007 504 ad
1022 436 1200 522 μεταβολήν,

190 533 220 593 id
242 543 286 593 est
304 535 452 593 transitum
467 535 496 592 in
515 531 592 593 aliud
607 548 701 610 genus
717 529 857 606 rhythmi;
882 536 911 587 et
933 526 1011 606 quod
1031 534 1152 586 metrum
1172 528 1201 586 in

146 626 179 682 bl
188 618 285 677 verbis
304 616 408 693 modo,
426 616 574 692 rhythmus
594 618 679 677 etiem
702 615 729 673 in
751 616 883 692 corporis
906 625 985 675 motu
1001 623 1055 674 est.
1100 615 1200 674 luania

190 719 307 780 quoque
322 709 455 779 tempora
472 700 595 777 rhythmi
617 699 732 762 facilius
750 700 911 777 accipient,
937 714 1098 778 quanquam
1123 699 1200 758 haec

189 788 268 846 etin
290 785 389 844 metris
416 784 558 844 accidunt.
601 785 693 845 blaior
717 783 896 844 tamenillic
919 783 1036 843 licentia
1059 791 1125 860 est,
1150 782 1200 842 ubi

187 879 320 948 tempora
343 869 427 928 etiam
452 868 546 929 animo
568 870 722 929 metiuntur
742 878 771 929 et
787 865 893 949 pedum
915 876 944 926 et
963 866 1118 944 digitorum
1140 869 1200 926 ictu

187 952 340 1013 intervalla
368 954 481 1030 signant
508 953 678 1032 quibusdam
706 954 782 1013 notis
810 962 897 1032 atque
929 951 1096 1027 aestimant,
1128 960 1200 1029 quot

187 1037 296 1098 breves
320 1035 391 1096 illud
417 1038 540 1115 spatium
565 1037 685 1107 habeat3
712 1037 779 1097 inde
805 1031 993 1118 rmpdaqpat,
1019 1031 1199 1114 uemcioqpot

189 1121 329 1198 deinceps
345 1120 495 1197 longiores
511 1120 581 1180 liunt
597 1121 814 1200 percussiones.
857 1120 930 1181 Nam
944 1125 1064 1200 σημεῖον
1084 1129 1199 1198 tempus

146 1205 252 1274 *suast
268 1222 361 1264 unum.
391 1203 423 1264 In
444 1206 655 1284 compositione
671 1205 809 1265 orationis
827 1207 935 1265 certior
951 1214 980 1264 et
997 1205 1089 1282 magis
1109 1205 1199 1263 omni·

188 1290 243 1349 bus
260 1297 360 1367 aperta
376 1291 487 1348 servari
504 1288 592 1349 debet
609 1289 759 1351 dimensio.
805 1287 860 1349 Est
874 1290 962 1367 igitur
976 1289 1005 1347 in
1020 1287 1154 1367 pedibus.

273 1371 311 1432 Et
331 1373 442 1433 metrici
462 1372 576 1452 quidem
598 1373 690 1452 pedes
710 1372 784 1432 adeo
802 1375 986 1451 reperiuntur
1007 1372 1036 1432 in
1054 1373 1198 1447 oratione,

190 1467 220 1517 ut
235 1458 264 1516 in
279 1475 314 1516 ea
329 1456 499 1535 frequenter
520 1475 578 1518 non
600 1457 790 1517 sentientibus
806 1456 890 1516 nobis
913 1458 1036 1516 omnium
1056 1473 1198 1534 generum

190 1541 325 1601 excidant
347 1559 466 1609 versum
490 1549 519 1600 et
541 1550 641 1601 contra
664 1541 749 1618 nihil,
772 1541 850 1618 quod
873 1550 918 1600 est
941 1558 1029 1619 prosa
1047 1542 1197 1617 scriptum,

189 1641 248 1684 non
267 1623 361 1700 redigi
388 1626 482 1701 possit
505 1625 536 1683 in
562 1626 704 1704 quaedam
725 1625 937 1685 versiculorum
957 1642 1067 1701 genera
1090 1622 1141 1683 vel
1171 1624 1198 1680 in

147 1711 182 1766 to
190 1706 326 1766 membra.
358 1706 416 1766 Sed
428 1710 456 1766 in
468 1707 542 1768 adeo
554 1709 696 1768 molestos
713 1707 861 1768 incidimus
873 1709 1094 1785 grammaticos,
1113 1725 1198 1785 quam

189 1793 322 1865 fuerunt,
344 1792 392 1868 qui
407 1789 576 1866 Lyricorum
592 1792 769 1870 quorundam
788 1794 912 1853 carmina
926 1795 955 1852 in
970 1792 1065 1851 varias
1081 1808 1198 1850 mensu-

189 1892 238 1934 ras
260 1882 429 1950 coegerunt.
474 1875 513 1934 m
534 1873 640 1935 Cicero
664 1875 897 1954 frequentissime
916 1876 1000 1951 dicit,
1023 1885 1114 1934 totum
1139 1873 1197 1932 hoc

192 1966 326 2018 constare
342 1959 482 2026 numeris;
509 1958 636 2038 ideoque
652 1959 873 2038 reprehenditur
890 1978 906 2020 a
927 1958 1112 2040 quibusdam,
1135 1967 1197 2016 ten·

148 2042 276 2120 taquam
306 2043 466 2100 orationem
491 2042 525 2103 ad
552 2042 701 2120 rhythmos
726 2044 837 2120 alliget.
892 2043 964 2103 Nam
994 2052 1060 2102 sunt
1084 2041 1198 2103 numeri

190 2125 330 2202 rhythmi,
350 2134 380 2184 ut
401 2135 431 2185 et
449 2126 514 2205 ipse
532 2129 695 2205 constituit,
715 2136 744 2188 ct
762 2128 854 2204 secuti
870 2146 934 2187 eum
949 2126 1114 2203 Vergilius,
1132 2142 1196 2186 euru

192 2209 261 2269 dicit
290 2256 293 2264 ,

357 2329 399 2340 -
420 2292 570 2358 Numeros
585 2299 720 2370 memini,
737 2296 874 2357 sieerba
886 2303 1032 2372 tenerem,

193 2386 222 2437 et
236 2377 371 2438 Horatius
982 2418 985 2425 -

357 2496 399 2510 -
419 2460 623 2544 Nemesisque
640 2466 741 2542 fertur
760 2463 840 2543 Lege
860 2464 975 2526 solutis.

147 2544 327 2608 ttlnvadunt
350 2563 422 2623 ergo
448 2546 521 2607 hane
545 2549 620 2607 inter
641 2557 755 2608 ceteras
772 2565 891 2607 vocem:
914 2545 1020 2626 Neque
1041 2545 1120 2606 euim
1133 2543 1198 2605 De-

189 2630 352 2690 mosthenis
366 2630 497 2707 fulmina
517 2638 678 2709 tantopere
693 2633 854 2693 vibratura
875 2630 960 2705 dicit,
982 2631 1042 2690 reici
1061 2631 1199 2689 cumeris

191 2719 328 2775 contorta
340 2713 508 2790 ferrentur.
529 2712 562 2774 lu
577 2731 635 2793 quo
653 2717 677 2774 si
691 2715 748 2775 hoc
764 2716 866 2789 sentit,
883 2714 1030 2794 rhythmis
1042 2720 1198 2774 contorta:

191 2797 341 2857 dissentio.
385 2796 457 2857 Nam
477 2797 615 2874 rhythmi,
639 2809 670 2859 ut
689 2799 764 2875 dini,
791 2816 886 2876 neque
904 2799 989 2857 finem
1004 2796 1112 2856 habent
1134 2814 1198 2854 eer-

189 2889 248 2939 tum
271 2898 327 2939 nec
346 2879 433 2941 ullam
454 2881 482 2941 in
499 2891 636 2942 contextu
649 2884 835 2959 varietatem,
860 2881 929 2957 sed,
954 2899 1010 2960 qua
1036 2887 1199 2958 coeperunt

190 2964 353 3023 sublatione
369 2982 403 3024 ae
419 2967 580 3043 positione,
598 2967 633 3026 ad
646 2966 730 3026 linem
743 2985 836 3046 usque
847 2965 1017 3034 decurrunt3
1034 2964 1128 3025 oratio
1140 2980 1198 3022 non

145 3047 351 3129 ⁴56descendet
366 3047 401 3108 ad
417 3051 557 3127 crepitum
569 3050 732 3128 digitorum.
756 3049 846 3129 quue
863 3048 969 3110 (licere
985 3051 1093 3128 optime
1105 3046 1197 3123 videt,

192 3150 226 3191 ac
244 3140 366 3191 testatur
383 3131 569 3233 frequenter,
594 3153 642 3211 se,
660 3135 737 3213 quod
754 3151 938 3194 numerosum
958 3135 1012 3209 sit,
1036 3148 1197 3213 quaerere;

191 3223 221 3272 ut
236 3216 327 3292 magis
348 3232 406 3276 non
423 3211 594 3299 ἃρῤυθμον,
617 3219 694 3297 quod
716 3228 795 3278 esset
809 3218 941 3279 inscitum
958 3226 1044 3295 atque
1066 3223 1198 3292 agreste,

192 3316 276 3375 quam
299 3298 467 3378 ἔνρυθμον,
496 3301 573 3379 quod
599 3303 745 3380 poeticum
770 3311 831 3378 est,
863 3319 930 3362 csse
957 3300 1198 3378 compositionem

190 3381 271 3440 velit.
314 3383 395 3443 Sicut
417 3385 501 3444 etiam
526 3403 600 3464 quos
628 3386 811 3463 palaestritas
834 3403 900 3445 esse
925 3384 1072 3459 nolumus,
1101 3392 1198 3445 tannen

150 3468 183 3524 tl
192 3481 259 3525 esse
275 3465 407 3526 nolumus
420 3485 491 3547 cos,
509 3471 555 3548 qui
572 3470 704 3530 dicuntur
717 3461 900 3534 drutmarus.
927 3468 1036 3530 Verum
1053 3486 1103 3544 ea,
1122 3485 1199 3547 quae
