2566 4026
397 175 485 222 ruer.
500 173 828 241 cannamomum.
1053 164 1113 229 tot

114 333 335 394 circumstantes
351 328 522 406 intelligant.
547 327 579 387 ln
595 344 653 407 quo
667 345 778 405 genere
795 328 925 407 plurimis
942 331 1042 409 liguris
1058 333 1116 393 erit

112 412 250 476 varianda
273 414 419 490 expositio
441 412 477 471 ad
502 411 696 489 edlugiendum
718 412 844 472 taedium
865 421 935 473 nota
958 415 1113 493 audientis,

112 501 189 559 sicut
203 493 382 572 Meministi,
408 504 436 554 et
452 492 596 556 Fortasse
609 513 836 574 superuacuum
851 495 947 574 faerit
965 497 1014 559 lu‘c
1035 518 1115 560 eom·

113 582 250 650 moram
265 577 330 642 Sed
345 581 421 658 quid
441 597 496 657 eqo
511 580 642 651 diutim,
658 596 727 639 oum
742 586 774 640 ta
789 581 899 658 optiom
910 583 1017 649 ποιέει
1036 582 1115 644 illud

113 665 206 744 quale
228 665 283 740 eit,
304 671 336 726 tu
357 664 464 724 acius?
486 671 515 721 et
532 661 576 722 his
598 662 711 722 similia.
739 660 875 741 Alioqui,
900 664 925 722 si
946 665 1021 742 apud
1042 664 1158 724 iudi-ae

113 766 195 824 cem,
223 749 269 807 cui
289 757 356 807 nota
381 755 552 821 causaest,
577 747 704 806 narratio
726 762 844 824 semper
869 747 985 808 videtur
1012 765 1115 826 super·

113 849 222 906 vacua,
246 839 344 909 potest
364 830 456 889 videri
474 845 531 888 non
549 846 668 906 semper
688 846 755 889 esse
778 830 863 889 etiarn
884 831 948 909 ipsa
970 832 1047 890 actio
1064 849 1115 890 ne·
1265 901 1280 917 β

113 916 253 975 cessaria.
1207 918 1281 961 ”²2³¹

199 998 332 1056 Alterum
359 1004 420 1070 est,
449 995 485 1055 de
512 1012 568 1074 quo
595 995 774 1073 frequentius
804 997 967 1074 quaeritur,
997 1014 1041 1057 an
1066 992 1160 1059 gitti

113 1084 241 1161 utique
264 1080 432 1140 narratio
455 1080 649 1158 prooemio
675 1080 934 1149 subiicienda;
961 1081 1039 1159 quod
1067 1083 1116 1162 qui

113 1167 285 1244 opinantur,
307 1180 365 1222 non
380 1172 503 1240 possunt
515 1163 608 1222 videri
626 1161 704 1222 nulla
719 1163 831 1223 ratione
845 1163 933 1224 ducti.
961 1163 1033 1224 Nam
1052 1183 1117 1224 oum

114 1249 296 1327 prooemium
317 1248 427 1307 idcireo
451 1254 647 1324 comparatum
670 1247 722 1322 sit,
745 1255 776 1305 ut
796 1247 884 1307 iudex
905 1246 941 1307 ad
959 1266 1021 1308 rem
1039 1249 1116 1308 acci·

115 1331 252 1410 piendam
274 1331 324 1390 liat
350 1330 550 1406 conciliatior,
579 1328 719 1406 docilior,
747 1331 896 1400 intention
926 1340 956 1390 et
981 1331 1116 1410 probatio

113 1417 169 1474 uisi
187 1432 274 1474 causa
290 1415 368 1492 prius
387 1414 503 1491 cognita
525 1431 583 1474 non
598 1413 692 1490 possit
713 1412 1013 1493 adhiberi:.protinus
1028 1415 1117 1475 iudex

114 1499 216 1559 notitia
235 1515 330 1557 rerum
354 1497 537 1556 instruendus
558 1497 681 1557 uidetur.
718 1496 777 1557 Sed
793 1496 851 1557 lroc
867 1515 984 1577 quoque
1003 1495 1160 1558 interimit

115 1590 205 1641 mutat
223 1580 356 1641 condicio
377 1597 540 1649 causarum
564 1581 619 1639 nisi
637 1579 715 1640 forte
736 1579 775 1639 Μ.
798 1580 909 1641 'lollius
932 1583 961 1640 in
984 1583 1116 1642 oratione

115 1663 323 1743 pulcherrima,
342 1682 426 1742 quam
440 1681 493 1742 pro
510 1663 618 1724 Milone
634 1664 771 1741 scriptam
785 1665 920 1744 reliquit,
937 1665 1011 1726 male
1028 1666 1116 1725 distu-

115 1749 187 1809 lisse
209 1749 402 1807 narrationem
423 1747 538 1807 videtur
558 1747 649 1807 tribus
678 1750 855 1825 praepositis
881 1749 1115 1826 quaestionibus;

116 1842 163 1892 aut
186 1832 347 1910 proluisset
371 1848 538 1909 exponere,
567 1831 712 1909 quomodo
735 1832 853 1891 insidias
874 1832 975 1893 Miloni
994 1832 1117 1892 iecisset

115 1914 253 1992 Clodius,
274 1916 299 1973 si
314 1933 412 1991 reum,
433 1915 480 1993 qui
500 1932 516 1974 a
532 1932 564 1973 se
579 1914 723 1974 hominem
739 1917 868 1975 occisum
886 1915 1042 1991 fateretur,
1066 1917 1116 1976 de·

115 1999 194 2059 leudi
210 1999 324 2058 omnino
346 1999 391 2058 las
406 2015 464 2057 non
479 1998 599 2074 luisset,
620 2007 668 2057 aut
683 1999 707 2056 si
728 1999 783 2058 iam
799 1999 980 2077 praeiudicio
998 2007 1117 2060 senatus

114 2083 263 2142 damnatus
280 2092 360 2142 esset
374 2082 459 2157 llilo,
483 2091 531 2143 aut
552 2083 576 2141 si
593 2079 644 2141 Gn.
662 2082 834 2160 Pompeius,
857 2084 906 2161 qui
927 2091 1050 2162 propter
1065 2081 1116 2142 ali-

115 2184 200 2244 quam
216 2167 338 2243 gratiam
352 2166 486 2225 iudicium
501 2167 587 2226 etiam
600 2165 736 2225 militibus
753 2167 869 2226 armatis
886 2166 1043 2242 clauserat,
1056 2175 1116 2228 tan·

115 2267 200 2328 quam
217 2249 356 2309 aduersus
374 2251 401 2309 ei
418 2251 575 2309 timeretur.
609 2248 689 2326 Ergo
711 2248 767 2309 hae
790 2267 907 2328 quoque
929 2244 1160 2328 quaestionesto

114 2333 172 2391 vim
187 2335 331 2410 prooemii
351 2332 533 2409 obtinebant,
555 2351 618 2392 oum
634 2349 734 2391 omnes
756 2332 880 2393 iudicem
896 2342 1115 2412 praepararent.

115 2416 176 2476 Sed
196 2433 250 2493 pro
262 2417 380 2476 Vareno
396 2435 513 2497 quoque
528 2425 633 2495 postea
647 2416 773 2474 narravit
793 2433 877 2494 quam
893 2415 1009 2476 obiecta
1024 2416 1116 2476 diluit.

118 2499 204 2572 Quod
220 2500 271 2560 liet
284 2501 409 2576 utiliter,
431 2503 565 2580 quotiens
581 2517 638 2559 non
653 2498 855 2577 repellendum
871 2507 977 2559 tantum
991 2500 1047 2558 erit
1062 2499 1118 2559 cri·

116 2601 182 2642 men
205 2585 258 2644 sed
282 2585 368 2644 ctiam
390 2585 637 2658 transferendum,
660 2590 691 2641 ut
712 2583 792 2660 prius
816 2582 861 2643 his
885 2582 1015 2643 defensis
1037 2581 1119 2643 velut

116 2667 225 2725 initium
250 2669 287 2727 sit
310 2668 396 2728 alium
419 2669 553 2746 culpandi
573 2668 718 2742 narratio,
739 2674 771 2724 ut
792 2666 820 2725 in
842 2683 985 2727 armorum
1004 2667 1118 2726 ratione

116 2751 261 2829 antiquior
290 2752 412 2811 cavendi
439 2769 524 2830 quam
549 2753 636 2811 ictum
662 2750 805 2810 inferendi
832 2768 900 2811 cura
927 2759 981 2810 cst.
1027 2747 1160 2809 Eruntii

115 2832 258 2912 quaedam
281 2852 387 2895 causae
410 2836 521 2913 (neque
542 2835 571 2894 id
590 2836 673 2914 raro)
698 2835 816 2894 crimine
837 2834 970 2913 quidem,
1000 2834 1037 2894 de
1060 2848 1118 2912 quo

115 2917 247 2994 cognitio
263 2927 324 2994 est,
344 2918 448 2978 faciles
464 2918 499 2978 ad
514 2918 678 2979 diluendum
693 2918 747 2978 sed
762 2918 858 2978 multis
873 2927 1025 2978 anteactae
1040 2917 1120 2976 vitae

114 2999 233 3076 flagitiis
249 3011 278 3061 et
295 3002 434 3078 gravibus
450 3011 604 3072 oneratae3
629 3017 703 3081 quae
719 3003 799 3080 prius
815 3002 974 3062 amovenda
989 3008 1070 3076 sunt,
1088 3008 1120 3059 ut

116 3085 261 3162 propitius
289 3085 378 3144 iudex
402 3084 603 3145 defensionem
626 3086 717 3164 ipsius
742 3086 869 3162 negotii,
894 3086 975 3145 cuius
998 3084 1120 3162 propria

116 3169 252 3243 quaestio
280 3177 341 3244 est,
370 3168 480 3229 audiat:
507 3178 554 3246 ut,
583 3172 608 3230 si
633 3166 832 3230 defendendus
859 3169 895 3228 sit
920 3168 959 3228 ll.
988 3163 1117 3243 Caelius,

114 3266 213 3309 nonne
231 3254 339 3330 optime
355 3262 494 3331 patronus
509 3262 644 3313 oocumat
657 3253 737 3331 prius
753 3252 892 3312 conviciis
907 3250 1050 3327 luxuriae,
1066 3269 1118 3329 pe·

114 3333 274 3410 tulantiae,
294 3336 488 3413 impudicitiae
506 3355 590 3415 quam
605 3335 756 3412 ueneficii,
775 3337 803 3395 in
819 3335 922 3414 qulbus
937 3334 1009 3396 solis
1026 3335 1119 3394 omnis

115 3412 272 3477 ciceronis
287 3429 420 3479 versatur
436 3421 543 3489 oratio;
563 3430 622 3482 tum
637 3419 740 3482 deinde
756 3429 853 3480 narret
868 3419 1004 3480 debonis
1019 3418 1119 3479 Pallae
