2566 4026
396 167 485 215 susa.
500 164 830 230 emarcueram.
1051 158 1113 220 263

112 340 233 404 qnoque
249 321 445 400 eloquentiam
460 319 564 395 iaciat,
589 337 672 398 quam
689 321 767 397 quod
789 319 846 380 illis
864 321 939 379 inest
955 322 999 380 vis
1014 321 1117 380 mentis

114 416 146 469 et
159 409 271 467 veritas
287 407 351 483 ipsa
366 399 498 462 morum?
534 401 631 476 Quare
650 403 746 479 iniis,
766 421 840 482 quae
861 404 1028 464 verisimilia
1051 416 1161 468 essent

112 490 264 566 volemus,
283 491 372 547 simus
386 488 443 565 ipsi
458 486 566 546 similes
584 503 699 563 eorum,
721 489 855 564 quivere
870 488 1030 565 patiuntur,
1047 488 1117 548 alie·

115 574 228 650 ctibus,
252 580 283 632 et
304 590 321 631 a
342 571 392 630 tali
413 571 506 629 auimo
529 570 730 647 proficiscatur
752 571 862 646 oratio,
888 570 1002 648 qualem
1017 571 1117 630 iacere

113 657 241 719 iudicem
257 655 349 715 volet.
382 653 428 712 An
442 653 494 713 ille
512 653 639 729 dolebit,
664 655 713 730 qui
734 655 830 714 audiet
849 671 912 729 me,
940 655 987 733 qui
1009 656 1038 713 iu
1060 653 1116 713 hoe

113 742 228 816 dicam,
252 756 310 798 non
327 734 495 799 dolentem?
515 738 673 811 irascetur,
694 737 719 795 si
740 736 809 797 nihil
824 739 905 816 ipse,
929 739 977 815 qui
998 740 1027 797 in
1046 737 1117 797 iram

115 825 246 885 concitat
263 840 297 882 se
314 821 402 900 idque
418 821 519 897 exigit,
536 819 639 880 similia
655 817 801 898 patietur?
819 823 906 880 siccis
922 823 1034 898 agentis
1047 838 1116 881 ocu·

115 908 154 968 lis
185 906 320 968 lacrimas
347 900 448 965 dabit?
482 902 560 962 Fieri
585 920 643 962 nou
670 912 778 980 potest.
824 902 888 964 Nec
917 904 1043 965 incendit
1063 906 1159 968 nisitti

114 992 207 1068 ignis,
229 1006 286 1049 nec
306 989 497 1049 madescimus
519 987 573 1046 nisi
593 987 731 1063 humore,
754 1005 810 1047 uec
831 1005 880 1047 res
895 988 954 1049 ulla
970 988 1018 1050 dat
1032 989 1117 1049 alteri

115 1074 259 1149 colorem,
279 1090 363 1150 quem
380 1087 437 1131 non
452 1072 516 1148 ipsa
532 1069 628 1130 babet.
664 1071 787 1130 Primum
802 1080 848 1130 est
865 1073 967 1149 igitur,
990 1081 1021 1132 ut
1041 1072 1117 1151 apud

114 1175 169 1218 nos
186 1157 305 1217 valeant
320 1173 373 1231 ea,
398 1173 471 1233 quae
493 1154 592 1213 valere
609 1154 683 1233 apud
706 1155 829 1215 iudicem
843 1155 992 1231 volumus,
1010 1157 1117 1216 allicia-

115 1258 240 1319 murque
264 1249 417 1317 antequam
438 1238 557 1297 allicere
583 1255 728 1297 conemur.
768 1237 807 1298 At
828 1238 973 1316 quomodo
997 1240 1065 1314 fiet,
1087 1247 1159 1302 utili

115 1319 296 1385 afficiamur?
316 1340 412 1401 neque
436 1324 510 1381 enim
533 1329 597 1380 sunt
616 1332 710 1382 motus
731 1323 760 1381 in
782 1330 908 1381 nostram
932 1331 1116 1400 potestatem.

116 1407 279 1485 'l'emptabo
298 1408 383 1466 etiam
399 1406 435 1465 de
450 1406 507 1464 boc
523 1405 632 1464 dicere.
670 1405 749 1479 Quas
767 1405 931 1482 φαντασίας
946 1404 1050 1465 Graeci
1066 1422 1118 1465 vo·

116 1500 193 1567 eant,
209 1508 264 1550 nos
281 1507 351 1549 sane
365 1491 496 1550 admones
507 1488 698 1567 appellemus,
715 1506 769 1567 per
782 1507 852 1566 quas
868 1491 1007 1567 imagines
1022 1507 1119 1548 rerum

116 1574 278 1635 absentium
295 1575 334 1632 ita
351 1581 605 1650 repraesentantur
629 1574 739 1648 animo,
761 1582 792 1632 ut
815 1591 865 1632 eas
888 1592 1009 1633 cernere
1026 1572 1119 1633 oculis

117 1676 153 1719 ac
173 1666 347 1737 praesentes
375 1656 483 1716 babere
503 1657 660 1716 videamur.
694 1655 752 1716 Has
774 1658 905 1735 quisquis
921 1658 996 1717 bene
1014 1665 1161 1720 conoe-30

118 1744 205 1821 perit,
221 1743 247 1800 is
262 1741 317 1800 erit
330 1742 359 1798 in
375 1739 526 1801 affectibus
539 1739 765 1816 potentissimus.
799 1739 880 1800 Hunc
897 1742 1010 1819 quidam
1022 1741 1119 1801 dicunt

116 1816 371 1902 εὖφαπασίαπαν,
394 1825 441 1901 qui
458 1823 591 1899 sitires,
613 1838 721 1900 voces,
745 1833 826 1884 actus
848 1826 1004 1885 secundum
1018 1843 1120 1884 verum

117 1911 226 1987 optime
244 1907 349 1983 lingct;
366 1906 444 1985 quod
460 1907 575 1983 quidem
586 1906 669 1966 uobis
681 1907 845 1967 volentibus
857 1908 944 1968 facile
961 1911 1118 1985 continget.

119 1992 163 2052 Au
181 2007 254 2051 vero
272 1992 347 2049 inter
363 1992 421 2049 otia
442 1991 598 2049 animorum
615 1999 643 2049 et
660 2009 729 2068 spes
748 1992 846 2051 inanes
864 2001 892 2051 et
910 1992 991 2051 velut
1010 1993 1148 2051 somnia*

117 2075 261 2154 quaedam
275 2073 455 2150 vigilantium
470 2075 509 2134 ita
526 2091 579 2133 nos
591 2074 657 2150 bae,
676 2075 711 2134 de
728 2075 830 2152 quibus
847 2075 963 2153 loquor,
980 2077 1119 2153 imagines

118 2166 352 2238 prosequuntur,
375 2166 405 2215 ut
422 2159 618 2235 peregrinari,
642 2160 795 2234 navigare,
820 2159 975 2236 proeliari,
993 2160 1119 2237 populos

116 2242 240 2320 alloqui,
257 2241 427 2315 divitiarum,
446 2259 517 2319 quas
535 2259 591 2300 non
604 2241 752 2317 habemus,
769 2260 851 2300 usum
863 2243 1011 2302 videamur
1023 2242 1120 2320 dispo·

117 2342 201 2401 nere,
218 2342 274 2383 nec
291 2325 422 2400 cogitare
438 2325 490 2383 sed
506 2325 624 2384 lacere:
640 2325 697 2383 hoc
713 2326 797 2383 animi
807 2326 905 2383 vitium
920 2325 955 2384 ad
971 2327 1121 2385 utilitatem

117 2425 176 2469 non
192 2405 422 2468 transferemus?
454 2407 493 2466 At
506 2408 649 2467 bominem
666 2408 793 2467 occisum
806 2425 927 2485 quer0r;
943 2426 1001 2467 non
1017 2409 1121 2481 omnia,
1128 2410 1162 2465 31

118 2510 195 2571 quae
211 2493 241 2549 in
254 2509 287 2550 re
298 2492 446 2568 praesenti
462 2492 605 2551 accidisse
616 2490 754 2550 credibile
767 2501 821 2567 est,
837 2493 866 2551 in
878 2492 971 2551 oculis
984 2487 1121 2550 habebo?

117 2592 176 2636 nou
200 2590 360 2652 percussor
386 2574 437 2634 ille
465 2575 575 2634 subitus
601 2571 751 2652 erumpet?
780 2593 837 2635 non
865 2584 1044 2654 expavescet
1067 2576 1121 2634 cir-

118 2655 313 2720 cumventus?
330 2655 524 2717 exclamabit?
542 2659 592 2717 vel
608 2658 723 2735 rogabit
746 2658 795 2717 vel
810 2657 925 2734 lugiet?
944 2676 1001 2716 nou
1016 2657 1122 2716 lerien-

117 2752 194 2818 tem,
217 2758 276 2800 non
293 2741 493 2800 concidentem
512 2738 639 2801 videbo?
658 2758 716 2801 non
738 2742 832 2800 animo
848 2743 965 2818 sanguis
986 2750 1014 2799 et
1027 2740 1124 2818 pallor

119 2834 150 2886 et
164 2826 289 2902 gemitus
306 2833 453 2882 extremus
472 2824 596 2902 denique
617 2826 776 2901 expirantis
790 2824 883 2884 hiatus
899 2821 1024 2884 insidet?

205 2907 377 2985 Insequetnr
396 2900 539 2986 ἐνάργεια,
556 2925 630 2985 quae
647 2926 663 2967 a
681 2904 824 2967 cicerone
840 2908 1003 2970 illustratio
1018 2916 1047 2967 et
1062 2908 1167 2968 eoi-as

119 2991 227 3055 deado
241 2991 412 3065 nominatur,
435 3008 508 3067 quae
525 3008 583 3049 non
603 3001 660 3051 tam
679 2991 778 3050 dicere
799 2992 913 3051 videtur
928 3009 1012 3069 quam
1029 2999 1124 3050 osten·

120 3075 208 3140 dere:
232 3083 262 3133 et
283 3074 405 3133 allectus
423 3091 479 3132 uon
498 3074 596 3149 aliter,
621 3093 704 3152 quam
719 3076 743 3133 si
757 3073 845 3133 rebus
863 3076 934 3153 ipsis
950 3075 1123 3150 intersimus,

120 3167 291 3237 sequentur.
329 3157 375 3216 An
389 3175 446 3216 non
463 3176 501 3216 ex
515 3157 559 3216 bis
573 3159 731 3218 visionibus
747 3158 797 3218 illa
812 3167 895 3219 sunt:
911 3156 1048 3219 Excussi
1061 3176 1124 3219 ma·

120 3244 211 3304 moos
233 3243 337 3318 radii,
359 3243 559 3318 revolutaque
582 3245 702 3320 pensa?
735 3275 778 3286 —
810 3240 944 3320 Leoiqoc
962 3250 1074 3321 poteras
1095 3243 1169 3304 inito

119 3335 245 3405 pectore
267 3327 399 3387 caloae?
421 3343 511 3402 equus
533 3324 584 3385 ille
604 3328 633 3384 in
653 3327 755 3385 lunera
776 3325 930 3403 Pallantis,
958 3361 995 3373 -
1019 3327 1128 3406 positis

120 3410 315 3488 insignibam?
348 3405 444 3482 Quid?
465 3408 617 3468 nunidem
638 3419 724 3488 poeta
749 3411 862 3485 penitus
882 3410 972 3470 ultimi
987 3409 1038 3470 lati
1058 3427 1126 3470 con·
