2566 4026
220 177 279 238 134
532 186 568 232 m.
586 184 665 231 usn.
682 183 905 243 cerneremur

215 346 347 404 viventes
372 338 526 418 aliqnando
549 337 712 414 laudamus,
740 339 792 399 sed
816 339 893 416 quod
914 357 978 399 rara
1000 340 1074 401 haec
1096 347 1214 403 occasio

216 437 278 504 est,
300 436 331 485 ut
351 424 457 484 relerri
478 423 592 500 possint
613 421 699 480 divini
720 423 848 483 honores
871 432 900 482 et
916 424 1034 485 decreta
1051 435 1080 485 et
1097 426 1215 504 publice

175 521 209 576 18
217 521 329 573 statuae
357 509 540 569 constitutae.
593 505 671 565 lnter
698 525 773 585 quae
799 509 1008 568 numeraverim
1036 511 1215 587 ingeniorum

215 601 416 668 monumenta,
434 608 509 669 quae
527 589 654 650 saeculis
671 590 872 668 probarentur.
905 590 977 652 Nem
993 593 1122 670 quidam,
1141 597 1215 655 sicut

214 677 389 751 Menander,
416 676 537 734 iustiora
564 683 750 752 posterorum
773 693 857 754 quam
883 693 953 736 suae
980 680 1083 737 aetatis
1111 677 1217 739 iudicia

215 772 280 823 sunt
302 761 461 822 consecuti.
507 757 640 818 Aliorunt
665 758 779 819 laudem
805 759 890 820 liberi
918 761 1102 838 parentibus,
1129 761 1217 822 urbes

216 843 431 918 conditoribus,
455 842 539 919 leges
561 841 718 919 latoribus,
746 852 824 904 entes
854 845 1052 905 inventoribus
1080 862 1217 906 necnon

214 932 344 990 instituta
365 944 482 1005 quoque
501 926 684 1002 auctoribus,
711 929 752 986 uti
774 945 790 987 a
811 926 903 987 Numa
923 928 1057 988 traditum
1077 929 1150 988 deos
1168 948 1216 1006 co·

215 1014 296 1090 lere,
312 1032 329 1073 a
345 1010 497 1072 Publicola
511 1010 608 1070 fasces
625 1010 737 1088 populo
756 1013 943 1071 summittere.

173 1106 206 1162 19
267 1139 268 1143 ,
298 1096 354 1170 our
380 1096 470 1154 omnis
496 1095 581 1154 etiam
604 1096 633 1154 in
653 1096 937 1173 vituperatione
966 1097 1039 1158 ordo
1061 1099 1216 1174 constabit,

214 1192 323 1243 tantum
345 1183 374 1239 in
398 1179 552 1238 diversum.
597 1176 669 1238 Nam
691 1189 720 1238 et
748 1178 892 1258 turpitudo
916 1183 1034 1257 generis
1056 1182 1216 1261 opprobrio

214 1265 311 1326 multis
331 1265 401 1340 luit,
428 1271 457 1323 et
478 1262 619 1341 quosdam
637 1261 754 1323 claritas
770 1265 834 1342 ipsa
855 1266 986 1325 notiores
1005 1266 1083 1325 circa
1104 1269 1173 1326 vitia
1189 1276 1218 1326 et

214 1352 324 1409 invisos
339 1349 432 1425 magis
450 1346 537 1422 fecit,
561 1356 591 1406 et
612 1349 641 1406 in
656 1346 843 1425 quibusdam,
865 1356 896 1406 ut
917 1349 945 1408 in
965 1348 1068 1410 Paride
1084 1350 1219 1410 traditum

215 1441 277 1508 est,
305 1433 456 1510 praedicta
479 1431 642 1507 pernicies,
670 1440 699 1490 et
727 1432 860 1511 corporis
887 1450 923 1492 ac
944 1432 1076 1493 fortunae
1102 1433 1218 1512 quibus-

215 1516 279 1576 dam
296 1515 371 1576 mala
388 1523 602 1593 contemptum,
624 1517 700 1574 sicut
720 1513 888 1589 Thersitae,
907 1515 1083 1595 adquisicrc,
1102 1518 1217 1596 quibus·

217 1599 282 1660 dam
302 1598 381 1659 bona
401 1599 478 1656 vitiis
495 1607 631 1676 corrupta
648 1598 744 1658 odium
761 1600 934 1676 attulerunt,
957 1609 988 1660 ut
1007 1600 1096 1661 Nirea
1117 1602 1217 1661 imbel-

172 1683 289 1757 2olem,
314 1681 481 1743 Plisthenen
502 1683 676 1760 impudicum
697 1700 713 1742 a
733 1685 830 1761 poetis
852 1685 1028 1761 accepimus.
1078 1683 1116 1744 Et
1136 1687 1218 1745 animi

214 1766 335 1826 totidem
354 1766 438 1841 vitia,
467 1774 537 1843 quot
559 1767 680 1825 virtutes
703 1777 785 1843 sunt,
813 1786 869 1827 neo
891 1770 982 1827 minus
1006 1786 1090 1846 quam
1113 1771 1141 1827 in
1158 1769 1204 1828 lau

216 1851 299 1911 dibus
320 1849 429 1928 duplici
450 1850 563 1909 ratione
586 1859 753 1910 tractantur.
798 1849 836 1910 Et
862 1861 930 1929 post
955 1862 1076 1912 mortem
1104 1852 1216 1912 adiecta

216 1933 386 2013 quibusdem
402 1934 556 2011 ignominia
573 1943 633 2009 est,
656 1943 687 1994 ut
711 1933 834 2010 Maelio,
858 1937 938 1995 ouius
964 1935 1064 1996 domus
1082 1935 1147 1995 solo
1170 1953 1217 1994 ae·

217 2026 318 2097 quate,
342 2016 502 2096 Marcoque
517 2016 641 2091 Manlio,
665 2020 745 2077 euius
761 2036 938 2096 praenomen
954 2037 970 2079 a
991 2019 1098 2080 familia
1120 2022 1148 2078 in
1166 2035 1217 2097 po·

172 2111 207 2164 Ἃ
215 2110 323 2160 storum
339 2111 505 2180 exemptum
521 2111 575 2161 est.
611 2100 649 2161 Et
664 2112 800 2179 parentes
816 2104 957 2163 melorum
975 2103 1095 2163 odimus.
1123 2102 1160 2162 Et
1173 2111 1218 2162 est

216 2184 414 2246 conditoribus
436 2185 547 2245 urbium
569 2185 690 2262 infame,
722 2188 903 2247 contraxisse
925 2187 1050 2265 aliquem
1072 2187 1217 2265 pernicio·

216 2288 278 2329 sam
295 2271 401 2329 ceteris
419 2279 548 2347 gentem,
565 2269 658 2348 qualis
675 2278 720 2329 est
734 2273 842 2348 primus
854 2269 989 2331 Iudaicae
1003 2271 1218 2349 superstitionis

180 2399 183 2406 .
216 2361 334 2421 sueton
361 2362 390 2413 et
408 2351 604 2414 Gracchorum
620 2353 704 2430 leges
720 2354 845 2422 invisae;
873 2364 901 2414 et
921 2357 945 2414 si
964 2355 1041 2433 quod
1058 2365 1104 2415 est
1121 2371 1217 2414 exem·

216 2437 296 2516 plum
309 2437 438 2497 deforme
457 2439 584 2515 posteris
599 2438 745 2514 traditum,
763 2439 849 2516 quale
866 2438 1037 2499 libidinosus
1053 2442 1098 2498 vir
1112 2439 1217 2498 Perses

172 2523 245 2584 ltin
266 2521 387 2581 muliere
404 2522 499 2581 Samia
515 2523 666 2581 instituere
689 2540 775 2582 ausus
791 2521 896 2582 dieitur
911 2525 1030 2600 primus.
1063 2523 1122 2581 Sed
1137 2523 1216 2578 invi·

215 2605 348 2665 ventibus
369 2621 486 2684 quoque
508 2603 613 2664 iudicia
637 2605 780 2665 hominum
797 2604 877 2665 velut
894 2614 1062 2683 argumenta
1078 2612 1143 2662 sunt
1157 2619 1215 2660 mo·

215 2706 292 2765 rum,
319 2698 347 2748 et
367 2688 461 2749 honos
480 2697 529 2749 aut
552 2690 707 2766 ignominia
728 2706 827 2749 veram
851 2706 918 2747 esse
940 2687 1054 2747 leudem
1074 2685 1122 2743 vel
1142 2687 1215 2742 vitu·

115 2780 118 2788 '
216 2773 397 2851 perationem
419 2772 533 2850 probat.

174 2863 210 2918 23
299 2856 447 2916 luteresse
463 2865 557 2916 tamen
573 2855 750 2917 Aristoteles
764 2863 860 2934 putet,
875 2854 925 2914 ubi
943 2852 1067 2931 quidque
1084 2851 1216 2910 laudetur

218 2950 266 3001 aut
283 2941 473 3019 vituperetur.
518 2938 592 2999 Nam
606 2941 758 3018 plurimum
773 2939 880 3013 refert,
903 2939 951 3015 qui
972 2937 1028 2995 sint
1044 2934 1216 2995 audientium

217 3041 329 3100 mores,
346 3042 420 3103 quae
433 3023 551 3102 publice
567 3033 687 3102 recepta
704 3023 874 3101 persuasio,
891 3029 922 3081 ut
936 3020 986 3080 ille
1003 3020 1125 3079 manime
1142 3036 1216 3096 quac

217 3107 341 3185 probant
357 3125 424 3167 esse
439 3109 468 3168 in
484 3124 539 3184 eo,
559 3109 606 3186 qui
622 3106 799 3180 laudabitur,
817 3105 951 3180 credant,
967 3114 1015 3164 aut
1031 3105 1060 3162 in
1077 3120 1130 3177 eo,
1149 3119 1215 3161 con·

218 3199 262 3249 tra
285 3209 371 3269 quem
392 3192 538 3267 dicemus,
563 3209 598 3251 ea
620 3208 694 3270 quae
717 3189 849 3250 oderunt.
895 3189 937 3249 lta
958 3205 1017 3248 non
1033 3186 1148 3247 dubium
1164 3187 1218 3246 erit

176 3273 369 3349 hliudicium,
386 3275 464 3352 quod
480 3277 641 3336 orationem
654 3273 861 3352 praecesserit.
900 3271 1033 3350 Ipsorum
1050 3272 1134 3331 etiam
1151 3288 1216 3348 per-

220 3357 368 3417 miscenda
395 3358 458 3419 leus
487 3376 621 3437 semper,
647 3375 711 3418 nem
736 3357 764 3417 id
790 3355 943 3417 benivolos
972 3357 1056 3424 lecit;
1084 3356 1217 3434 quotiens

220 3449 315 3500 autem
331 3441 393 3500 lieri
408 3443 533 3520 poterit,
560 3459 625 3502 cum
644 3443 783 3500 materiae
801 3440 923 3502 utilitate
939 3440 1092 3520 iungenda.
1125 3437 1217 3498 Minus
