2566 4026
361 162 451 211 ruso.
468 161 617 211 carros.
634 162 703 209 nra.
719 162 771 229 111,
789 158 816 212 s.
1035 148 1097 213 139

44 334 48 343 ·
88 319 160 380 nihil
186 319 302 387 iacere;
332 317 368 376 de
390 317 525 377 iaciendo
547 326 642 377 autern
665 316 853 378 deliberatur.
888 317 1000 391 Quodsi
1023 317 1140 382 banobb

88 411 198 464 vocant
219 403 434 477 necessitatem,
459 403 488 461 in
509 420 592 480 quam
609 401 739 461 homines
757 403 924 479 graviorum
945 411 1023 462 metu
1047 420 1096 465 co·

88 496 207 566 guntur,
222 486 352 546 utilitatis
377 487 432 545 erit
455 487 602 564 quaestio;
633 494 664 545 ut
684 486 708 544 si
731 485 846 545 obsessi
869 494 898 545 et
920 487 1046 564 impares
1069 496 1098 548 et

90 589 167 652 aqua
193 570 319 648 ciboque
345 570 453 630 deiecti
473 568 509 629 de
532 569 665 630 iacienda
687 568 723 629 ad
745 569 860 629 hostem
877 569 1024 631 deditione
1047 571 1096 632 de·

90 656 218 717 liberent
247 664 276 714 et
297 655 426 729 dicatur,
445 673 571 716 necesse
592 662 651 722 est3
680 671 784 731 nempe
808 655 955 731 sequitur,
983 663 1014 713 ut
1040 654 1098 716 hoo

90 739 269 815 subiciatur,
288 739 404 816 alioqui
415 740 608 816 pereundum
623 746 682 799 est:
702 739 740 798 ita
753 747 875 816 propter
890 737 918 797 id
932 739 1025 815 ipsum
1040 755 1097 799 non

91 833 138 884 est
160 841 302 898 necesse,
326 824 392 901 quia
420 824 517 900 perire
539 823 636 900 potius
660 821 740 882 licet.
780 820 915 901 Denique
938 837 995 881 non
1016 822 1097 883 lece·

90 916 157 967 runt
180 908 330 983 Saguntini
360 908 467 966 necin
493 915 556 966 rate
580 903 750 984 Opitergina
773 907 971 967 circumventi.
1006 903 1140 983 Igitutbl

91 994 120 1053 in
143 992 187 1051 lris
212 1007 328 1069 quoque
350 991 445 1050 causis
474 998 522 1050 aut
545 990 581 1049 de
610 990 674 1050 sola
700 990 823 1051 utilitate
846 988 1024 1068 ambigetur,
1049 999 1098 1050 aut

94 1077 227 1154 quaestio
250 1076 325 1134 inter
339 1074 410 1134 utile
432 1082 521 1153 atque
543 1074 695 1133 honestum
723 1075 874 1135 consistet.
913 1073 953 1133 At
976 1075 1098 1134 enimsi

93 1161 156 1238 quis
171 1159 282 1218 liberos
298 1176 458 1236 procreare
476 1157 568 1234 volet,
591 1175 717 1218 neeesse
734 1156 821 1218 lrabet
840 1159 948 1218 ducere
964 1174 1095 1219 uxorem.

93 1243 164 1317 Quis
186 1239 320 1302 dubitati
343 1242 395 1303 sed
413 1245 450 1318 ei,
480 1244 528 1320 qui
550 1251 634 1320 pater
656 1240 819 1317 cultiori,
842 1241 952 1320 liqueat
971 1259 1097 1301 necesse

92 1336 148 1402 est,
175 1314 296 1386 oxolem
313 1345 381 1386 esse
403 1326 573 1386 ducendam.
608 1325 710 1405 ltaque
726 1326 793 1385 milri
811 1344 848 1385 ne
867 1325 1019 1386 consilium
1036 1327 1140 1404 qui-25

93 1411 158 1471 dem
179 1410 303 1486 videtur,
325 1410 374 1470 ubi
391 1413 552 1470 necessitas
575 1419 636 1486 est,
659 1427 717 1468 non
738 1411 830 1488 magis
853 1427 937 1488 quam
957 1409 1006 1470 ubi
1029 1427 1097 1470 oon·

93 1503 161 1570 stat,
186 1495 252 1573 quid
274 1495 337 1555 lieri
359 1512 417 1554 non
439 1496 541 1572 possit.
584 1492 680 1553 Omnis
703 1495 778 1554 enim
800 1492 973 1555 deliberatio
991 1494 1028 1554 de
1047 1493 1097 1553 du·

91 1577 147 1638 biis
167 1587 221 1638 est.
250 1577 354 1638 lllelius
373 1579 475 1655 igitur,
495 1580 543 1656 qui
556 1581 668 1638 tertiam
683 1587 794 1656 partem
812 1578 945 1637 dixerunt
957 1568 1096 1653 δυνατὸν,

94 1662 171 1741 quod
194 1664 286 1721 nostri
307 1665 454 1741 possibile
473 1664 633 1738 nominant,
659 1680 733 1741 quae
752 1671 782 1721 ut
804 1662 875 1722 dura
893 1661 1026 1722 videatur
1048 1678 1097 1739 ap·

93 1747 226 1824 pellatia,
245 1755 339 1806 tamen
358 1747 423 1807 sola
440 1755 494 1805 est.
531 1745 609 1819 Quas
627 1755 726 1824 partes
745 1762 803 1804 non
820 1763 920 1805 omnes
940 1747 969 1805 in
986 1755 1139 1809 omnemne*

93 1830 199 1890 cadere
220 1832 380 1890 suasoriam
405 1831 584 1890 manifestius
607 1838 668 1905 est,
701 1847 786 1909 quam
814 1839 844 1888 ut
865 1829 1026 1890 docendum
1049 1830 1095 1887 sit.

93 1913 199 1973 Tamen
222 1914 298 1992 apud
320 1914 479 1994 plerosque
510 1932 607 1974 earum
627 1931 762 1973 numerus
785 1923 924 1990 augetur,
951 1931 968 1973 a
994 1911 1097 1990 quibus

92 2006 237 2075 ponuntur
256 2006 286 2056 et
307 2007 422 2076 partes,
455 2016 529 2076 quae
551 1999 668 2077 species
691 2006 757 2056 sunt
777 1999 909 2075 partium.
942 1995 1015 2055 Nam
1039 1995 1095 2070 ias,

91 2084 207 2157 iustum,
231 2082 324 2159 pium,
352 2101 491 2162 aequum,
514 2091 692 2142 mansuetum
715 2098 831 2160 quoque
855 2081 915 2163 (sic
934 2082 1009 2140 enim
1032 2088 1097 2139 sunt

91 2167 274 2243 interpretati
296 2159 329 2226 τὸ
342 2160 470 2246 ἥμερον)
494 2176 522 2225 et
545 2168 569 2225 si
590 2183 647 2244 qua
667 2165 760 2225 adbuc
782 2165 911 2225 adiicere
934 2166 998 2244 quis
1022 2165 1097 2224 eius·

92 2250 159 2309 dem
181 2250 300 2326 generis
322 2251 404 2326 velit,
429 2249 532 2310 subiici
554 2258 676 2328 possunt
694 2249 848 2309 honestati.
882 2248 929 2308 An
947 2251 984 2309 sit
1001 2256 1139 2312 autembi

92 2332 197 2409 facile,
220 2351 371 2410 magnum,
389 2334 558 2408 iucundum,
585 2334 647 2391 sine
669 2332 819 2410 periculo,
838 2331 875 2392 ad
897 2333 1098 2411 quaestionem

92 2418 219 2495 pertinet
234 2417 374 2477 utilitatis.
405 2417 460 2491 Qui
479 2417 537 2477 loci
561 2417 690 2476 oriuntur
706 2434 744 2475 ex
762 2414 1007 2476 contradictione:
1034 2416 1097 2475 Eat
1187 2464 1191 2473 .

92 2502 216 2579 quidem
230 2503 303 2563 utile
317 2504 375 2563 aad
391 2502 532 2582 difficile,
550 2518 695 2580 porcum,
710 2499 928 2573 iniucundum,
942 2500 1097 2578 periculo·

91 2604 169 2646 sum.
211 2584 320 2645 Tamen
343 2585 513 2665 quibusdam
542 2585 746 2645 videturesse
774 2599 976 2661 nonnunquam
999 2581 1036 2642 de
1057 2583 1141 2644 iu·28

96 2668 242 2729 canditate
265 2669 330 2730 sola
353 2669 538 2744 consultatio,
557 2677 587 2728 ut
605 2669 629 2726 si
653 2667 690 2728 de
710 2665 890 2727 aedificando
905 2666 1036 2741 theatro,
1054 2667 1095 2725 in·

93 2752 246 2813 stituendis
275 2753 350 2814 ludis
381 2753 571 2815 deliberetur.
615 2752 674 2812 Sed
702 2753 844 2812 neminem
873 2752 948 2812 adeo
972 2749 1097 2809 solutum

94 2834 163 2897 luxu
185 2845 266 2914 puto,
289 2847 319 2896 ut
340 2838 410 2898 nihil
433 2839 461 2897 in
482 2854 569 2897 causa
587 2835 727 2896 suadendi
744 2844 884 2914 sequatur
905 2843 1025 2914 praeter
1045 2848 1096 2892 vo·

96 2920 243 2998 luptatem.
284 2920 445 2981 Praecedat
468 2922 542 2980 enim
564 2938 681 2999 semper
702 2919 810 2998 aliquid
831 2937 956 2979 necesse
978 2926 1042 2993 est,
1066 2926 1140 2982 utili

93 3004 219 3064 inludis
240 3004 333 3064 bonor
356 3004 492 3080 deorum,
515 3007 544 3063 in
566 3004 680 3064 theatro
703 3021 760 3063 non
775 3003 883 3063 inutilis
900 3001 1033 3063 laborum
1049 3019 1096 3061 re·

93 3087 204 3162 missio,
232 3088 370 3148 deformis
391 3098 420 3148 et
440 3089 621 3173 incommoda
639 3085 758 3162 turbae,
778 3089 802 3146 si
823 3087 852 3146 id
874 3085 1006 3160 nonsit,
1028 3101 1096 3146 con-

93 3171 229 3247 llictatio,
262 3182 291 3233 et
313 3172 495 3232 nibilominus
520 3172 622 3231 eadem
644 3170 695 3231 illa
717 3171 840 3248 religio,
871 3188 935 3230 cum
954 3169 1098 3229 theatrum

93 3255 186 3314 veluti
199 3257 344 3335 quoddam
361 3256 439 3316 illius
459 3257 535 3316 sacri
552 3255 690 3334 templum
706 3254 885 3315 vocabimus.
915 3255 1012 3333 Saepe
1025 3261 1139 3315 verodo

95 3351 126 3397 et
138 3339 292 3400 utilitatem
303 3339 521 3419 despiciendam
539 3358 606 3399 esse
620 3340 750 3414 dicimus,
769 3347 800 3398 ut
811 3337 934 3399 honesta
946 3338 1096 3412 iaciamus,

94 3430 126 3481 ut
145 3423 283 3483 cumillis
304 3421 490 3504 Opiterpinia
511 3424 621 3485 damus
642 3424 814 3498 condilum,
842 3441 881 3483 nc
905 3442 939 3484 ee
961 3422 1098 3484 hostibus
