2566 4026
355 140 444 189 mss.
464 139 612 188 onaaoa.
626 141 694 188 nan.
707 141 757 206 111,
775 138 800 193 9.
1026 130 1084 192 145

81 299 132 360 sed
148 295 240 357 modo
256 302 380 355 constat.
412 291 484 354 Nam
499 303 530 354 ut
544 294 572 352 in
590 294 719 353 consiliis
737 294 908 373 plerumque
925 296 1085 376 simplicior

81 381 217 463 quaestio
234 389 298 455 est,
320 380 359 438 ita
382 394 472 454 saepe
496 378 525 437 in
546 378 641 437 causis
661 378 763 437 minor.
801 376 882 450 Quae
901 382 995 442 omnia
1014 400 1084 443 vera

82 484 150 526 esse
164 465 261 538 sciet,
285 463 310 521 si
331 463 395 541 quis
416 477 473 520 non
494 461 641 521 orationes
659 460 745 520 modo
767 460 819 520 sed
834 460 970 524 historias
987 467 1083 543 stiam,

80 565 207 627 namque
232 549 262 605 in
285 546 330 607 his
354 545 505 604 contiones
529 553 616 622 atque
638 545 799 605 sententiae
825 544 996 625 plerumque
1019 568 1084 611 sua·

80 632 166 694 deudi
183 648 220 690 ac
236 627 421 690 dissuadendi
436 628 591 705 funguntur
606 627 715 704 cilicio,
734 628 834 706 legere
852 628 985 690 maluerit
1000 650 1083 711 quam

80 718 108 775 in
126 712 344 775 commentariis
361 711 509 772 rhetorum
524 728 749 772 consenescere.
788 712 917 773 Inveniet
939 716 1013 775 enim
1028 718 1128 776 necue

80 802 109 859 in
135 797 269 858 consiliis
285 795 408 874 abrupta
429 796 509 856 initia
531 803 559 854 et
577 796 748 856 concitatius
765 813 855 874 saepe
871 797 898 854 in
914 797 1027 858 iudiciis
1044 799 1084 859 di-

82 892 160 944 ctum
187 889 217 942 et
236 879 327 941 rerba
351 888 419 958 apta
441 878 528 939 rebus
551 879 579 938 in
600 886 724 957 utroque
747 898 857 956 genere
882 889 911 939 et
932 880 1084 943 breviores

82 964 242 1045 aliquando
264 981 416 1025 oausamm
438 963 586 1023 orationes
609 980 693 1040 quam
715 965 930 1023 sententiarum.
967 963 1012 1026 Ne
1033 966 1127 1027 illusa

81 1049 202 1129 quidem
217 1050 245 1109 in
261 1047 304 1106 his
315 1046 385 1106 vitia
401 1045 609 1125 deprehendet,
626 1046 728 1124 quihus
747 1048 861 1125 quidam
873 1048 1085 1110 declamatores

58 1183 63 1193 .
82 1133 237 1208 laborant,
257 1131 335 1210 quod
353 1139 382 1190 et
397 1139 498 1190 contra
516 1129 704 1189 sentientibus
721 1130 872 1191 inhumane
888 1133 1085 1192 conviciantur

83 1219 170 1279 etita
188 1216 361 1296 plerumque
379 1213 490 1289 dicunt,
512 1222 647 1292 tanquam
665 1212 700 1273 ah
722 1214 766 1273 his
789 1216 838 1293 qui
855 1214 1017 1275 deliberant
1032 1217 1084 1275 uti·

83 1319 142 1383 que
159 1299 345 1373 dissentiant,
369 1297 495 1377 ideoque
513 1296 731 1374 obiurgantibus
749 1297 903 1358 similiores
919 1308 985 1359 sunt
1002 1317 1085 1378 quam

84 1382 284 1446 suadentibus.
315 1381 396 1442 llaec
414 1381 618 1442 adolescentes
636 1380 691 1440 sihi
707 1383 816 1460 scripta
831 1383 933 1458 sciant,
950 1401 986 1443 ne
1002 1383 1128 1443 aliterlo

86 1486 173 1548 qnam
194 1467 298 1529 dicturi
315 1474 381 1526 sunt
397 1467 530 1525 exerceri
547 1465 638 1524 velint
653 1473 682 1524 et
703 1465 732 1524 in
749 1464 958 1526 desuescendis
973 1483 1085 1527 moren-

84 1562 140 1612 tur.
171 1549 323 1626 (laterum,
341 1567 405 1609 cum
420 1548 556 1609 advocari
572 1548 724 1626 coeperint
738 1550 767 1608 in
783 1551 904 1610 consilia
920 1553 1086 1627 amicorum,

85 1636 188 1696 dicere
206 1635 377 1694 sententiam
394 1634 422 1692 in
438 1641 556 1707 senatu,
575 1631 715 1708 suadere,
737 1633 845 1711 siquid
862 1634 995 1695 consulet
1011 1636 1086 1713 prin·

86 1737 177 1799 ceps:
195 1717 273 1798 qnod
286 1718 452 1797 praeceptis
465 1716 592 1776 fortasse
607 1732 664 1775 non
680 1716 811 1792 credunt,
827 1735 880 1777 usu
896 1717 1086 1779 docebuntur.
1188 1738 1195 1750 ·

262 1870 305 1920 DE
323 1869 482 1920 PARTIBUS
503 1867 681 1920 chasanum
699 1868 910 1921 IUDIGIALIUM.

173 1963 223 2025 lx.
258 1965 341 2025 Nunc
357 1964 393 2024 de
409 1964 536 2025 iudiciali
552 1980 672 2042 genere,
690 1963 767 2042 quod
784 1972 828 2024 est
843 1965 1001 2043 praecipue
1016 1965 1087 2026 mul·

88 2047 183 2128 tiplex
206 2049 259 2110 sed
277 2049 383 2109 ciliciis
402 2056 515 2109 constat
533 2047 644 2108 duobus
661 2048 825 2107 intentionis
847 2065 881 2108 ac
897 2048 1087 2127 depulsionis.

90 2130 178 2192 caius
194 2142 337 2210 partes,
354 2140 384 2191 nt
399 2132 529 2210 plurimis
545 2131 712 2191 auctoribus
728 2131 846 2210 placuit,
864 2133 990 2212 quinque
1006 2143 1087 2194 sunt:

89 2218 334 2294 prooemium,
356 2216 544 2290 narratio,
569 2213 761 2293 probatio,
783 2215 981 2292 refutatio,
1004 2235 1088 2295 per-

89 2300 222 2360 oratio.
253 2298 303 2359 llis
320 2299 489 2360 adiecerunt
506 2297 621 2378 quidam
636 2300 829 2376 partitionem,
846 2301 1087 2377 propositionem,

90 2401 260 2452 excessum:
278 2401 397 2463 quarum
412 2383 527 2460 priores
544 2381 618 2442 duae
635 2381 800 2460 probationi
817 2382 986 2441 succedunt.
1018 2381 1116 2442 Nama
1225 2369 1228 2373 ’

90 2483 258 2546 proponere
281 2467 413 2546 quidem,
437 2484 511 2544 quae
533 2467 573 2524 sis
595 2465 786 2544 probaturus,
809 2482 934 2524 necesse
953 2473 1014 2540 est,
1037 2465 1089 2525 sed

91 2560 120 2611 et
136 2551 331 2619 concludere;
351 2567 402 2610 cur
417 2550 504 2626 igitur
519 2550 543 2607 si
556 2548 606 2609 illa
622 2567 690 2627 pars
707 2565 813 2609 causae
829 2555 885 2623 est,
901 2563 959 2607 non
972 2556 1001 2606 et
1015 2547 1089 2608 haec

90 2631 147 2693 sitl
183 2635 301 2694 Partitio
323 2651 394 2693 vero
419 2633 618 2711 dispositionis
640 2641 685 2691 est
702 2633 835 2711 species,
857 2631 920 2709 ipsa
937 2632 1089 2710 dispositio

90 2735 158 2797 pars
175 2717 338 2778 rhetorices
357 2726 386 2776 et
407 2734 461 2795 per
477 2733 577 2776 omnes
593 2717 728 2777 materias
744 2725 894 2793 totumque
910 2733 1008 2776 earum
1026 2733 1088 2775 eor-

90 2819 144 2880 pus
161 2801 323 2880 aequaliter
340 2801 421 2876 insa,
445 2802 520 2861 sicut
535 2801 677 2876 inventio,
701 2800 838 2861 elocutio.
874 2799 1004 2879 ldeoque
1027 2805 1114 2860 eam3

90 2901 148 2944 non
172 2885 312 2944 orationis
334 2884 421 2944 totius
445 2892 557 2962 partem
578 2902 663 2945 unam
684 2901 751 2944 esse
774 2884 949 2945 credendum
971 2893 1016 2944 est
1037 2883 1091 2944 sed

90 2969 293 3047 quaestionum
309 2970 394 3028 etiam
411 2967 598 3045 singularum.
639 2967 720 3041 Quae
736 2978 781 3028 est
797 2970 872 3028 enim
889 2970 1039 3047 quaestio,
1062 2970 1091 3027 irr

91 3069 148 3132 qua
163 3068 221 3111 non
236 3053 406 3130 promittere
423 3052 517 3129 possit
533 3060 641 3127 orator,
659 3052 726 3130 quid
741 3053 844 3130 primo,
865 3053 932 3130 quid
949 3052 1089 3128 secundo,

91 3135 159 3215 qnid
180 3137 267 3196 tertio
282 3137 319 3195 sit
341 3135 408 3195 loco
425 3133 567 3204 dicturus;
591 3135 667 3216 quod
689 3144 735 3194 est
750 3137 898 3214 proprium
918 3137 1089 3213 partitionis.

91 3218 184 3293 Quam
200 3235 273 3296 ergo
289 3219 440 3280 ridiculum
456 3226 515 3293 est,
535 3221 733 3296 quaestionem
749 3218 862 3298 quidem
878 3220 1008 3297 speciem
1023 3237 1091 3279 esse

90 3301 285 3381 probatiorris;
303 3303 486 3381 partitionem
502 3310 607 3379 autem,
624 3320 699 3382 quae
714 3304 751 3361 sit
767 3303 884 3380 species
901 3303 1089 3379 quaestionis,

90 3394 203 3465 purtem
219 3388 307 3446 totius
323 3385 461 3446 orationis
477 3384 596 3446 vocari?
618 3386 760 3464 Egressio
775 3402 846 3445 vero
862 3385 921 3460 vel,
939 3387 1016 3465 quod
1033 3386 1114 3445 usi-4

133 3489 164 3529 rs.
184 3489 208 3528 s.
232 3489 346 3539 oummu.
765 3528 769 3536 ,
889 3467 926 3526 10
