2566 4026
205 185 226 246 2
524 195 888 255 nn.unu.ou1uu11.1nu1

204 351 308 431 Neque
325 352 429 411 infitias
447 368 500 426 eo,
525 351 665 428 quaedam
683 368 767 424 esse,
790 365 865 426 quae
881 348 1073 409 demonstrari
1089 351 1214 428 possint,

206 454 299 514 eaque
315 453 372 495 non
388 436 524 494 omittam.

289 518 311 578 l.
349 521 392 579 Sit
413 518 517 595 igitur,
537 526 672 596 utsupra
688 517 859 594 significavi,
883 517 1021 577 divisio
1038 535 1135 576 rerum
1150 509 1214 596 plu·

205 606 277 665 rium
293 604 321 662 in
344 601 489 680 singulas,
514 603 672 680 partitio
695 602 872 678 singularum
893 603 921 660 in
941 610 1041 679 partes
1063 602 1214 678 discretio,

206 688 298 748 ordo
325 695 408 747 recta
431 686 572 764 quaedam
601 685 758 745 collocatio
781 684 926 765 prioribus
954 687 1106 762 sequentia
1128 703 1214 745 aune-

207 782 305 847 cteus,
330 771 537 849 dispositio
560 769 637 829 utilis
659 786 755 828 rerum
778 788 812 830 ac
834 771 956 848 partium
971 770 1000 828 in
1016 768 1100 829 locos
1119 769 1214 829 distri·

174 856 294 920 bbutio.
334 854 395 916 Sed
416 855 643 928 meminerimus,
676 854 768 932 ipsam
795 854 1016 932 dispositionem
1041 853 1214 931 plerumque

206 939 329 1000 utilitate
344 941 463 1014 mutari,
484 956 539 998 nec
556 938 676 997 eandem
691 955 808 1016 semper
823 940 943 1019 primam
960 938 1160 1015 quaestionem
1178 957 1215 996 ex

206 1032 329 1102 utraque
349 1031 433 1101 parte
454 1023 640 1083 tractandam.
689 1019 776 1082 Cuius
802 1024 862 1098 rei,
891 1031 922 1080 ut
955 1030 1055 1080 cetera
1078 1022 1215 1101 exempla

205 1117 404 1188 praeteream,
426 1105 640 1167 Demosthenes
665 1123 782 1184 quoque
804 1115 890 1184 atque
912 1105 1075 1165 Aeschines
1092 1114 1216 1184 possunt

206 1209 274 1251 esse
295 1192 485 1267 documento,
510 1192 539 1249 in
554 1189 661 1249 iudicio
682 1187 881 1268 Ctesiphontis
897 1188 1042 1248 diversum
1058 1192 1152 1248 secuti
1168 1208 1215 1248 or·

206 1277 312 1351 dinem,
330 1293 393 1335 cum
409 1284 565 1335 accusator
580 1291 597 1333 a
611 1275 690 1350 iure,
708 1291 766 1353 quo
784 1272 937 1334 videbatur
956 1275 1121 1350 potentior,
1145 1292 1214 1333 coe·

205 1361 297 1438 perit,
317 1369 457 1438 patronus
480 1360 573 1419 omnia
594 1375 689 1437 paene
705 1367 770 1418 ante
786 1359 830 1418 ius
846 1359 994 1436 posuerit,
1018 1355 1121 1436 quibus
1143 1358 1214 1417 iudi-

176 1455 272 1508 3cem
293 1444 457 1521 quaestioni
477 1444 576 1519 legum
591 1451 791 1521 praepararet.
828 1442 916 1504 Aliud
938 1442 1012 1500 euim
1035 1441 1082 1500 alii
1103 1441 1214 1501 docere

205 1529 284 1606 prius
312 1527 447 1605 expedit,
477 1527 587 1604 alioqui
607 1544 726 1604 semper
751 1527 885 1605 petitoris
907 1524 1025 1585 arbitrio
1049 1524 1213 1594 diceretur;

205 1610 330 1688 denique
356 1612 385 1669 iu
413 1612 600 1670 accusatione
626 1619 738 1687 mutua,
763 1629 826 1670 cum
853 1628 885 1669 se
913 1618 1036 1687 uterque
1063 1609 1213 1685 defendat,

204 1695 372 1772 priusquam
394 1694 590 1754 adversarium
613 1705 731 1771 arguat,
754 1696 878 1754 omnium
900 1711 996 1752 rerum
1018 1711 1144 1753 necesse
1169 1703 1215 1753 est

206 1778 337 1837 ordinem
353 1796 421 1836 esse
442 1778 597 1837 diversum.
633 1776 734 1854 lgitur,
752 1779 820 1857 quid
838 1780 902 1856 ipse
917 1779 970 1836 sim
986 1785 1116 1853 secutus,
1135 1779 1213 1856 quod

204 1864 308 1939 partim
335 1863 502 1940 praeceptis
529 1863 632 1940 partim
662 1870 829 1941 usurpatum
858 1863 970 1922 ratione
1002 1878 1212 1938 cognoveram,

205 1961 334 2023 promam
349 1963 405 2005 uec
420 1964 544 2024 uuquam
558 1945 745 2006 dissimulavi.

176 2037 195 2091 4
291 2028 362 2089 Erat
376 2028 443 2088 mihi
460 2047 546 2089 curae
561 2032 590 2088 in
606 2031 814 2090 controversiis
827 2027 992 2089 forensibus
1005 2046 1094 2088 nosse
1107 2031 1213 2104 omnia,

207 2130 281 2190 quae
305 2114 333 2172 in
360 2130 448 2173 causa
479 2122 676 2173 versarentur.
719 2114 792 2174 Nam
814 2116 843 2173 in
867 2112 969 2174 schola
991 2122 1071 2172 certa
1095 2123 1161 2173 sunt
1185 2123 1215 2173 et

206 2214 300 2273 pauca
316 2206 345 2256 et
356 2206 422 2257 aute
434 2196 675 2258 declamationem
688 2208 881 2278 exponuntur,
895 2215 968 2276 quae
980 2195 1097 2274 θέματα
1109 2196 1215 2257 Graeci

205 2289 321 2357 vocant,
337 2278 441 2341 Cicero
454 2285 625 2361 proposita.
664 2279 735 2343 Cum
756 2283 830 2343 haec
848 2285 877 2341 in
895 2290 1056 2358 conspectu
1074 2282 1213 2360 quodam·

205 2365 292 2424 modo
309 2365 541 2443 collocaveram,
566 2383 624 2425 non
639 2368 731 2427 minus
746 2384 800 2446 pro
817 2368 939 2426 adversa
957 2373 1040 2443 parte
1059 2384 1144 2443 quam
1159 2382 1213 2443 pro

177 2460 269 2510 5mea
292 2448 465 2526 cogitabam.
507 2450 545 2510 Et
572 2451 693 2528 primum
721 2451 823 2530 (quod
845 2467 903 2509 non
923 2449 1042 2509 difficile
1065 2450 1143 2508 dictu
1169 2459 1214 2508 est

206 2532 258 2591 sed
279 2540 374 2592 tamen
389 2542 455 2593 ante
472 2535 566 2594 omnia
583 2535 770 2615 intuendum)
798 2532 1023 2607 constituebam,
1046 2534 1115 2611 quid
1137 2542 1213 2592 utra·

206 2634 263 2694 que
276 2627 342 2694 pars
356 2617 448 2677 vellet
466 2617 603 2693 efficere,
627 2628 686 2678 tum
706 2637 761 2696 per
785 2619 869 2697 quid,
891 2619 949 2678 hoc
964 2618 1060 2677 modo.
1095 2614 1213 2693 Cogita-

205 2698 282 2775 bam,
296 2701 366 2778 'quid
377 2702 498 2779 primum
513 2703 623 2780 petitor
638 2702 760 2762 diceret.
793 2702 826 2762 ld
837 2711 886 2762 aut
902 2702 1069 2762 confessum
1086 2710 1149 2760 erat
1165 2711 1214 2761 aut

178 2792 436 2846 6controversum.
474 2787 504 2845 Si
521 2786 702 2845 confessum:
724 2803 782 2845 non
796 2796 913 2864 poterat
928 2786 967 2846 ibi
983 2804 1051 2846 esse
1067 2786 1212 2864 quaestio.

206 2866 374 2927 Transibam
390 2885 461 2946 ergo
479 2869 514 2929 ad
532 2887 704 2949 responsum
720 2873 809 2950 partis
825 2871 956 2947 alterius,
972 2870 1048 2929 idem
1063 2868 1212 2936 intuebar,

205 2968 406 3030 nonnunquam
422 2954 525 3030 etiam,
550 2955 629 3033 quod
644 2955 711 3014 inde
732 2953 932 3029 obtinebatur,
956 2954 1122 3013 confessum
1139 2962 1211 3012 erat.

205 3035 262 3094 Ubi
277 3038 398 3114 primum
413 3047 555 3115 coeperat
570 3055 628 3097 uon
644 3041 817 3099 convenire:
841 3040 973 3117 quaestio
991 3037 1149 3097 oriebatur.
1181 3035 1213 3096 ld

205 3119 264 3179 tale
285 3130 346 3180 est:
374 3118 524 3182 Occidisti
542 3123 709 3195 bominem
740 3122 860 3185 Occidi.
903 3120 1059 3190 Convenit;
1081 3130 1211 3181 transeo.

176 3201 356 3266 illationem
371 3205 495 3265 reddere
514 3205 602 3266 debet
619 3225 703 3282 reus,
726 3225 815 3285 quare
836 3207 986 3267 occiderit.
1017 3203 1211 3281 Adulterum,

205 3287 312 3364 inquit,
338 3308 406 3348 cum
428 3291 573 3352 adultera
594 3292 738 3352 occidere
759 3291 839 3354 licet.
877 3290 986 3368 Legem
1008 3308 1075 3350 esse
1100 3298 1211 3349 certum

207 3377 262 3428 est.
303 3370 430 3432 Tertium
452 3375 508 3433 iam
528 3374 635 3452 aliquid
654 3375 807 3434 videndum
824 3384 884 3450 est,
908 3377 936 3435 in
952 3392 1009 3453 quo
1025 3391 1123 3454 pugna
1141 3389 1208 3434 con·

206 3453 298 3512 sistat.
334 3453 403 3517 Noc
415 3456 542 3534 foenerat
558 3457 711 3530 adulteri,·
727 3457 879 3536 luerunt,
898 3461 1047 3539 quaestio;
1072 3459 1108 3518 de
1131 3458 1209 3519 iacto
