2566 4026
408 206 848 272 unsr.onauon.nra.x1,1.
1064 194 1122 276 187

116 375 180 426 runt
204 365 379 442 cogitatione
405 362 651 440 complectantur,
677 361 778 421 subitis
803 380 841 420 ex
861 371 995 440 tempore
1020 379 1123 423 occur·

116 458 189 509 rant.
222 447 306 521 Quod
322 448 431 506 iecisse
448 444 486 504 ld.
510 444 634 504 Tullium
652 446 866 505 commentariis
882 447 971 524 ipsius
988 457 1121 524 apparet.

116 534 175 594 Sed
191 533 321 592 feruntur
337 531 458 591 aliorum
473 545 591 607 quoque
609 537 638 588 et
652 529 761 588 inventi
776 529 865 605 forte,
882 538 917 603 ut
928 546 981 589 eos
997 530 1124 591 dicturus

116 619 239 696 quisque
257 622 478 693 composuerat,
498 614 570 672 etin
585 613 678 673 libros
696 613 817 690 digesti,
833 622 864 672 ut
882 630 1032 673 causarum
1048 633 1123 693 quae

117 710 182 759 sunt
198 708 282 759 actae
299 716 315 758 a
333 699 397 758 Ser.
416 697 565 775 Sulpicio,
590 699 670 757 cuius
686 706 748 757 tres
765 699 914 757 orationes
931 705 1043 766 extaut;
1070 699 1123 758 sed

115 784 143 843 hi
160 784 197 844 de
216 782 320 860 quibus
335 780 441 860 loquor
457 783 654 840 commentarii
677 782 716 841 ita
732 789 796 841 sunt
821 783 935 857 exacti,
957 790 988 841 ut
1004 780 1041 842 alr
1057 783 1122 860 ipso

114 867 182 926 milri
198 868 227 925 in
237 866 404 925 memoriam
420 865 600 943 posteritatis
615 865 767 925 videantur
780 883 847 924 esse
864 866 1028 944 compositi.
1052 864 1164 925 Nam31

117 949 271 1010 Ciceronis
294 950 330 1009 ad
356 966 497 1026 praesens
522 949 609 1009 modo
633 957 749 1028 tempus
774 958 890 1027 aptatos
914 948 1035 1009 libertus
1053 949 1123 1009 Tiro

115 1035 274 1100 contraxit:
306 1050 381 1112 quos
395 1049 453 1092 non
467 1032 534 1092 ideo
553 1049 680 1109 excuso,
707 1034 772 1110 quia
787 1051 845 1092 nou
860 1032 999 1112 probem,
1023 1033 1076 1093 sed
1094 1042 1125 1093 ut

115 1121 171 1178 sint
186 1118 278 1195 magis
301 1115 497 1177 admirabiles.
529 1115 560 1175 ln
578 1117 635 1176 hoc
652 1135 764 1194 genere
779 1134 900 1195 prorsus
916 1118 1032 1196 recipio
1048 1117 1123 1177 hanc

115 1202 236 1262 brevem
253 1202 467 1262 annotationem
489 1198 686 1278 libellosque,
713 1201 762 1280 qui
783 1201 831 1260 rel
852 1220 936 1261 manu
957 1210 1121 1276 teneantur,

115 1296 145 1346 et
173 1285 209 1346 ad
239 1302 313 1362 quos
341 1286 453 1344 interim
479 1285 632 1362 respicere
659 1284 704 1344 ias
730 1285 776 1343 sit.
810 1283 886 1345 Illud
912 1285 991 1363 quod
1010 1284 1165 1345 liaeuasssa

114 1369 259 1449 praecipit
275 1368 412 1447 displicet
427 1367 505 1442 mihi,
521 1367 571 1427 vel
586 1368 615 1426 iu
629 1367 674 1427 lris
690 1386 766 1447 quae
782 1369 986 1447 scripserimus
998 1385 1123 1428 summas

114 1456 143 1512 in
166 1453 400 1512 commentarium
422 1460 451 1511 et
473 1452 567 1530 capita
592 1452 738 1512 conferre.
772 1451 853 1512 Facit
876 1453 950 1512 enim
973 1453 1123 1513 ediscendi

116 1536 325 1613 negligentiam
336 1537 411 1596 haec
426 1537 490 1614 ipsa
507 1535 611 1596 fiducia
627 1545 656 1596 et
680 1535 791 1596 lacerat
806 1555 841 1596 ac
857 1536 1000 1597 deformat
1016 1538 1122 1597 oratio·

115 1639 192 1680 uem.
219 1618 284 1696 Ego
297 1629 392 1681 autem
404 1638 441 1679 ne
454 1619 639 1680 scribendum
652 1619 768 1698 quidem
778 1629 859 1699 puto,
876 1619 954 1699 quod
965 1638 1023 1680 uon
1035 1621 1122 1679 simus

115 1705 255 1763 memoria
267 1703 461 1783 persecuturi.
489 1702 562 1764 llam
578 1705 606 1765 id
622 1722 740 1784 quoque
758 1705 875 1782 accidit,
891 1714 922 1765 ut
936 1714 1059 1766 revocet
1068 1721 1123 1764 nos

117 1785 255 1865 cogitatio
270 1788 306 1848 ad
322 1789 371 1849 illa
388 1788 538 1848 elaborata
553 1807 609 1849 nec
626 1790 699 1848 sinat
715 1798 900 1867 praesentem
916 1789 1058 1850 fortunam
1071 1807 1121 1848 ex-

117 1872 216 1951 periri.
249 1874 299 1933 Sic
321 1891 430 1951 anceps
455 1873 530 1933 iuter
551 1882 704 1952 utrumque
726 1874 835 1934 animus
855 1882 983 1951 aestuat,
1008 1892 1073 1933 oum
1095 1879 1164 1934 etot

116 1957 224 2034 scripta
241 1957 367 2033 perdidit
383 1966 412 2017 et
427 1973 485 2015 non
501 1959 614 2036 quaerit
636 1974 720 2017 nova.
752 1958 813 2019 Sed
827 1956 864 2017 de
879 1959 1017 2019 memoria
1034 1957 1121 2018 desti·

115 2047 261 2098 natusest
282 2039 358 2099 libro
384 2041 516 2117 proximo
532 2040 617 2100 locus
632 2059 688 2101 nec
712 2041 779 2101 huic
801 2044 876 2120 parti
894 2042 1121 2120 subiungendus,

116 2121 183 2199 quia
200 2130 263 2179 sunt
281 2122 336 2181 alia
354 2123 434 2200 prius
451 2121 535 2181 nobis
554 2123 686 2184 dicenda.

468 2328 739 2336 ———·-—.

472 2480 651 2546 LIBER
690 2482 752 2546 XI.

115 2611 192 2661 Libro
211 2609 344 2659 undecimo
364 2610 426 2661 haec
451 2615 623 2664 continentur:
657 2614 695 2664 De
713 2620 772 2679 apte
795 2611 916 2672 dicendo,
945 2612 1021 2674 quid,
1045 2625 1121 2673 quam

149 2694 286 2744 personam
304 2686 328 2728 et
342 2694 395 2729 rem
408 2679 505 2744 deceat,
526 2698 575 2746 quo
593 2683 669 2736 modo
682 2682 835 2733 medendum
847 2681 879 2732 sit
893 2681 935 2742 iis,
955 2695 1020 2744 quae
1031 2687 1121 2729 natura

149 2763 240 2812 parum
263 2750 382 2812 speciosa
400 2758 466 2802 sunt.
500 2750 537 2802 De
555 2752 692 2816 memoria,
719 2751 766 2802 sub
790 2765 839 2814 quo
858 2751 941 2816 capite
966 2764 1007 2799 ars
1024 2763 1120 2800 memo-

149 2817 252 2880 riaeque
271 2818 428 2873 exercitatio.
464 2819 502 2870 De
514 2822 733 2887 pronuntiatione,
759 2820 806 2870 sub
824 2833 873 2885 quo
897 2818 1032 2884 capitede
1049 2819 1120 2869 vocis

149 2892 248 2946 natura,
266 2886 298 2936 de
316 2901 377 2936 cura
395 2889 520 2955 eiusdem,
540 2890 572 2939 de
590 2899 675 2957 gestu,
695 2890 726 2941 de
744 2889 823 2951 cultu,
841 2888 903 2953 quid
920 2889 1011 2950 cuique
1028 2900 1120 2936 causae

149 2956 295 3014 conveniat,
317 2957 379 3018 quid
395 2959 486 3020 cuique
503 2960 585 3023 parti,
610 2966 634 3010 et
652 2960 785 3010 sententiis
805 2967 830 3010 et
847 2957 934 3008 verbis
953 2958 1014 3021 quid
1033 2970 1120 3019 quem·

148 3039 197 3084 que
217 3025 314 3082 deceat,
333 3025 481 3076 intuendum
499 3034 544 3077 est.

453 3165 497 3214 DE
516 3164 601 3214 ΑΡΤΕ
619 3163 772 3215 DICENDO.

178 3285 200 3345 l.
222 3270 339 3364 Parata,
358 3291 432 3352 sicot
446 3293 599 3371 superiore
615 3292 691 3352 libro
705 3292 877 3368 continetur,
894 3291 1030 3352 facultate
1047 3290 1118 3351 scri·

112 3371 200 3431 bendi
224 3372 438 3458 cogitandique⁴
452 3385 482 3436 et
504 3394 542 3436 ex
558 3387 692 3456 tempore
715 3378 815 3453 etiam,
839 3393 902 3435 cum
928 3394 977 3436 res
1001 3383 1117 3456 poscet,

113 3457 225 3533 orandi,
242 3459 373 3536 proxima
387 3469 431 3520 est
447 3477 527 3538 eura,
543 3470 578 3521 ut
593 3461 754 3523 dicamus
770 3470 868 3544 apte;
888 3479 972 3542 quam
984 3463 1119 3523 virtutem
