2566 4026
199 148 273 227 '214
534 177 898 236 n.nnn.oumr1nmn·1

169 339 204 393 30
297 333 362 393 Non
373 333 428 393 alia
446 339 491 390 est
503 340 596 391 autem
608 332 681 390 ratio
698 332 936 409 pronuntiationis
949 349 1033 409 quam
1050 333 1152 409 ipsius
1172 351 1237 393 ora·

211 419 307 479 tionis.
345 416 418 476 Nam
440 424 471 475 ut
490 415 540 474 illa
563 415 729 491 emendata,
753 414 896 490 dilucida,
924 424 1041 490 ornata,
1068 425 1141 493 apta
1168 435 1237 476 esse

212 503 314 562 debet:
341 503 380 560 ita
397 500 472 560 haec
491 516 607 577 quoque
625 501 818 561 emendata
832 499 903 574 erit,
927 499 955 559 id
973 508 1035 575 est,
1052 500 1129 558 vitio
1151 518 1235 561 care·

211 586 268 663 bit,
289 587 314 644 si
331 585 418 644 luerit
433 601 467 642 os
482 582 586 657 facile,
608 582 810 660 explanatum,
828 582 998 658 iucundum,
1017 581 1183 660 urbanum,
1206 585 1234 645 id

213 679 268 746 est,
285 671 312 728 in
329 686 386 746 quo
403 667 481 727 nulla
499 684 594 743 neque
610 667 755 726 rusticitas
772 683 867 743 neque
882 667 1078 744 peregrinitas
1094 677 1232 729 resonet.

169 753 276 813 31Non
297 755 371 813 enim
396 753 458 810 sine
488 767 575 809 causa
597 750 699 810 dicitur
721 751 892 812 barborum
913 751 1114 812 Graeccmoe.
1160 750 1232 812 Nam

212 839 292 897 sonis
320 837 451 898 homines
474 842 508 904 ,ut
534 851 603 893 aera
629 834 730 893 tinnitu
756 833 961 911 dignoscimus.
1003 832 1045 892 lta
1068 833 1121 894 liet
1147 835 1231 909 illud,

213 921 291 1001 quod
306 919 414 980 Ennius
435 917 556 996 probat,
581 935 644 976 cum
664 917 733 977 dicit
753 919 977 994 suauiloquenti
991 936 1045 978 ore
1061 915 1232 996 Cethegum

211 1006 320 1069 fuisse:
342 1020 400 1063 non
415 1001 493 1080 quod
510 998 615 1060 Cicero
631 1002 659 1059 in
674 1000 719 1059 his
734 1001 938 1080 reprehendit,
958 1018 1031 1080 quos
1047 1002 1088 1061 ait
1104 1004 1233 1065 latrare

211 1107 272 1149 moa
294 1105 399 1167 apere.
436 1086 508 1145 Sunt
524 1087 598 1144 cuim
613 1085 701 1144 multa
716 1086 803 1159 vitia,
827 1084 983 1164 dequibus
1007 1085 1083 1158 dixi,
1109 1105 1183 1146 cum
1205 1090 1233 1147 in

213 1172 335 1250 quadam
356 1171 438 1248 primi
462 1169 527 1228 libri
542 1179 625 1246 parte
642 1186 797 1246 puerorum
817 1187 868 1229 ora
884 1169 1054 1244 formarem,
1082 1181 1230 1249 opportu-

211 1258 274 1315 nius
295 1263 392 1331 ratus,
418 1254 447 1312 in
468 1270 503 1313 ea
522 1261 617 1313 aetate
638 1253 738 1312 iacere
761 1252 876 1312 illorum
899 1255 1091 1329 mentionem,
1116 1256 1150 1312 in
1175 1274 1232 1334 qua

169 1347 204 1401 32
212 1339 357 1399 emendari
372 1346 504 1416 possunt.
535 1336 666 1414 ltemque
682 1338 706 1395 si
722 1338 785 1414 ipsa
801 1354 861 1396 vox
876 1340 996 1414 primum
1012 1336 1118 1414 fuerit,
1137 1348 1172 1398 ut
1188 1341 1232 1398 sic

213 1424 322 1498 dicam,
345 1441 434 1497 sana,
456 1422 484 1481 id
502 1429 562 1497 est,
585 1420 693 1479 nullum
709 1437 825 1497 eorum,
848 1421 884 1480 de
901 1421 1004 1499 quibus
1021 1420 1108 1480 modo
1126 1423 1231 1498 retuli,

212 1508 337 1586 patietur
359 1505 582 1573 incommodum;
614 1505 718 1565 deinde
742 1522 800 1564 non
823 1505 925 1580 surda,
955 1505 1049 1580 rudis,
1082 1507 1231 1582 immanis,

212 1591 298 1665 dura,
321 1590 431 1667 rigida,
454 1605 539 1663 rava,
563 1589 764 1666 praepinguis,
781 1597 828 1649 aut
843 1590 953 1665 tenuis,
970 1590 1079 1664 inanis,
1103 1590 1230 1666 acerba,

212 1674 334 1751 pusilla,
358 1674 471 1747 mollis,
495 1671 671 1738 effeminata:
701 1674 818 1749 spiritus
842 1691 898 1732 nec
921 1672 1019 1732 brevis
1042 1690 1098 1732 nec
1123 1692 1231 1753 parum

213 1756 351 1816 durabilis
366 1776 421 1816 nec
438 1758 467 1816 in
481 1765 603 1833 receptu
619 1755 754 1815 difficilis.

169 1847 205 1905 53
268 1853 271 1856 ’
295 1839 469 1899 Dilucide
486 1856 558 1898 vero
575 1841 629 1898 erit
644 1842 838 1916 pronuntiatio
858 1843 987 1918 primunr,
1008 1841 1032 1898 si
1050 1839 1146 1901 verba
1165 1850 1228 1903 tota

214 1924 354 2000 exierint,
376 1940 496 2002 quorum
514 1941 582 2001 pars
603 1923 755 1998 devorari,
777 1942 845 2002 pars
863 1925 979 1984 destitui
995 1924 1092 1999 solet,
1117 1925 1229 2003 pleris-

215 2024 272 2084 que
293 2016 437 2067 extremas
454 2006 582 2082 syllabas
597 2023 655 2066 non
670 2008 900 2086 perferentibus,
924 2009 989 2068 dum
1004 2009 1134 2085 priorum
1151 2026 1228 2068 sono

212 2090 370 2168 indulgent.
400 2091 439 2150 Ut
454 2100 499 2151 est
516 2101 611 2151 autem
626 2093 793 2152 necessaria
807 2093 963 2153 verborum
979 2091 1169 2170 explanatio:
1188 2095 1228 2153 ita

213 2191 312 2234 omnes
337 2177 478 2254 imputare
508 2185 538 2236 et
560 2175 640 2235 velut
663 2195 851 2237 annumerare
879 2177 990 2257 litteras
1012 2175 1172 2236 molestum
1199 2183 1228 2236 et

169 2259 352 2327 34odiosum.
388 2258 460 2320 Nam
477 2269 505 2319 ct
521 2259 643 2320 vocales
665 2261 898 2339 frequentissime
916 2268 1038 2336 coeunt,
1064 2269 1094 2319 et
1117 2278 1226 2320 conso·

210 2345 335 2402 nantium
357 2344 498 2422 quaedam
519 2346 690 2422 insequente
711 2345 807 2405 vocali
825 2345 1028 2405 dissimulatur.
1062 2343 1225 2424 Utriusque

213 2427 376 2506 exemplum
393 2431 557 2505 posuimus:

505 2510 630 2572 Multum
644 2513 695 2574 ille
708 2522 737 2574 et
751 2515 844 2574 terris
860 2547 917 2570 -.

169 2594 323 2662 35Vitatur
339 2597 423 2654 etiam
441 2596 586 2655 duriorum
601 2598 675 2655 inter
696 2616 729 2656 se
745 2614 937 2674 congressus,
959 2596 1033 2655 unde
1050 2596 1181 2673 pellexit
1196 2604 1225 2654 et

212 2679 347 2758 collegit,
371 2688 400 2738 et
422 2696 496 2758 quae
521 2679 578 2739 alio
600 2679 667 2740 loco
690 2679 766 2741 dicta
789 2690 863 2740 sunt.
899 2679 1029 2757 Ideoque
1046 2679 1181 2740 laudatur
1196 2681 1222 2739 in

212 2759 315 2821 (latulo
340 2764 436 2822 suavis
461 2763 621 2842 appellatio
644 2765 811 2825 litterarum.
852 2764 1016 2826 Secundum
1038 2771 1099 2839 est,
1132 2773 1165 2823 ut
1187 2764 1223 2822 sit

211 2847 304 2905 oratio
323 2845 472 2923 distincta,
496 2849 604 2924 idest,
628 2849 676 2926 qui
691 2849 776 2925 dicit,
800 2857 829 2908 et
848 2849 965 2926 incipiat
987 2847 1035 2906 ubi
1051 2856 1172 2925 oportet
1194 2854 1224 2906 et

211 2929 332 2989 desinat.
372 2928 589 2991 Observandum
605 2934 705 3008 etiam,
729 2949 786 3011 quo
803 2934 871 2993 loco
891 2932 1073 2992 sustinendus
1091 2940 1120 2990 et
1139 2933 1224 3009 qnasi

211 3014 431 3092 suspendendus
448 3033 544 3075 sermo
561 3017 612 3083 sit;
629 3016 706 3094 quod
725 3015 828 3078 Graeci
844 3008 1062 3093 ὖποὸιαστολὴν
1079 3015 1128 3074 vel
1149 3008 1204 3084 dra

168 3091 335 3178 36στιγμὴν
351 3108 470 3166 nocant;
489 3117 546 3178 quo
563 3098 761 3178 deponendus.
790 3100 981 3179 suspenditur
995 3098 1091 3161 Arma
1106 3101 1222 3161 airum-

211 3197 269 3258 que
282 3201 370 3259 cuno,
385 3185 450 3260 quia
462 3183 532 3243 illud
544 3183 579 3243 ad
590 3186 742 3262 sequentia
754 3187 890 3263 pertinet,
906 3193 936 3243 ut
952 3185 988 3243 sit
999 3186 1099 3245 cirum
1110 3182 1224 3246 Troice

211 3266 264 3342 qui
276 3267 395 3343 primus
415 3268 455 3329 ab
478 3270 558 3344 ora‘s,
584 3277 613 3327 et
627 3267 674 3327 hic
690 3269 802 3328 iterum.
841 3267 912 3328 Nam
935 3270 1046 3327 etiamsi
1064 3267 1142 3329 aliud
1165 3277 1222 3343 est,

211 3348 286 3407 unde
301 3350 398 3409 veniat
414 3368 497 3429 quam
511 3369 568 3429 qno
584 3353 695 3411 veniat:
711 3367 768 3411 non
783 3352 1013 3430 distinguendum
1027 3362 1134 3427 tamen,
1155 3355 1223 3430 quia

168 3435 359 3510 statuumque
382 3434 485 3493 eodem
507 3434 593 3495 modo
615 3435 707 3494 verbo
733 3437 895 3496 continetur
915 3438 1004 3496 veuit.
1040 3436 1139 3495 Tertio
1157 3435 1223 3498 Ito·
