2566 4026
404 199 784 266 INsT.01tATOR.LIB.X,
802 198 867 252 so.
1062 187 1115 250 181

116 366 182 436 pter
199 355 275 433 quod
297 354 416 428 accidit,
433 364 462 413 ut
477 374 532 414 nec
547 371 599 414 suo
616 353 683 412 loco
700 354 826 432 quidque
844 365 981 433 ponatur,
1002 375 1057 417 nec
1072 356 1122 416 illa

116 458 190 519 quae
219 441 308 517 prima
334 447 399 497 sunt
422 449 539 498 servent
568 456 647 496 suam
674 438 785 515 legem,
809 439 958 498 iuvenibus
984 441 1122 500 flosculos

116 526 238 583 omnium
255 523 376 600 partium
397 523 425 581 in
451 540 485 581 ea
502 541 576 600 quae
592 530 657 581 sunt
679 522 782 582 dicturi
798 524 1039 600 congerentibus;
1065 541 1122 601 quo

117 610 157 683 lit,
175 617 204 666 ut
220 609 365 681 timentes,
381 625 418 666 ne
438 609 590 684 sequentia
602 605 740 685 perdant,
757 608 855 685 priora
874 607 1058 667 confundant.

477 759 520 808 Du
541 758 766 810 COGITATIONE.

200 851 251 912 VI.
282 853 415 915 Proxima
439 855 505 916 stilo
530 857 712 933 cogitatio
736 864 796 931 est,
821 873 895 933 quae
923 856 1029 933 etipsa
1044 855 1123 913 vires

116 938 151 998 ab
164 939 222 998 hoc
234 939 350 1016 accipit,
372 947 475 1018 estque
489 941 562 998 inter
574 939 719 999 scribendi
735 938 865 999 laborem
882 937 1123 1018 extemporalem-

119 1041 173 1100 que
189 1022 332 1081 fortunam
348 1023 441 1083 media
465 1024 605 1103 quaedam
628 1033 657 1083 et
683 1025 783 1082 nescio
806 1041 842 1082 an
865 1041 934 1082 usus
950 1023 1110 1100 frequentis

115 1108 187 1165 siml.
218 1104 290 1164 Nam
311 1105 442 1166 scribere
458 1126 513 1166 nec
530 1107 638 1185 ubique
653 1125 708 1166 nec
724 1125 841 1184 semper
858 1123 1026 1184 possumus;
1044 1107 1124 1181 cogi·

115 1192 216 1249 tationi
231 1191 370 1266 temporis
389 1208 423 1249 ac
439 1189 497 1250 loci
513 1191 663 1269 plurimum
681 1200 735 1250 est.
765 1189 845 1250 Haec
858 1193 959 1269 paucis
974 1189 1125 1249 admodum

115 1274 195 1333 horis
218 1290 336 1349 magnas
363 1274 446 1333 etiam
471 1292 573 1335 causas
591 1275 806 1353 complectitur;
821 1273 911 1348 haec,
930 1276 1064 1351 quotiens
1084 1275 1124 1330 in·

117 1358 266 1416 termissus
285 1365 330 1415 est
346 1374 479 1433 somnus,
502 1359 573 1437 ipsis
595 1359 690 1418 noctis
711 1356 840 1417 tenebris
861 1358 1024 1425 adiuratum
1050 1356 1124 1416 haec

118 1443 192 1500 inter
206 1440 317 1500 medios
334 1458 431 1500 rerum
447 1450 528 1501 actus
545 1441 653 1520 aliquid
669 1443 776 1501 invenit
792 1442 876 1500 vacui
898 1458 955 1500 nec
971 1441 1058 1500 otium
1074 1457 1124 1517 pa·

116 1527 192 1584 titur.
241 1522 344 1602 Neque
365 1543 437 1584 vero
457 1543 553 1584 rerum
576 1526 705 1585 ordinem
723 1525 827 1601 modo,
851 1524 929 1603 quod
946 1526 1039 1602 ipsum
1055 1523 1153 1587 satist

118 1617 198 1683 erat,
221 1609 294 1667 intra
309 1626 341 1666 se
358 1610 420 1686 ipsa
439 1610 580 1688 disponit,
599 1609 653 1670 sed
673 1609 764 1669 verba
783 1611 868 1668 etiam
886 1607 1005 1687 copulat
1022 1615 1124 1667 totam-

115 1710 174 1772 que
189 1694 229 1751 ita
245 1694 373 1752 contexit
389 1695 566 1770 orationem,
589 1703 619 1754 ut
643 1695 670 1753 ei
687 1693 756 1753 nihil
774 1701 892 1771 praeter
908 1709 1021 1751 manum
1039 1691 1123 1751 desit.

114 1775 187 1835 Nam
209 1778 366 1836 memoriae
386 1795 502 1857 quoque
527 1777 700 1856 plerumque
728 1777 878 1837 inhaerent
898 1775 1028 1852 lidclius,
1050 1791 1125 1853 quae

114 1860 193 1920 nulla
213 1860 359 1920 scribendi
375 1864 532 1923 securitate
552 1861 694 1923 laxantur.

201 1945 260 2004 Sed
282 1963 318 2004 ue
343 1945 378 2004 ad
400 1945 473 2005 hanc
496 1947 611 2024 quidem
630 1948 688 2006 vim
703 1944 848 2022 cogitandi
864 1944 1010 2023 perveniri
1027 1951 1125 2020 potest

116 2035 165 2085 aut
180 2027 274 2086 subito
294 2035 341 2086 ant
358 2029 425 2086 cito.
460 2028 532 2088 Nam
553 2033 672 2106 primum
690 2028 823 2088 facienda
840 2028 929 2088 multo
945 2026 1013 2087 stilo
1031 2025 1150 2089 iorma3

117 2118 179 2184 est,
204 2127 277 2186 quae
295 2125 348 2168 nos
370 2112 455 2170 etiam
481 2114 643 2188 cogitantes
674 2122 826 2189 sequatur;
851 2121 910 2171 tum
937 2110 1124 2169 assumendus

117 2210 186 2251 usus
205 2191 356 2270 paulatim,
375 2201 405 2251 ut
423 2211 516 2270 pauca
532 2197 651 2271 primum
670 2193 898 2271 complectamur
913 2195 1025 2267 animo,
1050 2209 1124 2271 quae

116 2275 198 2335 reddi
218 2275 343 2334 iideliter
357 2277 487 2353 possint;
511 2294 578 2336 mox
601 2295 656 2354 per
679 2279 855 2336 incrementa
870 2285 927 2334 tam
941 2274 1072 2350 modica,
1094 2284 1125 2334 ut

118 2361 233 2418 onerari
250 2378 282 2419 se
298 2358 382 2418 labor
398 2359 449 2418 ille
461 2377 518 2418 nou
534 2362 650 2436 sentiat,
666 2358 797 2437 augenda
808 2360 852 2418 ris
869 2367 898 2418 et
915 2359 1125 2417 exercitatione

118 2442 206 2502 multa
229 2443 400 2503 continenda
417 2451 472 2519 est,
490 2461 564 2521 quae
577 2443 694 2521 quidem
705 2444 826 2502 maxima
839 2450 970 2518 exparte
987 2442 1125 2501 memoria

119 2537 240 2586 constat.
274 2527 404 2604 Ideoque
421 2528 516 2605 aliqua
531 2527 599 2587 milri
615 2529 643 2587 in
663 2526 743 2586 illum
759 2526 856 2586 locum
873 2524 1030 2584 dillerenda
1049 2533 1123 2584 sunt.

118 2610 161 2670 Eo
177 2621 271 2670 tamen
286 2614 438 2690 pervenit,
455 2621 486 2672 ut
503 2614 546 2688 is,
563 2613 608 2672 oui
627 2629 684 2672 non
701 2610 866 2687 refragetur
883 2610 1045 2686 ingenium,
1065 2609 1152 2672 acri4

118 2695 213 2754 studio
230 2697 340 2755 adiutus
367 2705 474 2758 tantum
491 2706 705 2774 consequatur,
729 2704 760 2755 ut
781 2695 808 2753 ei
829 2702 886 2754 tam
902 2710 976 2771 quae
992 2692 1126 2769 cogitarit

119 2796 203 2856 quam
225 2797 299 2856 quae
321 2781 472 2857 scripserit
495 2790 581 2858 atque
603 2780 753 2840 edidicerit
774 2779 802 2837 in
826 2777 948 2838 diceudo
964 2777 1048 2837 lidem
1065 2794 1149 2835 ser·-

118 2871 197 2921 nent.
230 2861 336 2922 Cicero
353 2872 435 2923 certe
452 2861 628 2924 Graecorum
639 2862 835 2923 Metrodorum
850 2863 1002 2938 Scepsium
1021 2869 1050 2920 et
1059 2859 1124 2919 Em·

119 2945 216 3023 pylum
233 2946 375 3007 Rhodium
391 2956 614 3024 nostrorumque
628 2946 812 3007 Hortensium
835 2945 964 3022 tradidit,
986 2962 1060 3022 qnae
1077 2961 1124 3002 co·

121 3030 294 3105 gitaverant,
315 3031 349 3089 ad
365 3031 486 3090 verbum
503 3032 531 3089 in
547 3030 660 3107 agendo
677 3028 822 3090 retulisse.

207 3114 265 3172 Sed
281 3116 305 3172 si
320 3116 396 3173 forte
413 3114 517 3192 aliquis
529 3116 603 3172 inter
619 3113 769 3174 dicendum
786 3112 927 3172 ellulserit
944 3119 1154 3190 extemporali

124 3195 158 3253 lis
176 3194 270 3270 color,
289 3214 345 3255 non
362 3199 566 3275 superstitiose
580 3199 713 3274 cogitatis
728 3198 840 3258 demum
856 3207 901 3256 est
912 3195 1124 3256 inhaerendum.

122 3276 226 3357 Neque
243 3281 317 3338 enim
335 3289 442 3340 tanturn
458 3279 565 3341 habent
580 3299 678 3358 curae,
694 3291 725 3342 ut
739 3299 797 3341 non
815 3282 851 3340 sit
867 3280 975 3341 dandus
992 3288 1021 3340 et
1035 3279 1124 3341 fortu-

122 3380 177 3421 nae
199 3363 292 3438 loous,
313 3382 375 3423 cum
391 3382 480 3442 saepe
501 3367 586 3425 ctiam
602 3366 717 3444 scriptis
734 3382 858 3445 eaquae
874 3364 969 3424 subito
981 3372 1046 3424 nata
1062 3371 1126 3422 suut

122 3447 295 3505 inserantur.
333 3447 463 3527 ldeoque
486 3457 576 3508 totum
598 3449 655 3510 hoc
680 3449 896 3510 exercitationis
918 3466 1010 3525 genus
1025 3450 1064 3507 ita
1084 3449 1124 3507 in·
