2566 4026
256 157 316 220 238
558 159 921 219 u.sas.oumu1u1as1

254 318 366 378 culatus
382 335 449 376 reus
464 315 575 374 Verres
592 314 708 373 fortiter
723 323 752 373 et
767 313 906 374 industrie
922 315 1009 373 tuitus
1026 323 1126 374 contra
1142 317 1253 394 piratas

254 401 382 463 Siciliam
398 401 509 459 dicitur.

211 496 246 551 36
335 483 446 543 Eadem
464 482 603 542 aduersus
631 480 953 541 contradictiones
985 480 1069 541 nobis
1100 483 1253 561 oppositas

254 577 412 648 praecepta
435 575 516 641 sunt,
539 566 595 625 hoo
617 574 711 625 tamen
739 566 876 643 amplius,
903 565 981 643 quod
1006 568 1082 625 circa
1106 584 1157 626 eas
1172 567 1253 627 multi

254 652 366 714 duobus
389 651 465 710 vitiis
487 650 609 710 diversis
632 650 774 710 laborant.
815 647 888 708 Nam
905 648 1019 726 quidam
1039 652 1125 709 etiam
1141 652 1171 709 in
1185 651 1252 710 loro

253 746 387 815 tanquam
402 753 463 794 rem
479 734 631 793 molestam
657 744 686 794 et
708 734 838 794 odiosam
855 741 1057 810 praetereunt,
1079 743 1108 792 et
1130 734 1165 792 iis
1188 734 1252 812 ple·

253 837 384 898 rumque,
401 836 474 897 quae
491 819 652 895 composita
671 818 756 877 domo
774 816 947 892 attulerunt,
971 819 1097 876 contenti
1118 818 1180 877 sine
1203 818 1252 879 ad·

253 905 384 964 versario
400 904 513 970 dicunt;
531 911 560 960 et
575 901 689 960 scilicet
709 901 797 960 multo
813 903 905 978 magis
921 902 949 959 in
968 901 1088 976 scholis,
1104 902 1253 979 inquibus

253 1005 311 1048 non
328 988 422 1047 solum
438 985 682 1046 contradictiones
699 987 880 1060 omittuntur,
896 1003 996 1045 verum
1012 986 1097 1045 etiam
1113 987 1253 1046 materiae

254 1075 335 1151 ipsae
351 1072 394 1130 sic
410 1071 581 1149 plerumque
598 1069 759 1148 linguntur,
775 1077 806 1127 ut
821 1068 891 1128 nihil
908 1069 966 1129 dici
983 1086 1037 1147 pro
1060 1079 1144 1147 parte
1160 1069 1253 1130 altera

211 1157 356 1235 dipossit.
400 1154 459 1214 Alii
484 1154 633 1231 diligentia
659 1154 734 1232 lapsi
758 1152 855 1212 verbis
882 1155 967 1212 etiam
994 1153 1043 1213 uel
1070 1153 1253 1213 sententiolis

255 1241 385 1300 omnibus
407 1238 640 1316 respondendum
663 1247 778 1316 putant,
801 1236 878 1315 quod
900 1246 945 1296 est
962 1246 992 1296 et
1007 1237 1143 1296 indultum
1162 1246 1191 1296 et
1205 1256 1253 1296 su·

255 1342 444 1404 pervacuum
468 1339 525 1381 non
546 1324 620 1381 enim
641 1341 727 1382 causa
743 1321 964 1400 reprehenditur
982 1322 1034 1380 sed
1052 1331 1144 1395 actor,
1168 1339 1253 1400 quem

255 1425 312 1486 ego
334 1425 451 1485 semper
469 1406 561 1465 videri
583 1406 677 1466 malim
697 1407 852 1481 disertum,
876 1415 922 1480 ut,
946 1406 971 1463 si
991 1405 1095 1464 dixerit
1117 1405 1195 1483 quod
1210 1405 1254 1465 rei

255 1492 363 1571 prosit,
382 1492 489 1568 ingenii
507 1491 640 1549 credatur
658 1491 719 1550 laus
736 1506 876 1549 essenon
894 1507 1015 1558 causae;
1039 1490 1063 1547 si
1082 1489 1159 1549 iorte
1176 1486 1254 1567 quod

212 1575 361 1650 ddlaedat,
379 1591 485 1634 causae
499 1591 557 1633 non
568 1575 675 1650 ingenii
688 1574 782 1651 culpa.
812 1573 912 1651 Itaque
926 1573 994 1632 illae
1007 1572 1253 1650 reprehensiones

255 1667 304 1719 aut
319 1657 520 1732 obscuritatis,
542 1657 635 1734 qualis
659 1659 687 1716 in
710 1657 825 1716 Rullum
844 1666 903 1731 est,
931 1667 977 1716 aut
999 1657 1134 1716 infantiae
1157 1658 1186 1716 in
1213 1655 1252 1715 di·

255 1741 358 1817 cende,
376 1740 469 1818 qualis
486 1742 515 1798 in
530 1741 679 1816 Pisonem,
703 1750 751 1802 aut
774 1742 905 1800 inscitiae
926 1760 1021 1800 rerum
1038 1740 1253 1818 verborumque

256 1835 284 1885 et
300 1824 468 1885 insulsitatis
492 1825 594 1900 etiam,
621 1825 714 1902 qualis
732 1827 760 1883 in
776 1824 930 1884 Antonium
948 1833 1010 1900 εει,
1035 1827 1127 1884 animo
1152 1824 1254 1883 dantur

255 1918 302 1969 aut
316 1910 397 1967 iustis
415 1908 499 1984 odiis,
520 1917 643 1986 suntque
659 1909 745 1968 utiles
765 1909 800 1968 ad
818 1909 1027 1968 conciliandum
1043 1910 1095 1982 iis,
1120 1924 1194 1986 quos
1213 1908 1252 1965 iu·

213 1995 333 2052 39visos
354 1992 455 2051 iacere
485 1992 632 2067 volueris,
660 1992 764 2052 odium.
810 1991 877 2051 Alia
902 1992 1097 2070 respondendi
1124 1990 1253 2070 patronis

255 2077 346 2143 ratio;
371 2084 399 2134 et
424 2075 576 2153 aliquando
598 2085 692 2135 tamen
717 2092 816 2135 eorum
837 2093 895 2134 non
915 2075 1109 2135 oratiomodo
1129 2074 1254 2136 sedvita

255 2161 351 2228 etiam,
367 2158 464 2217 vultus
477 2159 613 2237 denique,
633 2163 776 2235 incessus,
793 2159 907 2220 habitus
918 2169 1000 2220 recte
1017 2161 1142 2219 incusari
1160 2158 1252 2224 solet:

254 2251 285 2302 ut
313 2242 452 2302 aduersus
480 2242 624 2316 Quintium
652 2241 756 2303 Cicero
785 2262 842 2303 non
871 2242 945 2304 haec
971 2244 1064 2303 solum
1084 2242 1137 2302 sed
1163 2244 1254 2320 ipsam

255 2327 340 2386 etiam
362 2336 543 2404 praetextam
566 2327 719 2388 demissam
741 2329 776 2389 ad
796 2328 871 2387 talos
890 2330 1047 2387 insectatus
1074 2335 1128 2386 est.
1170 2325 1253 2384 Pres-

213 2413 333 2471 40serat
351 2412 426 2469 enim
444 2411 615 2470 turbulentis
633 2411 813 2471 contionibus
828 2409 989 2471 Cluentium
1003 2410 1144 2484 Quintius.
1176 2407 1253 2468 Non·

254 2512 395 2572 nunquam
411 2494 570 2555 elevandae
588 2495 712 2555 invidiae
731 2498 833 2572 gratia,
851 2513 924 2572 quae
941 2496 1072 2573 asperius
1086 2494 1161 2554 dicta
1178 2502 1253 2568 sunt,

255 2578 469 2653 eluduntur,
493 2588 524 2637 ut
539 2596 555 2638 a
572 2577 715 2638 Cicerone
734 2579 872 2638 Triarius.
910 2577 981 2638 Nam
1004 2596 1067 2637 cum
1087 2577 1189 2636 Scauri
1205 2593 1253 2636 oo·

254 2661 364 2720 lumnas
384 2679 438 2739 per
459 2662 559 2720 urbem
583 2663 720 2739 plaustris
743 2670 843 2722 vectas
867 2680 934 2720 esse
956 2662 1042 2737 dixit,
1064 2658 1131 2740 Epo
1150 2678 1253 2738 porro,

253 2746 354 2823 inquit,
371 2747 423 2823 poi
434 2741 574 2805 Albanos
589 2746 686 2806 habeo
697 2748 862 2820 columnus,
880 2747 998 2806 clitellis
1013 2765 1068 2807 eos
1079 2745 1253 2822 opportcoi.

253 2827 291 2887 Et
311 2830 401 2906 magis
421 2828 478 2887 hoo
499 2829 528 2888 in
550 2839 738 2888 accusatores
755 2847 927 2889 conoessum
949 2838 1008 2904 est,
1032 2828 1134 2906 quibus
1158 2827 1254 2886 convi-

212 2913 324 2972 llciari
352 2912 506 2990 aliquando
530 2914 683 2991 patrocinii
705 2914 776 2973 fides
802 2915 889 2991 cogit.
936 2913 990 2973 llla
1015 2929 1087 2972 vero
1114 2911 1255 2971 aduersus

255 3012 354 3054 omnes
378 3005 408 3054 et
429 3004 550 3073 recepta
575 3005 603 3056 st
624 3013 682 3056 non
702 2997 852 3057 inhumana
879 2999 1068 3075 conquestio,
1096 2997 1121 3054 si
1149 2994 1255 3055 callide

213 3078 323 3156 ahquid
338 3080 463 3154 acuisse,
478 3077 640 3156 breviasse,
658 3080 833 3141 obscurasse
860 3081 1008 3141 distulisse
1024 3080 1164 3140 dicuntur.
1196 3077 1255 3137 De·

255 3161 393 3221 lensiouis
416 3180 532 3241 quoque
555 3166 725 3242 permutatio
744 3164 966 3244 reprehenditur
981 3183 1086 3242 saepe,
1108 3171 1138 3221 ut
1160 3161 1255 3221 Attius

256 3244 394 3304 aduersus
412 3244 585 3322 Cluentium,
601 3247 765 3308 Aeschines
781 3248 921 3310 adversus
939 3246 1157 3326 Ctesiphontem
1174 3245 1254 3319 lacit,

258 3345 320 3386 oum
339 3328 389 3387 ille
406 3327 578 3389 Ciceronem
596 3331 664 3409 lege
681 3350 799 3392 usurum
812 3332 916 3407 modo,
933 3331 980 3392 hic
997 3333 1111 3390 minime
1130 3330 1166 3390 de
1187 3330 1255 3405 lege

256 3409 395 3469 dicturum
408 3411 624 3474 Demosthenen
640 3419 777 3494 queritur.
