2566 4026
213 158 271 218 tuo
528 168 893 229 n.snss.on1xu1n1an1

209 323 285 386 bene
307 341 374 383 esse
396 324 604 402 compositum,
631 323 684 383 sed
706 325 772 402 qula
794 323 892 401 legem
913 324 987 385 hanc
1009 344 1076 386 esse
1096 344 1216 406 compo·

208 408 294 468 nendi
317 409 345 466 ln
367 407 497 468 omnibus
519 409 667 486 principiis
688 426 832 467 recusem.
877 407 950 468 Nam
976 411 1078 470 iudicis
1105 413 1217 471 animus

208 493 288 552 varie
299 501 504 571 praeparatur:
526 500 584 551 tum
598 491 779 551 miserabiles
796 510 863 552 esse
877 491 1009 552 volumus
1023 503 1080 553 tum
1090 495 1218 555 modesti

208 585 266 636 tum
290 594 374 636 acres
394 586 454 636 tum
474 593 581 654 graves
603 585 661 635 tum
681 575 778 635 blandi
798 584 857 635 tum
872 575 994 636 flectere
1015 587 1073 636 tum
1095 578 1131 638 ad
1154 579 1218 638 dili·

208 661 334 737 gentiam
349 659 469 720 hortari.
501 658 582 719 llaec
599 668 630 718 ut
645 668 711 718 sunt
726 660 842 719 diversa
857 668 975 720 natura:
992 661 1030 721 ita
1047 659 1218 722 dissimilem

208 743 400 822 componendi
422 761 539 821 quoque
562 745 702 803 rationem
723 743 899 804 desiderant.
944 743 991 802 An
1012 745 1153 804 similibus
1170 743 1218 805 Ci-

207 844 277 887 cero
299 846 368 886 usus
389 836 435 887 est
449 829 575 886 numeris
597 830 624 886 in
641 827 762 888 exordio
779 845 832 905 pro
848 826 974 903 Milone,
997 845 1051 906 pro
1069 826 1218 905 Cluentio,

151 927 261 990 134pro
276 907 415 988 Ligario?
459 909 592 970 Narratio
609 911 672 970 lere
692 911 835 970 tardiores
851 919 955 988 atque,
978 921 1009 971 ιιι
1024 913 1067 971 sic
1083 912 1217 988 dixerim,

205 995 400 1055 modestiores
413 994 560 1055 desiderat
571 995 663 1074 pedes
680 1003 709 1053 et
725 994 856 1053 omnibus
871 996 993 1054 maxime
1005 997 1122 1054 mixtos.
1145 994 1218 1055 Nam

206 1086 236 1138 et
255 1078 373 1155 verbis,
397 1088 428 1139 ut
450 1079 567 1156 saepius
588 1096 692 1157 pressa
718 1086 779 1154 est,
802 1080 841 1138 ita
864 1079 978 1138 interim
999 1080 1136 1156 insurgit;
1164 1078 1218 1139 sed

205 1163 315 1224 docere
334 1172 364 1222 et
378 1163 501 1240 infigere
517 1163 616 1222 animis
631 1180 680 1221 res
696 1177 814 1240 semper
829 1163 927 1240 cupit,
949 1164 1027 1242 quod
1043 1165 1158 1223 minime
1174 1164 1218 1222 fe-

206 1249 369 1307 stinantium
385 1262 459 1324 opus
482 1255 536 1305 est.
581 1246 627 1305 Ac
646 1245 714 1304 mihi
728 1246 843 1306 videtur
857 1254 918 1304 tota
936 1248 1062 1306 narratio
1080 1256 1217 1306 constare

147 1335 198 1391 135
208 1330 390 1407 longioribus
405 1328 559 1403 membris,
579 1329 762 1387 brevioribus
776 1329 916 1407 periodis.
944 1328 1122 1405 Argumenta
1139 1332 1218 1390 acria

206 1423 236 1475 et
251 1417 337 1475 citata
352 1412 475 1491 pedibus
487 1429 604 1491 quoque
620 1412 655 1472 ad
666 1412 740 1471 hanc
751 1421 880 1471 naturam
892 1413 1119 1473 accommodatis
1134 1423 1216 1472 uten-

206 1509 268 1573 tur,
284 1515 342 1565 non
359 1506 455 1556 tamen
470 1497 509 1556 ita
526 1505 556 1554 ιιι
572 1495 735 1570 trochaeis,
753 1496 801 1573 qui
818 1494 933 1554 celeres
949 1496 1065 1576 quidem
1081 1499 1135 1559 scd
1151 1498 1215 1556 sine

205 1581 314 1640 viribus
337 1589 418 1649 suut;
447 1597 547 1639 uerum
568 1581 619 1655 iis,
644 1580 692 1656 qui
712 1580 769 1660 siut
790 1578 928 1639 brevibus
946 1579 1102 1658 longisque
1123 1582 1216 1657 mixti,

149 1669 263 1724 136non
283 1673 379 1723 tamen
395 1663 496 1742 plures
519 1662 623 1739 longas
642 1679 726 1740 quam
746 1661 853 1722 breves
874 1662 1009 1723 habeant.
1055 1663 1109 1724 llla
1126 1664 1215 1724 subli-

205 1749 261 1806 mia
284 1749 430 1825 spatiosas
450 1746 605 1824 clarasque
625 1763 717 1805 voces
736 1745 858 1814 habent;
887 1757 981 1807 amant
1000 1747 1215 1826 amplitudinem

206 1831 314 1905 dactyli
333 1847 449 1909 quoque
470 1847 505 1888 ac
526 1831 664 1906 paeonis,
687 1832 798 1890 etiamsi
813 1830 923 1890 maiore
942 1840 1077 1911 exparte
1094 1830 1216 1906 syllabis

205 1913 360 1989 brevibus,
373 1912 552 1991 temporibus
567 1921 664 1973 tamen
678 1916 748 1973 satis
763 1914 852 1993 pleni.
897 1912 1012 1994 Aspera
1030 1924 1131 1974 contra
1147 1916 1216 1974 iarn·

205 1998 250 2058 bis
266 1999 389 2056 maxime
402 1997 596 2065 comitantum
616 2014 673 2056 non
688 1998 782 2057 solum
798 1997 876 2077 quod
889 2007 986 2058 sonte
1003 1998 1112 2059 duabus
1128 1997 1215 2057 modo

206 2080 326 2156 syllabis
346 2098 442 2158 coque
458 2080 687 2160 frequentiorem
703 2083 785 2158 quasi
801 2081 915 2159 pulsum
930 2081 1054 2156 habent,
1076 2098 1215 2159 quaeres

205 2165 316 2224 lenitati
333 2166 477 2225 contraria
496 2173 558 2240 est,
577 2165 727 2225 sedetiam
744 2165 821 2242 quod
836 2164 967 2224 omnibus
983 2166 1106 2244 pedibus
1122 2166 1215 2224 insur-

103 2265 105 2268 ⁴
205 2258 275 2326 gunt
299 2258 361 2309 eta
382 2247 520 2309 brevibus
544 2250 573 2307 in
591 2248 695 2325 longas
716 2249 842 2306 nituntur
864 2256 894 2306 et
915 2258 1066 2324 crescunt,
1088 2246 1216 2325 ideoque

147 2332 344 2410 137meliores
367 2333 503 2406 choreis,
533 2334 581 2409 qul
606 2332 640 2391 ab
667 2331 763 2409 longis
789 2332 817 2390 in
840 2331 947 2390 breves
974 2333 1087 2392 cadunt.
1134 2333 1215 2392 Sum·

206 2417 310 2491 missa,
338 2415 433 2493 qualia
450 2417 479 2475 in
495 2415 621 2494 epilogis
637 2424 719 2491 sunt,
745 2415 839 2474 lentas
856 2423 885 2473 et
901 2415 964 2494 ipsa
982 2415 1035 2475 sed
1051 2417 1143 2474 minus
1165 2433 1215 2474 ex-

207 2499 364 2559 clamantes
381 2500 508 2575 exigunt.

289 2582 360 2642 Vult
372 2601 440 2641 esse
452 2579 558 2641 Celsus
572 2582 696 2661 aliquam
709 2590 738 2641 ct
750 2581 951 2659 superbiorem
963 2584 1214 2661 compositionem,

207 2684 291 2746 quam
314 2666 448 2745 equidem
464 2665 489 2723 si
505 2666 626 2740 scirem,
649 2682 706 2724 non
721 2665 876 2734 docerem;
899 2665 952 2725 sed
968 2667 1005 2725 sit
1019 2685 1147 2726 necesse
1170 2673 1215 2724 est

206 2749 287 2809 tarda
312 2758 342 2808 et
357 2750 468 2827 supina.
512 2748 621 2807 Verum
636 2750 690 2808 nisi
707 2767 744 2807 ex
759 2748 858 2808 verbis
879 2758 966 2828 atque
988 2751 1139 2810 sententiis
1162 2766 1216 2827 per

205 2850 274 2893 sese
290 2833 318 2892 id
337 2833 500 2911 quaeritur,
520 2834 589 2892 satis
607 2833 709 2893 odiosa
726 2850 794 2891 esse
812 2849 870 2892 non
885 2834 1003 2911 poterit.

149 2927 200 2982 138
292 2915 442 2995 Denique,
465 2925 496 2975 ut
512 2916 604 2976 semel
621 2917 730 2992 liniam,
754 2917 798 2976 sic
815 2916 878 2976 lere
896 2917 1127 2995 componendum
1144 2933 1214 2994 quo·

206 2999 291 3060 modo
308 2999 545 3077 pronuntiandum
570 3002 633 3059 erit.
678 2999 724 3059 An
744 3017 802 3059 non
823 3002 852 3060 in
872 3001 1030 3078 prooemiis
1043 3001 1215 3079 plerumque

207 3085 366 3160 summissi,
387 3085 457 3163 (nisi
473 3103 537 3143 cum
554 3086 583 3144 in
597 3085 783 3146 accusatione
800 3084 988 3144 concitandus
1005 3092 1051 3143 est
1063 3083 1151 3142 index
1168 3091 1216 3143 aut

208 3167 303 3244 aliqua
322 3168 517 3245 indignatione
543 3169 752 3248 complendus)
779 3169 807 3227 in
831 3169 994 3227 narratione
1023 3167 1103 3246 pleni
1127 3175 1215 3245 atque

208 3253 359 3329 expressi,
377 3253 406 3311 in
422 3253 597 3328 argumentis
614 3253 692 3312 citati
708 3260 794 3328 atque
810 3253 875 3330 ipso
896 3252 981 3311 etiam
998 3259 1077 3310 motu
1098 3250 1215 3311 celeres

207 3332 326 3394 sumus?
356 3344 386 3395 ut
413 3338 441 3394 in
465 3335 539 3394 locis
561 3352 596 3394 ac
620 3334 862 3412 descriptionibus
883 3335 940 3394 lusi
962 3353 996 3394 ac
1018 3334 1159 3411 fluentes,
1186 3334 1216 3394 iu

148 3424 200 3480 139
209 3416 334 3495 epilogis
351 3418 522 3498 plerumque
539 3419 645 3480 deiecti
661 3427 690 3478 et
705 3417 840 3478 infracti?
884 3416 973 3497 Atqui
992 3419 1126 3497 corporis
1143 3434 1215 3496 quo·
