2566 4026
306 142 311 149 ’
389 175 480 226 ausu.
498 174 648 224 ostrea.
666 175 736 222 orn.
756 177 802 241 11,
818 173 861 228 ra.
1088 161 1126 226 81

115 350 176 412 que
200 331 338 410 perdite,
362 329 438 390 unde
461 330 559 390 evenit
581 347 800 408 nonnunquam,
830 339 861 390 ut
886 330 995 410 aliquid
1016 331 1127 409 grande

114 417 263 492 inveniat,
282 416 331 492 qui
347 431 465 492 semper
481 415 612 493 quaerit,
630 413 708 492 quod
725 415 841 473 nimium
857 422 918 483 est;
934 432 1036 474 verum
1051 415 1080 474 id
1098 424 1129 475 et

114 516 184 560 raro
202 500 356 577 provenit,
382 506 411 556 et
434 507 514 557 certa
533 500 602 558 vitia
617 514 674 557 nou
690 506 803 575 pensat.
845 497 969 576 Propter
982 499 1040 558 hoc
1055 509 1156 576 quo-6

117 602 176 662 que
192 582 337 642 interdum
351 581 485 641 ridentur
498 581 607 642 indocti
622 583 735 660 copiam
750 581 860 641 habere
874 583 1028 658 maiorem,
1048 582 1126 660 quod

115 668 216 728 dicunt
235 667 344 733 omnia;
367 664 461 725 doctis
485 674 531 725 est
552 674 581 726 et
602 665 710 726 electio
736 674 765 725 et
779 664 891 725 modus.
934 664 985 725 llis
1001 666 1125 742 accedit,

116 750 196 829 quod
212 768 229 809 a
245 767 315 810 cura
330 749 469 825 docendi,
494 749 572 827 quod
586 750 779 825 intenderunt,
796 748 946 809 recedunt.
977 749 1078 827 ltaque
1093 749 1127 809 il·

115 834 166 894 lud
183 835 387 912 quaestionum
402 843 432 892 et
452 842 686 909 argumentorum
707 832 782 912 apud
805 842 943 912 corrupta
957 832 1062 894 iudicia
1076 833 1125 893 iri·

115 936 171 996 pus
187 920 298 978 evitant
313 917 442 996 nihilque
456 917 550 993 aliud,
567 935 651 996 quam
668 917 746 996 quod
758 917 807 977 vel
818 918 916 996 pravis
928 917 1125 996 voluptatibus

115 1020 204 1062 aures
220 1003 416 1062 assistentium
430 1001 621 1081 permulceat,
638 1010 788 1080 quaerunt.
825 1002 993 1062 Sententiae
1010 1008 1151 1080 quoque?

114 1088 218 1165 ipsae,
241 1103 313 1164 quas
335 1085 414 1145 solas
430 1093 549 1162 petunt,
571 1088 663 1163 magis
688 1087 829 1161 eminent,
855 1104 919 1146 cum
940 1087 1033 1146 omnia
1048 1087 1126 1146 cirea

114 1171 182 1230 illas
207 1170 370 1232 sordidast
392 1169 505 1230 abiecta
527 1180 605 1238 sunt;
626 1179 657 1229 ut
675 1170 780 1229 lumina
805 1187 863 1229 non
885 1171 967 1232 inter
986 1170 1124 1246 umbras,

114 1253 357 1333 quemadmodum
380 1252 486 1313 Cicero
511 1253 595 1330 dicit,
619 1253 672 1313 sed
696 1252 783 1332 plane
803 1255 832 1312 in
853 1253 982 1313 tenebris
1001 1253 1125 1313 clariora

113 1346 191 1398 sunt.
238 1337 340 1415 ltaque
362 1339 506 1415 ingeniosi
525 1346 685 1414 vocentur,
708 1346 739 1397 ut
753 1337 842 1412 libet,
867 1337 932 1397 durn
946 1347 1041 1399 tamen
1057 1355 1124 1397 eon·

113 1429 191 1498 stet,
216 1422 426 1481 contumeliose
448 1423 492 1481 sic
512 1421 622 1482 landari
638 1422 785 1482 disertum.
829 1420 1019 1482 Nihilominus
1037 1421 1154 1485 cond-8

114 1507 235 1568 tendum
250 1515 296 1565 est
311 1507 396 1566 etiarn
411 1505 565 1566 detrahere
582 1508 741 1567 doctrinam
756 1506 882 1584 aliquid,
905 1515 937 1566 ut
962 1507 1056 1567 limam
1077 1524 1124 1565 ru·

113 1590 200 1651 dibus
217 1600 246 1649 et
262 1599 344 1649 cotes
359 1589 513 1649 hebetibus
529 1599 559 1649 et
571 1592 638 1650 vino
660 1599 849 1660 vetustatem
872 1590 925 1650 sed
944 1592 1013 1651 vitia
1029 1590 1123 1650 detra·

115 1675 172 1749 hit,
192 1683 280 1752 atque
297 1691 333 1733 eo
349 1673 414 1733 solo
430 1676 521 1733 minus
538 1682 598 1750 est,
616 1675 693 1752 quod
708 1675 823 1735 litterae
838 1675 1050 1753 perpolierunt,
1067 1690 1124 1752 quo

115 1758 230 1818 melius.
262 1758 372 1817 Verum
385 1758 413 1818 hi
430 1760 665 1836 pronuntiatione
681 1775 798 1838 quoque
813 1760 916 1819 lamam
933 1758 1047 1819 dicendi
1064 1758 1152 1820 ior-9

115 1845 172 1904 tius
196 1851 348 1919 quaerunt.
393 1839 466 1901 Nam
487 1850 516 1901 et
532 1842 654 1902 clamant
669 1842 777 1920 ubique
792 1852 821 1902 et
837 1844 930 1902 omnia
950 1844 1070 1917 leonte,
1096 1849 1126 1899 ut

114 1928 172 2004 ipsi
186 1934 304 2002 vocant,
320 1943 414 1987 manu
430 1927 588 2002 emugiunt,
602 1926 692 1986 multo
707 1926 858 2002 discursu,
874 1927 1020 2001 anhelitu,
1035 1926 1122 1985 iaeta-

113 2011 197 2070 tione
220 2018 341 2086 pestus,
364 2018 442 2069 motu
462 2011 564 2086 capitis
583 2011 722 2068 furentes.
768 2010 826 2070 lam
849 2009 992 2069 collidere
1014 2017 1166 2084 manus,10

112 2103 215 2154 terrae
229 2093 334 2171 pedem
348 2094 490 2168 incutere,
507 2093 609 2169 lemur,
626 2102 740 2172 pectus,
760 2093 884 2153 frontem
899 2092 1036 2168 caedere,
1052 2094 1124 2152 mire

114 2178 150 2238 ad
167 2177 309 2255 pullatum
325 2176 463 2236 circulum
477 2177 560 2244 iaeit;
586 2194 649 2236 cum
668 2177 718 2237 ille
734 2179 881 2254 eruditus,
903 2186 933 2237 nt
947 2180 976 2237 in
992 2178 1123 2237 oratione

114 2261 205 2322 multa
225 2263 420 2335 summittere,
443 2262 573 2337 variare,
597 2261 769 2339 disponere,
792 2264 831 2322 ite
853 2263 938 2322 etiam
952 2264 981 2323 in
998 2278 1122 2340 pronun·

115 2346 214 2406 tiendo
230 2363 312 2404 snum
327 2347 431 2423 cuique
446 2361 563 2421 eorum,
587 2363 661 2424 quae
675 2346 768 2421 dicet,
793 2346 886 2406 colori
902 2346 1123 2406 accommodare

115 2439 211 2490 actum
226 2432 319 2504 sciat,
346 2439 391 2504 et,
415 2431 439 2489 si
462 2429 530 2507 quid
547 2431 584 2488 sit
604 2440 746 2509 perpetua
769 2429 975 2489 observatione
996 2429 1122 2506 dignum,

114 2513 266 2573 modestus
282 2521 312 2572 et
325 2531 393 2573 esse
408 2523 438 2572 et
453 2513 546 2573 videri
560 2513 647 2573 malit.
686 2513 726 2572 ht
742 2513 784 2573 illi
798 2513 873 2572 hanc
887 2514 948 2574 uim
963 2512 1121 2591 appellant,
1132 2517 1161 2568 11

116 2614 192 2675 quae
219 2607 266 2656 est
290 2599 387 2674 potins
414 2597 567 2666 violentia;
597 2615 661 2657 eum
682 2599 796 2657 interim
819 2613 877 2656 non
899 2605 1015 2656 actores
1035 2595 1121 2654 modo

115 2681 231 2759 aliquos
247 2682 376 2742 invenias
390 2682 462 2758 sed,
485 2681 563 2759 quod
583 2690 629 2741 est
648 2683 775 2760 turpius,
798 2688 1009 2761 praeceptores
1026 2681 1121 2755 etiam,

115 2767 165 2844 qui
180 2765 301 2824 brevem
316 2765 430 2826 dicendi
446 2767 685 2826 exercitationem
699 2766 860 2842 consecuti,
877 2767 983 2825 omissa
998 2764 1121 2839 ratione,

115 2857 146 2908 ut
159 2849 226 2910 tulit
240 2851 379 2928 impetus,
401 2851 509 2929 passim
522 2849 728 2909 tumultuentur
743 2868 866 2929 eosque,
884 2851 932 2928 qui
947 2849 1013 2927 plus
1031 2848 1122 2909 hono·

115 2933 155 2991 ris
172 2932 278 2992 litteris
293 2933 468 3010 tribuerunt,
492 2936 608 3012 ineptos
630 2943 660 2994 et
681 2936 794 2994 ieiunos
810 2943 839 2994 et
854 2934 985 3013 trepidos
1001 2942 1031 2994 et
1045 2933 1121 2992 inlir·

116 3033 196 3093 mos,
221 3026 252 3076 ut
274 3017 410 3096 quodque
433 3017 553 3077 verbum
569 3019 889 3079 contumeliosissimum
903 3019 1046 3094 occurrit,
1072 3035 1121 3095 ap·

116 3099 239 3178 pellent.
285 3101 394 3160 Verum
414 3101 472 3161 illis
494 3101 608 3180 qu'ulem
637 3103 816 3180 gratulemur
835 3104 898 3161 sine
918 3102 1039 3178 labore,
1059 3104 1164 3162 sinela

117 3185 241 3260 ratione,
258 3186 321 3244 sine
336 3184 488 3264 disciplina
505 3186 638 3255 disertis;
657 3203 727 3263 nos,
748 3185 862 3265 quando
879 3195 908 3245 et
923 3185 1122 3265 praecipiendi

116 3285 217 3326 munus
241 3269 296 3327 iam
322 3269 434 3347 pridem
459 3269 609 3346 deprecati
637 3287 734 3330 sumus
762 3278 792 3330 et
812 3272 841 3329 in
864 3269 929 3329 loro
947 3288 1064 3349 quoqne
1080 3270 1121 3330 di·

117 3351 217 3428 cendi,
241 3354 307 3431 quia
322 3352 556 3414 honestissimum
571 3353 655 3412 linem
670 3363 800 3433 putamus
815 3354 966 3429 desinere,
992 3355 1057 3414 dum
1072 3353 1121 3413 de·

116 3436 325 3497 sideraremur:
338 3438 508 3516 inquirendo
525 3435 738 3518 scribendoque
753 3439 821 3499 talia
834 3438 1019 3498 consolemur
1033 3441 1122 3498 otium

159 3542 188 3581 u.
203 3542 227 3580 a.
245 3541 358 3590 curuum.
950 3523 969 3582 6
