2566 4026
214 149 274 212 192
528 159 892 220 M.FAB.QU1NT1L1AN1

212 339 292 393 νονς,
315 316 343 377 id
365 325 410 376 est
431 313 717 381 inartificiales3
742 313 811 392 [has
832 309 996 390 ἐντέχνους,
1018 313 1046 374 id
1061 324 1106 374 est
1121 318 1213 376 arti·

185 400 406 479 aliciales,l
428 406 616 460 vocaverunt.
654 396 700 457 Ex
713 396 764 456 illo
780 397 879 476 priore
893 414 1004 473 genere
1023 406 1088 458 suut
1110 416 1213 477 prae·

212 485 367 559 iudicia,
393 499 579 558 rumores,
606 488 807 556 tormenta,
831 478 995 557 tabulae,
1022 482 1214 543 iusiuran-

213 568 310 644 dum,
332 574 470 643 testes,
497 567 525 626 in
550 563 653 644 quibus
668 581 735 644 pars
751 564 872 624 maxima
888 565 1102 626 contentionum
1116 565 1213 627 foren-

213 652 286 712 sium
307 650 448 710 consistit.
486 647 546 710 Sed
564 657 596 709 ut
616 649 680 726 ipsa
700 665 754 726 per
773 665 806 708 se
829 655 928 707 carent
944 657 1021 708 arte:
1041 650 1080 710 ita
1097 655 1213 711 summis

214 735 400 812 eloquentiae
420 732 529 793 uiribus
550 741 579 792 et
606 731 756 792 allevauda
786 739 851 791 suut
877 730 1047 811 plerumque
1073 743 1102 793 et
1126 735 1213 794 reiel-

213 819 307 879 leuda.
342 817 438 890 Quare
455 816 522 876 milri
538 816 670 877 videntur
685 831 863 893 magnopere
880 815 1038 892 damnandi,
1061 818 1108 895 qui
1125 827 1214 879 totum

183 903 270 974 ahoe
290 919 384 979 genus
407 919 423 961 a
445 901 611 978 praeceptis
633 908 829 959 removerunt.
869 896 933 958 Nec
954 907 1049 959 tamen
1070 902 1099 959 in
1120 903 1213 961 auimo

213 995 271 1062 est,
288 986 392 1060 omnia,
409 1001 482 1063 quae
501 992 549 1044 aut
564 999 618 1062 pro
633 982 678 1042 lris
693 991 741 1043 aut
757 991 857 1042 contra
877 981 933 1042 dici
950 981 1062 1060 solent,
1086 986 1213 1063 comple·

214 1071 262 1132 cti.
283 1068 431 1128 Nouenim
443 1085 608 1128 communes
624 1065 708 1126 locos
722 1066 838 1127 tradere
850 1065 1036 1144 destinamus,
1050 1068 1127 1145 quod
1135 1079 1215 1129 esset

214 1154 312 1232 operis
323 1152 433 1228 induiti,
450 1151 503 1212 sed
517 1153 592 1211 viam
610 1150 750 1229 quandam
761 1159 848 1230 atque
858 1151 1009 1211 rationem.
1041 1150 1151 1225 Quibus
1164 1153 1214 1212 de·

212 1238 387 1312 monstratis,
406 1252 463 1296 non
477 1234 563 1294 modo
580 1236 609 1294 in
625 1235 796 1312 exequendo
811 1252 878 1294 suas
894 1235 1017 1314 quisque
1032 1236 1110 1295 vires
1126 1235 1215 1296 debet

213 1320 352 1381 adhibere
367 1320 419 1379 sed
434 1321 520 1380 etiam
539 1319 712 1379 inveniendo
728 1319 849 1394 similia,
872 1326 902 1378 ut
925 1335 1058 1397 quaeque
1081 1321 1213 1382 condicio

213 1404 303 1464 litium
319 1411 433 1482 poscet.
468 1401 572 1480 Neque
597 1404 672 1462 euim
693 1401 730 1461 de
753 1401 883 1462 omuibus
905 1403 1000 1462 causis
1020 1401 1121 1465 dicere
1137 1406 1213 1482 quis-

214 1504 297 1566 quam
312 1496 409 1565 potest
420 1486 523 1547 saltem
538 1486 721 1564 praeteritis,
740 1495 770 1545 ut
790 1495 901 1547 taceam
917 1486 953 1546 de
974 1486 1087 1546 lutaris.

571 1638 614 1688 DE
631 1637 853 1690 PRAEIUDICIIS.

297 1734 333 1796 11.
360 1733 419 1795 lam
441 1735 761 1813 praeiudiciorum
781 1737 825 1795 vis
846 1736 937 1795 omnis
961 1735 1051 1795 tribus
1074 1735 1102 1794 in
1124 1754 1213 1813 gene·

211 1819 291 1880 ribus
314 1826 463 1879 versatur:
491 1818 597 1907 relpuqs,
630 1837 704 1897 quae
732 1819 886 1897 aliquando
916 1837 953 1879 ex
979 1819 1096 1897 paribus
1119 1821 1212 1881 causis

212 1912 278 1963 sunt
296 1904 450 1978 iudicatae,
474 1920 548 1982 quae
565 1898 699 1981 er‘rempla
713 1905 823 1963 rectius
839 1904 981 1979 dicuutur,
1004 1913 1034 1963 ut
1050 1901 1086 1962 de
1105 1904 1211 1961 rescis-

212 1988 252 2046 sis
275 1996 388 2066 patrum
407 1989 586 2046 testamentis
607 1986 657 2047 rel
677 1996 776 2047 contra
798 1986 874 2048 lilios
890 1987 1080 2055 confirmatis;
1102 1986 1198 2047 iudicii

213 2070 248 2130 ad
271 2072 362 2149 ipsam
385 2087 500 2131 causam
520 2070 746 2148 pertinentibus,
770 2070 845 2131 uude
868 2073 953 2132 etiam
975 2089 1078 2131 nomen
1099 2005 1221 2131 incudi

213 2162 268 2230 est,
293 2154 388 2231 qualia
411 2156 439 2213 in
461 2152 648 2235 Oppianicum
663 2155 739 2215 iacta
761 2155 892 2215 dicuntur
911 2164 941 2216 et
957 2172 973 2215 a
988 2163 1089 2215 senatu
1111 2154 1213 2214 adver·

213 2255 262 2296 sus
284 2236 435 2305 Milouem
462 2247 510 2299 aut
538 2257 602 2299 cum
628 2239 666 2299 de
694 2239 794 2300 eadem
816 2256 903 2301 causa
925 2241 1136 2318 pronuntiatum
1157 2246 1213 2314 est,

212 2322 292 2381 utin
312 2322 371 2381 reis
393 2321 554 2399 deportatis
569 2332 599 2383 et
614 2325 776 2385 assertione
796 2323 924 2384 secunda
947 2332 976 2383 et
995 2321 1123 2402 partibus
1147 2340 1213 2381 cen·

184 2405 414 2481 ttumviralium,
439 2422 513 2483 quae
534 2408 562 2467 in
583 2407 654 2468 duas
677 2408 775 2468 hastas
795 2408 906 2468 divisae
928 2417 1003 2468 sunt.
1039 2405 1213 2466 Confirman-

213 2496 258 2548 tur
272 2490 430 2568 praecipue
442 2489 569 2551 duobus:
584 2493 754 2552 auctoritate
767 2508 876 2567 eorum,
890 2493 937 2569 qui
949 2492 1213 2570 pronuntiaverunt,

214 2580 244 2631 et
265 2573 448 2633 similitudine
470 2592 582 2650 rerum,
606 2575 642 2634 de
665 2575 767 2653 quibus
791 2576 952 2652 quaeritur;
976 2573 1148 2634 refelluntur
1166 2591 1214 2631 au·

213 2665 271 2715 tem
292 2673 358 2717 raro
383 2675 436 2735 per
457 2659 658 2718 contumeliam
679 2659 817 2732 iudicum,
840 2657 895 2716 nisi
916 2658 993 2716 forte
1015 2656 1165 2715 manifesta
1187 2656 1215 2712 in

212 2739 257 2799 his
281 2740 366 2818 culpa
390 2741 454 2800 erit.
498 2741 567 2800 Vult
590 2744 664 2800 enim
686 2742 924 2819 cognoscentium
946 2741 1084 2817 quisque,
1107 2737 1214 2797 llrmam

214 2841 282 2882 esse
305 2823 423 2884 alterius
447 2826 628 2901 sententiam,
651 2834 680 2884 et
701 2827 766 2903 ipse
781 2825 1029 2902 pronuntiaturum
1051 2840 1106 2881 nec
1122 2821 1213 2881 liben-

185 2915 257 2973 ster
282 2907 462 2984 exemplum,
487 2909 564 2987 quod
587 2911 615 2968 in
636 2926 670 2967 se
690 2906 816 2968 lortasse
838 2906 964 2981 recidat,
986 2906 1065 2967 facit.
1108 2903 1214 2966 Conlu-

212 2991 348 3067 giendum
370 3007 442 3068 ergo
467 3001 513 3052 est
532 2993 560 3051 iu
580 2991 692 3052 duobus
711 2991 927 3070 superioribus,
950 2992 975 3050 si
997 3008 1045 3049 res
1067 2989 1159 3066 ieret,
1179 2988 1214 3049 ad

213 3073 338 3151 aliquam
364 3073 620 3136 dissimilitudinem
648 3094 768 3145 causae:
804 3077 853 3135 vin
881 3083 975 3135 autem
1001 3074 1060 3134 ulla
1089 3082 1134 3132 est
1161 3092 1215 3152 per

214 3159 308 3216 omnia
331 3157 415 3217 alteri
439 3159 548 3218 similis.
592 3160 623 3219 Si
638 3160 666 3219 id
687 3177 745 3220 non
766 3161 914 3236 continget
936 3167 983 3218 aut
1005 3158 1106 3219 eadem
1128 3174 1215 3217 causa

215 3241 285 3300 erit:
308 3243 451 3302 actionum
472 3244 628 3303 incusanda
645 3244 823 3321 negligentia
845 3252 892 3303 aut
916 3243 951 3302 de
967 3243 1128 3302 infirmitate
1148 3260 1213 3320 per-

214 3339 349 3383 sonarum
364 3325 551 3403 querendum,
571 3335 670 3388 contra
693 3345 764 3406 quas
786 3327 841 3386 erit
855 3327 1018 3404 iudicatum,
1035 3336 1083 3387 aut
1099 3327 1135 3387 de
1149 3343 1213 3402 gra-

215 3407 264 3484 tia,
288 3425 362 3486 quae
377 3417 468 3470 testes
491 3412 664 3491 corruperit,
686 3421 733 3471 aut
749 3411 784 3472 de
800 3411 906 3472 invidia
922 3420 970 3472 aut
984 3413 1021 3472 de
1044 3411 1212 3490 ignorantia,
