<?xml version="1.0" encoding="UTF-8"?>
<!DOCTYPE html PUBLIC "-//W3C//DTD XHTML 1.0 Transitional//EN"
    "http://www.w3.org/TR/xhtml1/DTD/xhtml1-transitional.dtd">
<html xmlns="http://www.w3.org/1999/xhtml" xml:lang="en" lang="en">
 <head>
  <title>
</title>
<meta http-equiv="Content-Type" content="text/html;charset=utf-8" />
  <meta name='ocr-system' content='tesseract 3.04.00' />
  <meta name='ocr-capabilities' content='ocr_page ocr_carea ocr_par ocr_line ocrx_word'/>
</head>
<body>
  <div class='ocr_page' id='page_1' title='image "./mfabiiquintilia00bonngoog/mfabiiquintilia00bonngoog_0419.png"; bbox 0 0 2566 4026; ppageno 0'>
   <div class='ocr_carea' id='block_1_1' title="bbox 211 164 889 238">
    <p class='ocr_par' dir='ltr' id='par_1_1' title="bbox 211 164 889 238">
     <span class='ocr_line' id='line_1_1' title="bbox 211 164 889 238; baseline -0.001 -11"><span class='ocrx_word' id='word_1_1' title='bbox 211 164 252 227; x_wconf 77' lang='lat'><strong><em>82</em></strong></span> <span class='ocrx_word' id='word_1_2' title='bbox 528 179 889 238; x_wconf 56' lang='lat' dir='ltr'><strong><em>numennumen</em></strong></span> 
     </span>
    </p>
   </div>
   <div class='ocr_carea' id='block_1_2' title="bbox 160 331 1218 3512">
    <p class='ocr_par' dir='ltr' id='par_1_2' title="bbox 160 331 1218 3512">
     <span class='ocr_line' id='line_1_2' title="bbox 294 331 1088 413; baseline 0.004 -21"><span class='ocrx_word' id='word_1_3' title='bbox 294 331 360 394; x_wconf 86' lang='lat' dir='ltr'><strong><em>Sed</em></strong></span> <span class='ocrx_word' id='word_1_4' title='bbox 377 352 432 395; x_wconf 88' lang='lat' dir='ltr'><strong><em>nos</em></strong></span> <span class='ocrx_word' id='word_1_5' title='bbox 446 335 623 394; x_wconf 88' lang='lat' dir='ltr'><strong><em>immensum</em></strong></span> <span class='ocrx_word' id='word_1_6' title='bbox 640 334 741 411; x_wconf 91' lang='lat' dir='ltr'><strong><em>spatio</em></strong></span> <span class='ocrx_word' id='word_1_7' title='bbox 756 334 942 411; x_wconf 74' lang='lat' dir='ltr'><strong><em>confecimus</em></strong></span> <span class='ocrx_word' id='word_1_8' title='bbox 960 352 1088 413; x_wconf 89' lang='lat' dir='ltr'><strong><em>aequor,</em></strong></span> 
     </span>
     <span class='ocr_line' id='line_1_3' title="bbox 295 413 1112 496; baseline 0.006 -21"><span class='ocrx_word' id='word_1_9' title='bbox 295 413 416 478; x_wconf 83' lang='lat' dir='ltr'><strong><em>Etiam</em></strong></span> <span class='ocrx_word' id='word_1_10' title='bbox 438 426 556 496; x_wconf 89' lang='lat' dir='ltr'><strong><em>tempus</em></strong></span> <span class='ocrx_word' id='word_1_11' title='bbox 577 433 686 495; x_wconf 85' lang='lat' dir='ltr'><strong><em>equum</em></strong></span> <span class='ocrx_word' id='word_1_12' title='bbox 705 417 859 494; x_wconf 79' lang='lat' dir='ltr'><strong><em>fumantia</em></strong></span> <span class='ocrx_word' id='word_1_13' title='bbox 879 419 998 479; x_wconf 90' lang='lat' dir='ltr'><strong><em>solcere</em></strong></span> <span class='ocrx_word' id='word_1_14' title='bbox 1021 421 1112 481; x_wconf 87' lang='lat' dir='ltr'><strong><em>colla.</em></strong></span> 
     </span>
     <span class='ocr_line' id='line_1_4' title="bbox 167 499 774 568; baseline -0.007 -5"><span class='ocrx_word' id='word_1_15' title='bbox 167 511 201 568; x_wconf 79' lang='lat'><strong><em>46</em></strong></span> <span class='ocrx_word' id='word_1_16' title='bbox 210 503 279 563; x_wconf 87' lang='lat' dir='ltr'><strong><em>Sine</em></strong></span> <span class='ocrx_word' id='word_1_17' title='bbox 293 501 480 561; x_wconf 88' lang='lat' dir='ltr'><strong><em>translatione</em></strong></span> <span class='ocrx_word' id='word_1_18' title='bbox 497 517 569 560; x_wconf 89' lang='lat' dir='ltr'><strong><em>vero</em></strong></span> <span class='ocrx_word' id='word_1_19' title='bbox 585 501 614 559; x_wconf 90' lang='lat' dir='ltr'><strong><em>in</em></strong></span> <span class='ocrx_word' id='word_1_20' title='bbox 627 499 774 559; x_wconf 88' lang='lat' dir='ltr'><strong><em>Bucolicis</em></strong></span> 
     </span>
     <span class='ocr_line' id='line_1_5' title="bbox 253 582 1135 662; baseline 0.003 -18"><span class='ocrx_word' id='word_1_21' title='bbox 253 582 343 645; x_wconf 80' lang='lat' dir='ltr'><strong><em>Certe</em></strong></span> <span class='ocrx_word' id='word_1_22' title='bbox 358 586 498 662; x_wconf 88' lang='lat' dir='ltr'><strong><em>equidem</em></strong></span> <span class='ocrx_word' id='word_1_23' title='bbox 513 583 693 659; x_wconf 87' lang='lat' dir='ltr'><strong><em>audieram,</em></strong></span> <span class='ocrx_word' id='word_1_24' title='bbox 716 599 778 661; x_wconf 87' lang='lat' dir='ltr'><strong><em>qua</em></strong></span> <span class='ocrx_word' id='word_1_25' title='bbox 798 603 832 646; x_wconf 92' lang='lat' dir='ltr'><strong><em>se</em></strong></span> <span class='ocrx_word' id='word_1_26' title='bbox 850 585 1026 647; x_wconf 83' lang='lat' dir='ltr'><strong><em>subducere</em></strong></span> <span class='ocrx_word' id='word_1_27' title='bbox 1041 587 1135 648; x_wconf 90' lang='lat' dir='ltr'><strong><em>colles</em></strong></span> 
     </span>
     <span class='ocr_line' id='line_1_6' title="bbox 250 668 959 747; baseline 0.003 -19"><span class='ocrx_word' id='word_1_28' title='bbox 250 668 405 747; x_wconf 88' lang='lat' dir='ltr'><strong><em>lucipiunt</em></strong></span> <span class='ocrx_word' id='word_1_29' title='bbox 426 668 568 746; x_wconf 73' lang='lat' dir='ltr'><strong><em>mollique</em></strong></span> <span class='ocrx_word' id='word_1_30' title='bbox 583 670 688 746; x_wconf 80' lang='lat' dir='ltr'><strong><em>lupum</em></strong></span> <span class='ocrx_word' id='word_1_31' title='bbox 706 669 865 730; x_wconf 76' lang='lat' dir='ltr'><strong><em>demittere</em></strong></span> <span class='ocrx_word' id='word_1_32' title='bbox 882 670 959 730; x_wconf 88' lang='lat' dir='ltr'><strong><em>alico</em></strong></span> 
     </span>
     <span class='ocr_line' id='line_1_7' title="bbox 253 750 1175 832; baseline 0.001 -19"><span class='ocrx_word' id='word_1_33' title='bbox 253 750 355 830; x_wconf 86' lang='lat' dir='ltr'><strong><em>Usque</em></strong></span> <span class='ocrx_word' id='word_1_34' title='bbox 370 754 414 814; x_wconf 93' lang='lat' dir='ltr'><strong><em>ad</em></strong></span> <span class='ocrx_word' id='word_1_35' title='bbox 428 767 542 830; x_wconf 88' lang='lat' dir='ltr'><strong><em>aquom</em></strong></span> <span class='ocrx_word' id='word_1_36' title='bbox 553 760 582 813; x_wconf 92' lang='lat' dir='ltr'><strong><em>et</em></strong></span> <span class='ocrx_word' id='word_1_37' title='bbox 592 752 706 813; x_wconf 86' lang='lat' dir='ltr'><strong><em>ceteris</em></strong></span> <span class='ocrx_word' id='word_1_38' title='bbox 719 752 783 813; x_wconf 87' lang='lat' dir='ltr'><strong><em>iam</em></strong></span> <span class='ocrx_word' id='word_1_39' title='bbox 795 753 902 830; x_wconf 75' lang='lat' dir='ltr'><strong><em>fracta</em></strong></span> <span class='ocrx_word' id='word_1_40' title='bbox 917 752 1080 814; x_wconf 90' lang='lat' dir='ltr'><strong><em>cacumina</em></strong></span> <span class='ocrx_word' id='word_1_41' title='bbox 1095 754 1175 832; x_wconf 76' lang='lat' dir='ltr'><strong><em>sapi,</em></strong></span> 
     </span>
     <span class='ocr_line' id='line_1_8' title="bbox 253 833 1062 899; baseline -0.001 -2"><span class='ocrx_word' id='word_1_42' title='bbox 253 835 362 897; x_wconf 88' lang='lat' dir='ltr'><strong><em>Omnia</em></strong></span> <span class='ocrx_word' id='word_1_43' title='bbox 377 836 567 897; x_wconf 89' lang='lat' dir='ltr'><strong><em>carminibus</em></strong></span> <span class='ocrx_word' id='word_1_44' title='bbox 581 843 715 897; x_wconf 87' lang='lat' dir='ltr'><strong><em>oestrum</em></strong></span> <span class='ocrx_word' id='word_1_45' title='bbox 729 854 872 898; x_wconf 85' lang='lat' dir='ltr'><strong><em>seruasse</em></strong></span> <span class='ocrx_word' id='word_1_46' title='bbox 887 833 1062 899; x_wconf 78' lang='lat' dir='ltr'><strong><em>Menalcam.</em></strong></span> 
     </span>
     <span class='ocr_line' id='line_1_9' title="bbox 166 919 1217 998; baseline -0.004 -13"><span class='ocrx_word' id='word_1_47' title='bbox 166 922 270 985; x_wconf 78' lang='lat' dir='ltr'><strong><em>47Hoo</em></strong></span> <span class='ocrx_word' id='word_1_48' title='bbox 293 921 367 980; x_wconf 88' lang='lat' dir='ltr'><strong><em>enim</em></strong></span> <span class='ocrx_word' id='word_1_49' title='bbox 390 919 458 979; x_wconf 90' lang='lat' dir='ltr'><strong><em>loco</em></strong></span> <span class='ocrx_word' id='word_1_50' title='bbox 485 927 603 997; x_wconf 85' lang='lat' dir='ltr'><strong><em>praeter</em></strong></span> <span class='ocrx_word' id='word_1_51' title='bbox 622 935 726 978; x_wconf 89' lang='lat' dir='ltr'><strong><em>nomen</em></strong></span> <span class='ocrx_word' id='word_1_52' title='bbox 749 929 848 979; x_wconf 87' lang='lat' dir='ltr'><strong><em>cetera</em></strong></span> <span class='ocrx_word' id='word_1_53' title='bbox 875 921 1002 998; x_wconf 84' lang='lat' dir='ltr'><strong><em>propriis</em></strong></span> <span class='ocrx_word' id='word_1_54' title='bbox 1024 920 1125 981; x_wconf 88' lang='lat' dir='ltr'><strong><em>decisa</em></strong></span> <span class='ocrx_word' id='word_1_55' title='bbox 1152 932 1217 981; x_wconf 82' lang='lat' dir='ltr'><strong><em>sunt</em></strong></span> 
     </span>
     <span class='ocr_line' id='line_1_10' title="bbox 207 1000 1217 1081; baseline 0.002 -18"><span class='ocrx_word' id='word_1_56' title='bbox 207 1004 321 1080; x_wconf 91' lang='lat' dir='ltr'><strong><em>verbis,</em></strong></span> <span class='ocrx_word' id='word_1_57' title='bbox 338 1022 438 1062; x_wconf 89' lang='lat' dir='ltr'><strong><em>verum</em></strong></span> <span class='ocrx_word' id='word_1_58' title='bbox 452 1019 511 1062; x_wconf 90' lang='lat' dir='ltr'><strong><em>non</em></strong></span> <span class='ocrx_word' id='word_1_59' title='bbox 527 1011 628 1081; x_wconf 89' lang='lat' dir='ltr'><strong><em>pastor</em></strong></span> <span class='ocrx_word' id='word_1_60' title='bbox 643 1000 792 1062; x_wconf 82' lang='lat' dir='ltr'><strong><em>Menalcas</em></strong></span> <span class='ocrx_word' id='word_1_61' title='bbox 810 1004 864 1064; x_wconf 88' lang='lat' dir='ltr'><strong><em>sed</em></strong></span> <span class='ocrx_word' id='word_1_62' title='bbox 879 1003 1029 1079; x_wconf 80' lang='lat' dir='ltr'><strong><em>Vergilius</em></strong></span> <span class='ocrx_word' id='word_1_63' title='bbox 1048 1014 1093 1063; x_wconf 85' lang='lat' dir='ltr'><strong><em>est</em></strong></span> <span class='ocrx_word' id='word_1_64' title='bbox 1109 1005 1217 1065; x_wconf 90' lang='lat' dir='ltr'><strong><em>intelli·</em></strong></span> 
     </span>
     <span class='ocr_line' id='line_1_11' title="bbox 207 1086 1218 1167; baseline 0 -18"><span class='ocrx_word' id='word_1_65' title='bbox 207 1089 330 1167; x_wconf 80' lang='lat' dir='ltr'><strong><em>gendes.</em></strong></span> <span class='ocrx_word' id='word_1_66' title='bbox 365 1086 460 1147; x_wconf 82' lang='lat' dir='ltr'><strong><em>Habet</em></strong></span> <span class='ocrx_word' id='word_1_67' title='bbox 482 1105 564 1146; x_wconf 89' lang='lat' dir='ltr'><strong><em>usum</em></strong></span> <span class='ocrx_word' id='word_1_68' title='bbox 587 1086 653 1147; x_wconf 88' lang='lat' dir='ltr'><strong><em>talis</em></strong></span> <span class='ocrx_word' id='word_1_69' title='bbox 671 1087 833 1163; x_wconf 78' lang='lat' dir='ltr'><strong><em>allegoriae</em></strong></span> <span class='ocrx_word' id='word_1_70' title='bbox 856 1087 1027 1165; x_wconf 86' lang='lat' dir='ltr'><strong><em>frequenter</em></strong></span> <span class='ocrx_word' id='word_1_71' title='bbox 1048 1089 1140 1147; x_wconf 88' lang='lat' dir='ltr'><strong><em>oratio</em></strong></span> <span class='ocrx_word' id='word_1_72' title='bbox 1165 1089 1218 1149; x_wconf 90' lang='lat' dir='ltr'><strong><em>sed</em></strong></span> 
     </span>
     <span class='ocr_line' id='line_1_12' title="bbox 206 1170 1217 1249; baseline 0.001 -17"><span class='ocrx_word' id='word_1_73' title='bbox 206 1190 274 1232; x_wconf 90' lang='lat' dir='ltr'><strong><em>raro</em></strong></span> <span class='ocrx_word' id='word_1_74' title='bbox 291 1171 393 1237; x_wconf 87' lang='lat' dir='ltr'><strong><em>totius;</em></strong></span> <span class='ocrx_word' id='word_1_75' title='bbox 416 1171 587 1249; x_wconf 86' lang='lat' dir='ltr'><strong><em>plerumque</em></strong></span> <span class='ocrx_word' id='word_1_76' title='bbox 605 1172 714 1248; x_wconf 89' lang='lat' dir='ltr'><strong><em>apertis</em></strong></span> <span class='ocrx_word' id='word_1_77' title='bbox 730 1172 873 1248; x_wconf 77' lang='lat' dir='ltr'><strong><em>permixta</em></strong></span> <span class='ocrx_word' id='word_1_78' title='bbox 890 1179 944 1230; x_wconf 90' lang='lat' dir='ltr'><strong><em>est.</em></strong></span> <span class='ocrx_word' id='word_1_79' title='bbox 988 1170 1062 1230; x_wconf 82' lang='lat' dir='ltr'><strong><em>Tota</em></strong></span> <span class='ocrx_word' id='word_1_80' title='bbox 1078 1173 1154 1249; x_wconf 89' lang='lat' dir='ltr'><strong><em>apud</em></strong></span> <span class='ocrx_word' id='word_1_81' title='bbox 1171 1170 1217 1233; x_wconf 86' lang='lat' dir='ltr'><strong><em>Ci-</em></strong></span> 
     </span>
     <span class='ocr_line' id='line_1_13' title="bbox 208 1252 1217 1333; baseline 0.001 -17"><span class='ocrx_word' id='word_1_82' title='bbox 208 1273 346 1316; x_wconf 88' lang='lat' dir='ltr'><strong><em>ceronem</em></strong></span> <span class='ocrx_word' id='word_1_83' title='bbox 361 1254 428 1314; x_wconf 87' lang='lat' dir='ltr'><strong><em>talis</em></strong></span> <span class='ocrx_word' id='word_1_84' title='bbox 445 1264 504 1314; x_wconf 81' lang='lat' dir='ltr'><strong><em>est:</em></strong></span> <span class='ocrx_word' id='word_1_85' title='bbox 536 1252 600 1316; x_wconf 87' lang='lat' dir='ltr'><strong><em>Hoc</em></strong></span> <span class='ocrx_word' id='word_1_86' title='bbox 614 1255 728 1330; x_wconf 85' lang='lat' dir='ltr'><strong><em>miror,</em></strong></span> <span class='ocrx_word' id='word_1_87' title='bbox 746 1254 802 1316; x_wconf 80' lang='lat' dir='ltr'><strong><em>loc</em></strong></span> <span class='ocrx_word' id='word_1_88' title='bbox 818 1270 947 1333; x_wconf 89' lang='lat' dir='ltr'><strong><em>queror,</em></strong></span> <span class='ocrx_word' id='word_1_89' title='bbox 965 1270 1149 1333; x_wconf 90' lang='lat' dir='ltr'><strong><em>quemquam</em></strong></span> <span class='ocrx_word' id='word_1_90' title='bbox 1163 1256 1217 1317; x_wconf 83' lang='lat' dir='ltr'><strong><em>luo-</em></strong></span> 
     </span>
     <span class='ocr_line' id='line_1_14' title="bbox 207 1339 1217 1417; baseline -0.004 -15"><span class='ocrx_word' id='word_1_91' title='bbox 207 1342 316 1402; x_wconf 90' lang='lat' dir='ltr'><strong><em>minem</em></strong></span> <span class='ocrx_word' id='word_1_92' title='bbox 330 1340 375 1400; x_wconf 89' lang='lat' dir='ltr'><strong><em>ito</em></strong></span> <span class='ocrx_word' id='word_1_93' title='bbox 389 1340 595 1417; x_wconf 76' lang='lat' dir='ltr'><strong><em>pessumdare</em></strong></span> <span class='ocrx_word' id='word_1_94' title='bbox 608 1339 739 1399; x_wconf 90' lang='lat' dir='ltr'><strong><em>alteram</em></strong></span> <span class='ocrx_word' id='word_1_95' title='bbox 752 1339 844 1414; x_wconf 84' lang='lat' dir='ltr'><strong><em>celle,</em></strong></span> <span class='ocrx_word' id='word_1_96' title='bbox 866 1347 899 1399; x_wconf 92' lang='lat' dir='ltr'><strong><em>ut</em></strong></span> <span class='ocrx_word' id='word_1_97' title='bbox 914 1340 1004 1400; x_wconf 90' lang='lat' dir='ltr'><strong><em>etiam</em></strong></span> <span class='ocrx_word' id='word_1_98' title='bbox 1018 1355 1128 1400; x_wconf 87' lang='lat' dir='ltr'><strong><em>nauem</em></strong></span> <span class='ocrx_word' id='word_1_99' title='bbox 1141 1357 1217 1417; x_wconf 89' lang='lat' dir='ltr'><strong><em>per-</em></strong></span> 
     </span>
     <span class='ocr_line' id='line_1_15' title="bbox 164 1420 1215 1503; baseline -0.005 -16"><span class='ocrx_word' id='word_1_100' title='bbox 164 1432 199 1487; x_wconf 81' lang='lat'><strong><em>48</em></strong></span> <span class='ocrx_word' id='word_1_101' title='bbox 205 1426 297 1503; x_wconf 76' lang='lat' dir='ltr'><strong><em>forat,</em></strong></span> <span class='ocrx_word' id='word_1_102' title='bbox 308 1425 341 1483; x_wconf 93' lang='lat' dir='ltr'><strong><em>in</em></strong></span> <span class='ocrx_word' id='word_1_103' title='bbox 353 1438 417 1501; x_wconf 92' lang='lat' dir='ltr'><strong><em>qua</em></strong></span> <span class='ocrx_word' id='word_1_104' title='bbox 426 1425 493 1502; x_wconf 88' lang='lat' dir='ltr'><strong><em>ipse</em></strong></span> <span class='ocrx_word' id='word_1_105' title='bbox 507 1424 638 1501; x_wconf 82' lang='lat' dir='ltr'><strong><em>nauipct.</em></strong></span> <span class='ocrx_word' id='word_1_106' title='bbox 653 1420 729 1483; x_wconf 90' lang='lat' dir='ltr'><strong><em>Illud</em></strong></span> <span class='ocrx_word' id='word_1_107' title='bbox 741 1423 924 1481; x_wconf 84' lang='lat' dir='ltr'><strong><em>commixtum</em></strong></span> <span class='ocrx_word' id='word_1_108' title='bbox 936 1422 1215 1499; x_wconf 84' lang='lat' dir='ltr'><strong><em>frequentissimum.</em></strong></span> 
     </span>
     <span class='ocr_line' id='line_1_16' title="bbox 206 1505 1218 1587; baseline 0.002 -20"><span class='ocrx_word' id='word_1_109' title='bbox 206 1505 358 1587; x_wconf 83' lang='lat' dir='ltr'><strong><em>Equidem</em></strong></span> <span class='ocrx_word' id='word_1_110' title='bbox 375 1515 497 1569; x_wconf 86' lang='lat' dir='ltr'><strong><em>ceteras</em></strong></span> <span class='ocrx_word' id='word_1_111' title='bbox 514 1514 707 1585; x_wconf 87' lang='lat' dir='ltr'><strong><em>tempestates</em></strong></span> <span class='ocrx_word' id='word_1_112' title='bbox 729 1514 758 1566; x_wconf 91' lang='lat' dir='ltr'><strong><em>et</em></strong></span> <span class='ocrx_word' id='word_1_113' title='bbox 771 1506 923 1581; x_wconf 88' lang='lat' dir='ltr'><strong><em>procellas</em></strong></span> <span class='ocrx_word' id='word_1_114' title='bbox 937 1508 970 1566; x_wconf 90' lang='lat' dir='ltr'><strong><em>in</em></strong></span> <span class='ocrx_word' id='word_1_115' title='bbox 983 1507 1046 1567; x_wconf 89' lang='lat' dir='ltr'><strong><em>illis</em></strong></span> <span class='ocrx_word' id='word_1_116' title='bbox 1063 1505 1218 1569; x_wconf 85' lang='lat' dir='ltr'><strong><em>duntaaat</em></strong></span> 
     </span>
     <span class='ocr_line' id='line_1_17' title="bbox 204 1587 1216 1669; baseline 0 -16"><span class='ocrx_word' id='word_1_117' title='bbox 204 1589 348 1669; x_wconf 66' lang='lat' dir='ltr'><strong><em>[luctibus</em></strong></span> <span class='ocrx_word' id='word_1_118' title='bbox 365 1592 536 1652; x_wconf 76' lang='lat' dir='ltr'><strong><em>conionum</em></strong></span> <span class='ocrx_word' id='word_1_119' title='bbox 552 1609 673 1669; x_wconf 82' lang='lat' dir='ltr'><strong><em>semper</em></strong></span> <span class='ocrx_word' id='word_1_120' title='bbox 690 1587 797 1650; x_wconf 86' lang='lat' dir='ltr'><strong><em>Miloni</em></strong></span> <span class='ocrx_word' id='word_1_121' title='bbox 813 1591 924 1668; x_wconf 84' lang='lat' dir='ltr'><strong><em>putaui</em></strong></span> <span class='ocrx_word' id='word_1_122' title='bbox 944 1609 1012 1651; x_wconf 87' lang='lat' dir='ltr'><strong><em>esse</em></strong></span> <span class='ocrx_word' id='word_1_123' title='bbox 1028 1590 1216 1653; x_wconf 86' lang='lat' dir='ltr'><strong><em>subeundas.</em></strong></span> 
     </span>
     <span class='ocr_line' id='line_1_18' title="bbox 205 1671 1216 1752; baseline 0.001 -19"><span class='ocrx_word' id='word_1_124' title='bbox 205 1673 268 1734; x_wconf 92' lang='lat' dir='ltr'><strong><em>Nisi</em></strong></span> <span class='ocrx_word' id='word_1_125' title='bbox 284 1674 441 1735; x_wconf 87' lang='lat' dir='ltr'><strong><em>adiecisset</em></strong></span> <span class='ocrx_word' id='word_1_126' title='bbox 457 1676 610 1736; x_wconf 83' lang='lat' dir='ltr'><strong><em>duntaaat</em></strong></span> <span class='ocrx_word' id='word_1_127' title='bbox 626 1671 771 1751; x_wconf 74' lang='lat' dir='ltr'><strong><em>tactibus</em></strong></span> <span class='ocrx_word' id='word_1_128' title='bbox 791 1675 982 1736; x_wconf 79' lang='lat' dir='ltr'><strong><em>contionum.-</em></strong></span> <span class='ocrx_word' id='word_1_129' title='bbox 1004 1682 1085 1733; x_wconf 88' lang='lat' dir='ltr'><strong><em>esset</em></strong></span> <span class='ocrx_word' id='word_1_130' title='bbox 1101 1674 1216 1752; x_wconf 80' lang='lat' dir='ltr'><strong><em>allego·</em></strong></span> 
     </span>
     <span class='ocr_line' id='line_1_19' title="bbox 205 1755 1215 1836; baseline 0 -20"><span class='ocrx_word' id='word_1_131' title='bbox 205 1762 264 1826; x_wconf 79' lang='lat' dir='ltr'><strong><em>ria3</em></strong></span> <span class='ocrx_word' id='word_1_132' title='bbox 287 1775 363 1816; x_wconf 91' lang='lat' dir='ltr'><strong><em>nunc</em></strong></span> <span class='ocrx_word' id='word_1_133' title='bbox 380 1775 443 1817; x_wconf 87' lang='lat' dir='ltr'><strong><em>eam</em></strong></span> <span class='ocrx_word' id='word_1_134' title='bbox 462 1759 583 1818; x_wconf 84' lang='lat' dir='ltr'><strong><em>miscuit.</em></strong></span> <span class='ocrx_word' id='word_1_135' title='bbox 624 1755 688 1829; x_wconf 84' lang='lat' dir='ltr'><strong><em>Quo</em></strong></span> <span class='ocrx_word' id='word_1_136' title='bbox 704 1758 733 1816; x_wconf 87' lang='lat' dir='ltr'><strong><em>in</em></strong></span> <span class='ocrx_word' id='word_1_137' title='bbox 748 1776 859 1834; x_wconf 82' lang='lat' dir='ltr'><strong><em>genere</em></strong></span> <span class='ocrx_word' id='word_1_138' title='bbox 877 1766 906 1817; x_wconf 90' lang='lat' dir='ltr'><strong><em>et</em></strong></span> <span class='ocrx_word' id='word_1_139' title='bbox 922 1759 1039 1836; x_wconf 89' lang='lat' dir='ltr'><strong><em>species</em></strong></span> <span class='ocrx_word' id='word_1_140' title='bbox 1063 1775 1100 1816; x_wconf 87' lang='lat' dir='ltr'><strong><em>ex</em></strong></span> <span class='ocrx_word' id='word_1_141' title='bbox 1116 1774 1215 1818; x_wconf 90' lang='lat' dir='ltr'><strong><em>arces·</em></strong></span> 
     </span>
     <span class='ocr_line' id='line_1_20' title="bbox 164 1840 1216 1920; baseline -0.001 -17"><span class='ocrx_word' id='word_1_142' title='bbox 164 1849 197 1903; x_wconf 79' lang='lat'><strong><em>49</em></strong></span> <span class='ocrx_word' id='word_1_143' title='bbox 205 1843 267 1900; x_wconf 90' lang='lat' dir='ltr'><strong><em>sitis</em></strong></span> <span class='ocrx_word' id='word_1_144' title='bbox 284 1841 383 1900; x_wconf 85' lang='lat' dir='ltr'><strong><em>verbis</em></strong></span> <span class='ocrx_word' id='word_1_145' title='bbox 399 1843 478 1901; x_wconf 85' lang='lat' dir='ltr'><strong><em>venit</em></strong></span> <span class='ocrx_word' id='word_1_146' title='bbox 493 1849 522 1899; x_wconf 89' lang='lat' dir='ltr'><strong><em>et</em></strong></span> <span class='ocrx_word' id='word_1_147' title='bbox 538 1840 703 1900; x_wconf 88' lang='lat' dir='ltr'><strong><em>intellectus</em></strong></span> <span class='ocrx_word' id='word_1_148' title='bbox 720 1859 758 1900; x_wconf 84' lang='lat' dir='ltr'><strong><em>ex</em></strong></span> <span class='ocrx_word' id='word_1_149' title='bbox 775 1843 911 1920; x_wconf 85' lang='lat' dir='ltr'><strong><em>propriis.</em></strong></span> <span class='ocrx_word' id='word_1_150' title='bbox 940 1840 1015 1902; x_wconf 90' lang='lat' dir='ltr'><strong><em>Illud</em></strong></span> <span class='ocrx_word' id='word_1_151' title='bbox 1035 1858 1107 1901; x_wconf 89' lang='lat' dir='ltr'><strong><em>vero</em></strong></span> <span class='ocrx_word' id='word_1_152' title='bbox 1125 1841 1216 1920; x_wconf 83' lang='lat' dir='ltr'><strong><em>longe</em></strong></span> 
     </span>
     <span class='ocr_line' id='line_1_21' title="bbox 205 1925 1217 2004; baseline 0.002 -20"><span class='ocrx_word' id='word_1_153' title='bbox 205 1926 454 2002; x_wconf 89' lang='lat' dir='ltr'><strong><em>speciosissimum</em></strong></span> <span class='ocrx_word' id='word_1_154' title='bbox 475 1942 568 2002; x_wconf 78' lang='lat' dir='ltr'><strong><em>genus</em></strong></span> <span class='ocrx_word' id='word_1_155' title='bbox 592 1925 748 2000; x_wconf 88' lang='lat' dir='ltr'><strong><em>orationis,</em></strong></span> <span class='ocrx_word' id='word_1_156' title='bbox 778 1927 806 1984; x_wconf 91' lang='lat' dir='ltr'><strong><em>in</em></strong></span> <span class='ocrx_word' id='word_1_157' title='bbox 827 1943 884 2003; x_wconf 92' lang='lat' dir='ltr'><strong><em>quo</em></strong></span> <span class='ocrx_word' id='word_1_158' title='bbox 901 1927 985 1984; x_wconf 89' lang='lat' dir='ltr'><strong><em>trium</em></strong></span> <span class='ocrx_word' id='word_1_159' title='bbox 1005 1926 1149 2004; x_wconf 82' lang='lat' dir='ltr'><strong><em>permixta</em></strong></span> <span class='ocrx_word' id='word_1_160' title='bbox 1171 1935 1217 1986; x_wconf 88' lang='lat' dir='ltr'><strong><em>est</em></strong></span> 
     </span>
     <span class='ocr_line' id='line_1_22' title="bbox 205 2007 1216 2087; baseline 0.003 -20"><span class='ocrx_word' id='word_1_161' title='bbox 205 2009 314 2086; x_wconf 84' lang='lat' dir='ltr'><strong><em>gratia,</em></strong></span> <span class='ocrx_word' id='word_1_162' title='bbox 333 2008 540 2085; x_wconf 83' lang='lat' dir='ltr'><strong><em>similitudinis,</em></strong></span> <span class='ocrx_word' id='word_1_163' title='bbox 557 2008 735 2085; x_wconf 82' lang='lat' dir='ltr'><strong><em>allegoriae,</em></strong></span> <span class='ocrx_word' id='word_1_164' title='bbox 752 2009 964 2069; x_wconf 82' lang='lat' dir='ltr'><strong><em>translationis:</em></strong></span> <span class='ocrx_word' id='word_1_165' title='bbox 990 2007 1080 2083; x_wconf 85' lang='lat' dir='ltr'><strong><em>Quod</em></strong></span> <span class='ocrx_word' id='word_1_166' title='bbox 1089 2009 1216 2087; x_wconf 82' lang='lat' dir='ltr'><strong><em>fratum,</em></strong></span> 
     </span>
     <span class='ocr_line' id='line_1_23' title="bbox 205 2091 1217 2171; baseline 0.002 -19"><span class='ocrx_word' id='word_1_167' title='bbox 205 2108 293 2170; x_wconf 89' lang='lat' dir='ltr'><strong><em>quem</em></strong></span> <span class='ocrx_word' id='word_1_168' title='bbox 309 2091 478 2171; x_wconf 83' lang='lat' dir='ltr'><strong><em>Euripum,</em></strong></span> <span class='ocrx_word' id='word_1_169' title='bbox 495 2101 536 2154; x_wconf 90' lang='lat' dir='ltr'><strong><em>tot</em></strong></span> <span class='ocrx_word' id='word_1_170' title='bbox 550 2099 663 2168; x_wconf 84' lang='lat' dir='ltr'><strong><em>motus,</em></strong></span> <span class='ocrx_word' id='word_1_171' title='bbox 682 2099 800 2170; x_wconf 87' lang='lat' dir='ltr'><strong><em>tantas,</em></strong></span> <span class='ocrx_word' id='word_1_172' title='bbox 819 2102 882 2154; x_wconf 91' lang='lat' dir='ltr'><strong><em>tam</em></strong></span> <span class='ocrx_word' id='word_1_173' title='bbox 896 2096 1004 2154; x_wconf 87' lang='lat' dir='ltr'><strong><em>carias</em></strong></span> <span class='ocrx_word' id='word_1_174' title='bbox 1018 2093 1133 2154; x_wconf 81' lang='lat' dir='ltr'><strong><em>labere</em></strong></span> <span class='ocrx_word' id='word_1_175' title='bbox 1148 2112 1217 2155; x_wconf 90' lang='lat' dir='ltr'><strong><em>cre·</em></strong></span> 
     </span>
     <span class='ocr_line' id='line_1_24' title="bbox 205 2174 1216 2256; baseline 0 -19"><span class='ocrx_word' id='word_1_176' title='bbox 205 2178 277 2238; x_wconf 90' lang='lat' dir='ltr'><strong><em>ditis</em></strong></span> <span class='ocrx_word' id='word_1_177' title='bbox 294 2177 493 2256; x_wconf 68' lang='lat' dir='ltr'><strong><em>aquationes,</em></strong></span> <span class='ocrx_word' id='word_1_178' title='bbox 516 2178 775 2253; x_wconf 83' lang='lat' dir='ltr'><strong><em>commutationes,</em></strong></span> <span class='ocrx_word' id='word_1_179' title='bbox 791 2174 921 2254; x_wconf 73' lang='lat' dir='ltr'><strong><em>dactus,</em></strong></span> <span class='ocrx_word' id='word_1_180' title='bbox 940 2186 1075 2256; x_wconf 87' lang='lat' dir='ltr'><strong><em>quantas</em></strong></span> <span class='ocrx_word' id='word_1_181' title='bbox 1085 2185 1216 2255; x_wconf 87' lang='lat' dir='ltr'><strong><em>pertar-</em></strong></span> 
     </span>
     <span class='ocr_line' id='line_1_25' title="bbox 204 2260 1217 2338; baseline 0.001 -16"><span class='ocrx_word' id='word_1_182' title='bbox 204 2260 341 2322; x_wconf 85' lang='lat' dir='ltr'><strong><em>bationes</em></strong></span> <span class='ocrx_word' id='word_1_183' title='bbox 363 2268 392 2322; x_wconf 90' lang='lat' dir='ltr'><strong><em>et</em></strong></span> <span class='ocrx_word' id='word_1_184' title='bbox 414 2269 544 2338; x_wconf 90' lang='lat' dir='ltr'><strong><em>quantos</em></strong></span> <span class='ocrx_word' id='word_1_185' title='bbox 560 2269 664 2322; x_wconf 86' lang='lat' dir='ltr'><strong><em>aestus</em></strong></span> <span class='ocrx_word' id='word_1_186' title='bbox 677 2261 768 2322; x_wconf 82' lang='lat' dir='ltr'><strong><em>labet</em></strong></span> <span class='ocrx_word' id='word_1_187' title='bbox 785 2263 865 2323; x_wconf 90' lang='lat' dir='ltr'><strong><em>ratio</em></strong></span> <span class='ocrx_word' id='word_1_188' title='bbox 887 2263 1099 2323; x_wconf 80' lang='lat' dir='ltr'><strong><em>comitiorum?</em></strong></span> <span class='ocrx_word' id='word_1_189' title='bbox 1139 2260 1217 2323; x_wconf 89' lang='lat' dir='ltr'><strong><em>Dies</em></strong></span> 
     </span>
     <span class='ocr_line' id='line_1_26' title="bbox 203 2345 1218 2423; baseline 0.001 -18"><span class='ocrx_word' id='word_1_190' title='bbox 203 2346 395 2407; x_wconf 86' lang='lat' dir='ltr'><strong><em>intermissus</em></strong></span> <span class='ocrx_word' id='word_1_191' title='bbox 416 2364 497 2407; x_wconf 87' lang='lat' dir='ltr'><strong><em>anus</em></strong></span> <span class='ocrx_word' id='word_1_192' title='bbox 520 2354 575 2407; x_wconf 91' lang='lat' dir='ltr'><strong><em>aut</em></strong></span> <span class='ocrx_word' id='word_1_193' title='bbox 595 2363 659 2407; x_wconf 85' lang='lat' dir='ltr'><strong><em>noa</em></strong></span> <span class='ocrx_word' id='word_1_194' title='bbox 679 2346 860 2422; x_wconf 86' lang='lat' dir='ltr'><strong><em>interposita</em></strong></span> <span class='ocrx_word' id='word_1_195' title='bbox 885 2364 979 2423; x_wconf 90' lang='lat' dir='ltr'><strong><em>saepe</em></strong></span> <span class='ocrx_word' id='word_1_196' title='bbox 999 2354 1027 2406; x_wconf 89' lang='lat' dir='ltr'><strong><em>et</em></strong></span> <span class='ocrx_word' id='word_1_197' title='bbox 1051 2345 1218 2423; x_wconf 82' lang='lat' dir='ltr'><strong><em>perturbat</em></strong></span> 
     </span>
     <span class='ocr_line' id='line_1_27' title="bbox 203 2431 1217 2508; baseline -0.001 -17"><span class='ocrx_word' id='word_1_198' title='bbox 203 2431 305 2491; x_wconf 91' lang='lat' dir='ltr'><strong><em>omnia</em></strong></span> <span class='ocrx_word' id='word_1_199' title='bbox 330 2437 360 2490; x_wconf 91' lang='lat' dir='ltr'><strong><em>et</em></strong></span> <span class='ocrx_word' id='word_1_200' title='bbox 381 2436 474 2490; x_wconf 93' lang='lat' dir='ltr'><strong><em>totam</em></strong></span> <span class='ocrx_word' id='word_1_201' title='bbox 499 2431 669 2508; x_wconf 88' lang='lat' dir='ltr'><strong><em>opinionem</em></strong></span> <span class='ocrx_word' id='word_1_202' title='bbox 692 2447 795 2507; x_wconf 89' lang='lat' dir='ltr'><strong><em>parca</em></strong></span> <span class='ocrx_word' id='word_1_203' title='bbox 813 2445 1030 2507; x_wconf 86' lang='lat' dir='ltr'><strong><em>nonnunquam</em></strong></span> <span class='ocrx_word' id='word_1_204' title='bbox 1051 2437 1217 2491; x_wconf 87' lang='lat' dir='ltr'><strong><em>commutat</em></strong></span> 
     </span>
     <span class='ocr_line' id='line_1_28' title="bbox 161 2512 1214 2590; baseline -0.003 -16"><span class='ocrx_word' id='word_1_205' title='bbox 161 2529 286 2580; x_wconf 69' lang='lat' dir='ltr'><strong><em>aoaura</em></strong></span> <span class='ocrx_word' id='word_1_206' title='bbox 300 2514 444 2574; x_wconf 84' lang='lat' dir='ltr'><strong><em>rumoris.</em></strong></span> <span class='ocrx_word' id='word_1_207' title='bbox 487 2512 560 2572; x_wconf 89' lang='lat' dir='ltr'><strong><em>Nam</em></strong></span> <span class='ocrx_word' id='word_1_208' title='bbox 576 2513 604 2573; x_wconf 94' lang='lat' dir='ltr'><strong><em>id</em></strong></span> <span class='ocrx_word' id='word_1_209' title='bbox 622 2529 740 2590; x_wconf 90' lang='lat' dir='ltr'><strong><em>qnoque</em></strong></span> <span class='ocrx_word' id='word_1_210' title='bbox 756 2514 783 2571; x_wconf 92' lang='lat' dir='ltr'><strong><em>in</em></strong></span> <span class='ocrx_word' id='word_1_211' title='bbox 799 2513 897 2590; x_wconf 89' lang='lat' dir='ltr'><strong><em>primis</em></strong></span> <span class='ocrx_word' id='word_1_212' title='bbox 919 2522 964 2572; x_wconf 88' lang='lat' dir='ltr'><strong><em>est</em></strong></span> <span class='ocrx_word' id='word_1_213' title='bbox 982 2512 1214 2589; x_wconf 88' lang='lat' dir='ltr'><strong><em>custodiendum,</em></strong></span> 
     </span>
     <span class='ocr_line' id='line_1_29' title="bbox 203 2594 1216 2674; baseline -0.001 -18"><span class='ocrx_word' id='word_1_214' title='bbox 203 2605 252 2670; x_wconf 87' lang='lat' dir='ltr'><strong><em>ut,</em></strong></span> <span class='ocrx_word' id='word_1_215' title='bbox 270 2613 327 2674; x_wconf 93' lang='lat' dir='ltr'><strong><em>quo</em></strong></span> <span class='ocrx_word' id='word_1_216' title='bbox 341 2614 500 2673; x_wconf 80' lang='lat' dir='ltr'><strong><em>exgenere</em></strong></span> <span class='ocrx_word' id='word_1_217' title='bbox 514 2597 650 2674; x_wconf 90' lang='lat' dir='ltr'><strong><em>coeperis</em></strong></span> <span class='ocrx_word' id='word_1_218' title='bbox 667 2595 879 2672; x_wconf 77' lang='lat' dir='ltr'><strong><em>translationis,</em></strong></span> <span class='ocrx_word' id='word_1_219' title='bbox 896 2595 954 2656; x_wconf 90' lang='lat' dir='ltr'><strong><em>hoe</em></strong></span> <span class='ocrx_word' id='word_1_220' title='bbox 969 2597 1094 2657; x_wconf 88' lang='lat' dir='ltr'><strong><em>desinas.</em></strong></span> <span class='ocrx_word' id='word_1_221' title='bbox 1132 2594 1216 2655; x_wconf 85' lang='lat' dir='ltr'><strong><em>Multi</em></strong></span> 
     </span>
     <span class='ocr_line' id='line_1_30' title="bbox 204 2679 1216 2758; baseline 0 -19"><span class='ocrx_word' id='word_1_222' title='bbox 204 2688 316 2755; x_wconf 86' lang='lat' dir='ltr'><strong><em>antem,</em></strong></span> <span class='ocrx_word' id='word_1_223' title='bbox 339 2698 403 2740; x_wconf 88' lang='lat' dir='ltr'><strong><em>cum</em></strong></span> <span class='ocrx_word' id='word_1_224' title='bbox 424 2681 533 2739; x_wconf 87' lang='lat' dir='ltr'><strong><em>initium</em></strong></span> <span class='ocrx_word' id='word_1_225' title='bbox 558 2697 574 2739; x_wconf 88' lang='lat' dir='ltr'><strong><em>a</em></strong></span> <span class='ocrx_word' id='word_1_226' title='bbox 593 2688 766 2757; x_wconf 86' lang='lat' dir='ltr'><strong><em>tempestate</em></strong></span> <span class='ocrx_word' id='word_1_227' title='bbox 786 2688 986 2758; x_wconf 89' lang='lat' dir='ltr'><strong><em>sumpserunt,</em></strong></span> <span class='ocrx_word' id='word_1_228' title='bbox 1012 2679 1148 2738; x_wconf 87' lang='lat' dir='ltr'><strong><em>incendio</em></strong></span> <span class='ocrx_word' id='word_1_229' title='bbox 1166 2686 1216 2739; x_wconf 83' lang='lat' dir='ltr'><strong><em>ant</em></strong></span> 
     </span>
     <span class='ocr_line' id='line_1_31' title="bbox 161 2759 1213 2841; baseline 0.001 -19"><span class='ocrx_word' id='word_1_230' title='bbox 161 2766 283 2832; x_wconf 77' lang='lat' dir='ltr'><strong><em>51ruina</em></strong></span> <span class='ocrx_word' id='word_1_231' title='bbox 296 2764 408 2831; x_wconf 88' lang='lat' dir='ltr'><strong><em>finiunt;</em></strong></span> <span class='ocrx_word' id='word_1_232' title='bbox 429 2781 503 2841; x_wconf 89' lang='lat' dir='ltr'><strong><em>quae</em></strong></span> <span class='ocrx_word' id='word_1_233' title='bbox 520 2772 565 2822; x_wconf 89' lang='lat' dir='ltr'><strong><em>est</em></strong></span> <span class='ocrx_word' id='word_1_234' title='bbox 580 2765 818 2841; x_wconf 88' lang='lat' dir='ltr'><strong><em>inconsequentia</em></strong></span> <span class='ocrx_word' id='word_1_235' title='bbox 834 2781 930 2823; x_wconf 89' lang='lat' dir='ltr'><strong><em>rerum</em></strong></span> <span class='ocrx_word' id='word_1_236' title='bbox 945 2763 1124 2823; x_wconf 87' lang='lat' dir='ltr'><strong><em>foedissima.</em></strong></span> <span class='ocrx_word' id='word_1_237' title='bbox 1157 2759 1213 2823; x_wconf 84' lang='lat' dir='ltr'><strong><em>Ce-</em></strong></span> 
     </span>
     <span class='ocr_line' id='line_1_32' title="bbox 203 2846 1215 2925; baseline 0 -19"><span class='ocrx_word' id='word_1_238' title='bbox 203 2856 296 2906; x_wconf 87' lang='lat' dir='ltr'><strong><em>terum</em></strong></span> <span class='ocrx_word' id='word_1_239' title='bbox 317 2847 460 2924; x_wconf 86' lang='lat' dir='ltr'><strong><em>allegoria</em></strong></span> <span class='ocrx_word' id='word_1_240' title='bbox 482 2849 579 2924; x_wconf 89' lang='lat' dir='ltr'><strong><em>parvis</em></strong></span> <span class='ocrx_word' id='word_1_241' title='bbox 597 2864 713 2925; x_wconf 89' lang='lat' dir='ltr'><strong><em>quoquc</em></strong></span> <span class='ocrx_word' id='word_1_242' title='bbox 730 2848 852 2924; x_wconf 79' lang='lat' dir='ltr'><strong><em>ingeniis</em></strong></span> <span class='ocrx_word' id='word_1_243' title='bbox 873 2856 902 2906; x_wconf 84' lang='lat' dir='ltr'><strong><em>et</em></strong></span> <span class='ocrx_word' id='word_1_244' title='bbox 918 2848 1062 2907; x_wconf 88' lang='lat' dir='ltr'><strong><em>cotidiano</em></strong></span> <span class='ocrx_word' id='word_1_245' title='bbox 1085 2846 1215 2906; x_wconf 88' lang='lat' dir='ltr'><strong><em>sermoni</em></strong></span> 
     </span>
     <span class='ocr_line' id='line_1_33' title="bbox 202 2929 1212 3009; baseline 0 -19"><span class='ocrx_word' id='word_1_246' title='bbox 202 2933 437 3009; x_wconf 87' lang='lat' dir='ltr'><strong><em>frequentissime</em></strong></span> <span class='ocrx_word' id='word_1_247' title='bbox 449 2933 548 2991; x_wconf 88' lang='lat' dir='ltr'><strong><em>servit.</em></strong></span> <span class='ocrx_word' id='word_1_248' title='bbox 583 2929 655 2991; x_wconf 89' lang='lat' dir='ltr'><strong><em>Nam</em></strong></span> <span class='ocrx_word' id='word_1_249' title='bbox 670 2931 720 2991; x_wconf 88' lang='lat' dir='ltr'><strong><em>illa</em></strong></span> <span class='ocrx_word' id='word_1_250' title='bbox 736 2933 763 2990; x_wconf 93' lang='lat' dir='ltr'><strong><em>in</em></strong></span> <span class='ocrx_word' id='word_1_251' title='bbox 779 2931 899 3008; x_wconf 83' lang='lat' dir='ltr'><strong><em>agendis</em></strong></span> <span class='ocrx_word' id='word_1_252' title='bbox 916 2931 1010 2991; x_wconf 89' lang='lat' dir='ltr'><strong><em>causis</em></strong></span> <span class='ocrx_word' id='word_1_253' title='bbox 1027 2932 1083 2990; x_wconf 88' lang='lat' dir='ltr'><strong><em>iam</em></strong></span> <span class='ocrx_word' id='word_1_254' title='bbox 1095 2930 1212 3006; x_wconf 83' lang='lat' dir='ltr'><strong><em>detrita,</em></strong></span> 
     </span>
     <span class='ocr_line' id='line_1_34' title="bbox 202 3013 1212 3094; baseline 0 -20"><span class='ocrx_word' id='word_1_255' title='bbox 202 3013 315 3076; x_wconf 87' lang='lat' dir='ltr'><strong><em>Pedem</em></strong></span> <span class='ocrx_word' id='word_1_256' title='bbox 340 3016 483 3094; x_wconf 78' lang='lat' dir='ltr'><strong><em>conferre</em></strong></span> <span class='ocrx_word' id='word_1_257' title='bbox 505 3024 534 3075; x_wconf 89' lang='lat' dir='ltr'><strong><em>et</em></strong></span> <span class='ocrx_word' id='word_1_258' title='bbox 548 3013 691 3094; x_wconf 83' lang='lat' dir='ltr'><strong><em>Inpulum</em></strong></span> <span class='ocrx_word' id='word_1_259' title='bbox 702 3022 809 3093; x_wconf 88' lang='lat' dir='ltr'><strong><em>petere</em></strong></span> <span class='ocrx_word' id='word_1_260' title='bbox 831 3023 860 3074; x_wconf 91' lang='lat' dir='ltr'><strong><em>et</em></strong></span> <span class='ocrx_word' id='word_1_261' title='bbox 878 3013 1066 3094; x_wconf 83' lang='lat' dir='ltr'><strong><em>Sanpnlnam</em></strong></span> <span class='ocrx_word' id='word_1_262' title='bbox 1081 3015 1212 3090; x_wconf 83' lang='lat' dir='ltr'><strong><em>mittere,</em></strong></span> 
     </span>
     <span class='ocr_line' id='line_1_35' title="bbox 202 3096 1212 3175; baseline 0 -19"><span class='ocrx_word' id='word_1_263' title='bbox 202 3099 268 3158; x_wconf 91' lang='lat' dir='ltr'><strong><em>inde</em></strong></span> <span class='ocrx_word' id='word_1_264' title='bbox 281 3107 364 3175; x_wconf 87' lang='lat' dir='ltr'><strong><em>sunt,</em></strong></span> <span class='ocrx_word' id='word_1_265' title='bbox 380 3117 436 3159; x_wconf 88' lang='lat' dir='ltr'><strong><em>nec</em></strong></span> <span class='ocrx_word' id='word_1_266' title='bbox 452 3098 599 3160; x_wconf 82' lang='lat' dir='ltr'><strong><em>offendunt</em></strong></span> <span class='ocrx_word' id='word_1_267' title='bbox 613 3107 716 3158; x_wconf 82' lang='lat' dir='ltr'><strong><em>tamen.</em></strong></span> <span class='ocrx_word' id='word_1_268' title='bbox 747 3096 800 3157; x_wconf 86' lang='lat' dir='ltr'><strong><em>Est</em></strong></span> <span class='ocrx_word' id='word_1_269' title='bbox 812 3099 886 3158; x_wconf 82' lang='lat' dir='ltr'><strong><em>enirn</em></strong></span> <span class='ocrx_word' id='word_1_270' title='bbox 901 3107 984 3174; x_wconf 80' lang='lat' dir='ltr'><strong><em>grata</em></strong></span> <span class='ocrx_word' id='word_1_271' title='bbox 999 3099 1028 3157; x_wconf 92' lang='lat' dir='ltr'><strong><em>in</em></strong></span> <span class='ocrx_word' id='word_1_272' title='bbox 1044 3096 1212 3174; x_wconf 90' lang='lat' dir='ltr'><strong><em>eloquendo</em></strong></span> 
     </span>
     <span class='ocr_line' id='line_1_36' title="bbox 202 3180 1212 3261; baseline 0 -21"><span class='ocrx_word' id='word_1_273' title='bbox 202 3183 314 3241; x_wconf 88' lang='lat' dir='ltr'><strong><em>novitas</em></strong></span> <span class='ocrx_word' id='word_1_274' title='bbox 338 3191 367 3242; x_wconf 85' lang='lat' dir='ltr'><strong><em>et</em></strong></span> <span class='ocrx_word' id='word_1_275' title='bbox 382 3185 537 3259; x_wconf 82' lang='lat' dir='ltr'><strong><em>emutalio,</em></strong></span> <span class='ocrx_word' id='word_1_276' title='bbox 560 3192 589 3243; x_wconf 82' lang='lat' dir='ltr'><strong><em>et</em></strong></span> <span class='ocrx_word' id='word_1_277' title='bbox 608 3184 699 3258; x_wconf 85' lang='lat' dir='ltr'><strong><em>magis</em></strong></span> <span class='ocrx_word' id='word_1_278' title='bbox 717 3184 862 3261; x_wconf 87' lang='lat' dir='ltr'><strong><em>inopinata</em></strong></span> <span class='ocrx_word' id='word_1_279' title='bbox 878 3182 1034 3242; x_wconf 88' lang='lat' dir='ltr'><strong><em>delectant.</em></strong></span> <span class='ocrx_word' id='word_1_280' title='bbox 1080 3180 1212 3258; x_wconf 88' lang='lat' dir='ltr'><strong><em>Ideoque</em></strong></span> 
     </span>
     <span class='ocr_line' id='line_1_37' title="bbox 202 3265 1212 3343; baseline 0.001 -20"><span class='ocrx_word' id='word_1_281' title='bbox 202 3266 304 3324; x_wconf 87' lang='lat' dir='ltr'><strong><em>iamin</em></strong></span> <span class='ocrx_word' id='word_1_282' title='bbox 325 3266 369 3326; x_wconf 92' lang='lat' dir='ltr'><strong><em>his</em></strong></span> <span class='ocrx_word' id='word_1_283' title='bbox 396 3267 540 3327; x_wconf 88' lang='lat' dir='ltr'><strong><em>amisimus</em></strong></span> <span class='ocrx_word' id='word_1_284' title='bbox 562 3266 675 3325; x_wconf 87' lang='lat' dir='ltr'><strong><em>modurn</em></strong></span> <span class='ocrx_word' id='word_1_285' title='bbox 694 3275 722 3326; x_wconf 88' lang='lat' dir='ltr'><strong><em>et</em></strong></span> <span class='ocrx_word' id='word_1_286' title='bbox 739 3268 860 3343; x_wconf 81' lang='lat' dir='ltr'><strong><em>gratiam</em></strong></span> <span class='ocrx_word' id='word_1_287' title='bbox 875 3266 918 3325; x_wconf 91' lang='lat' dir='ltr'><strong><em>rei</em></strong></span> <span class='ocrx_word' id='word_1_288' title='bbox 940 3267 1024 3325; x_wconf 89' lang='lat' dir='ltr'><strong><em>nimia</em></strong></span> <span class='ocrx_word' id='word_1_289' title='bbox 1045 3265 1212 3343; x_wconf 85' lang='lat' dir='ltr'><strong><em>captatione</em></strong></span> 
     </span>
     <span class='ocr_line' id='line_1_38' title="bbox 160 3347 1212 3428; baseline 0.001 -21"><span class='ocrx_word' id='word_1_290' title='bbox 160 3355 194 3407; x_wconf 76' lang='lat'><strong><em>52</em></strong></span> <span class='ocrx_word' id='word_1_291' title='bbox 203 3351 441 3428; x_wconf 86' lang='lat' dir='ltr'><strong><em>consumpsimus.</em></strong></span> <span class='ocrx_word' id='word_1_292' title='bbox 477 3350 531 3410; x_wconf 88' lang='lat' dir='ltr'><strong><em>Est</em></strong></span> <span class='ocrx_word' id='word_1_293' title='bbox 552 3351 580 3408; x_wconf 89' lang='lat' dir='ltr'><strong><em>in</em></strong></span> <span class='ocrx_word' id='word_1_294' title='bbox 604 3348 746 3428; x_wconf 86' lang='lat' dir='ltr'><strong><em>exemplis</em></strong></span> <span class='ocrx_word' id='word_1_295' title='bbox 763 3350 923 3426; x_wconf 83' lang='lat' dir='ltr'><strong><em>allegoria,</em></strong></span> <span class='ocrx_word' id='word_1_296' title='bbox 946 3351 970 3409; x_wconf 88' lang='lat' dir='ltr'><strong><em>si</em></strong></span> <span class='ocrx_word' id='word_1_297' title='bbox 987 3366 1045 3409; x_wconf 93' lang='lat' dir='ltr'><strong><em>non</em></strong></span> <span class='ocrx_word' id='word_1_298' title='bbox 1059 3347 1212 3427; x_wconf 82' lang='lat' dir='ltr'><strong><em>praedicta</em></strong></span> 
     </span>
     <span class='ocr_line' id='line_1_39' title="bbox 202 3430 1212 3512; baseline -0.001 -21"><span class='ocrx_word' id='word_1_299' title='bbox 202 3432 314 3491; x_wconf 88' lang='lat' dir='ltr'><strong><em>ratione</em></strong></span> <span class='ocrx_word' id='word_1_300' title='bbox 336 3443 486 3511; x_wconf 82' lang='lat' dir='ltr'><strong><em>ponantur.</em></strong></span> <span class='ocrx_word' id='word_1_301' title='bbox 530 3433 602 3493; x_wconf 89' lang='lat' dir='ltr'><strong><em>Nam</em></strong></span> <span class='ocrx_word' id='word_1_302' title='bbox 626 3442 656 3494; x_wconf 88' lang='lat' dir='ltr'><strong><em>ut</em></strong></span> <span class='ocrx_word' id='word_1_303' title='bbox 679 3431 857 3512; x_wconf 78' lang='lat' dir='ltr'><strong><em>Dionysium</em></strong></span> <span class='ocrx_word' id='word_1_304' title='bbox 881 3430 1017 3495; x_wconf 77' lang='lat' dir='ltr'><strong><em>Corinthi</em></strong></span> <span class='ocrx_word' id='word_1_305' title='bbox 1038 3451 1122 3509; x_wconf 87' lang='lat' dir='ltr'><strong><em>esse,</em></strong></span> <span class='ocrx_word' id='word_1_306' title='bbox 1152 3447 1212 3510; x_wconf 90' lang='lat' dir='ltr'><strong><em>quo</em></strong></span> 
     </span>
    </p>
   </div>
   <div class='ocr_carea' id='block_1_3' title="bbox 0 0 1288 4026">
    <p class='ocr_par' dir='ltr' id='par_1_3' title="bbox 0 0 1288 4026">
     <span class='ocr_line' id='line_1_40' title="bbox 0 0 1288 4026; baseline 0 2"><span class='ocrx_word' id='word_1_307' title='bbox 0 0 1288 4026; x_wconf 95' lang='lat' dir='ltr'><strong><em> </em></strong></span> 
     </span>
    </p>
   </div>
  </div>
 </body>
</html>
