2566 4026
388 199 477 248 mou.
497 199 646 248 onuuon.
663 201 732 248 nnn.
749 202 786 266 u,
804 201 846 252 ιο.
1063 190 1126 254 213

114 352 285 433 multiplex,
310 355 396 431 idque
420 363 465 413 est
481 365 712 431 argumentorum
728 373 820 432 genus
837 373 875 415 ex
895 360 1124 439 remotione,

116 439 276 518 quomodo
294 437 419 497 elicitur
435 446 525 499 totum
540 438 659 515 falsum,
682 439 768 498 modo
785 439 828 514 id,
847 439 925 518 quod
939 441 1123 523 relinquitur,

114 541 225 582 verum.
266 521 368 581 Totum
384 521 488 581 falsum
505 522 622 582 esthon
638 521 741 597 modo,
767 521 936 585 Pecuniam
951 527 1124 588 credidisse

115 618 144 670 te
166 607 265 676 dicet,-
288 614 342 667 oct
358 607 493 667 habuisti
506 608 573 684 ipre
586 615 641 667 cut
656 607 696 667 cb
711 607 814 685 aliquo
830 610 981 686 accepisti
1007 619 1061 670 eut
1077 613 1123 672 in·

114 693 225 752 venisti
245 698 299 752 cut
324 690 511 768 surrupuisti·
553 689 590 750 st
607 705 706 768 oeque
721 688 804 751 domi
817 691 953 752 habuisti
967 708 1067 770 neque
1082 695 1123 756 ab

114 775 220 854 aliquo
231 775 381 853 accepisti
392 794 449 834 mec
461 782 584 836 cetero:
595 793 656 836 oon
668 773 838 836 credidisti.
865 773 1018 854 Reliquum
1030 776 1061 836 lit
1072 795 1122 836 ve·

113 876 177 918 rum
188 861 248 934 sic,
265 856 325 919 Hic
337 877 455 933 senous,
473 875 561 937 qoem
577 859 634 919 titt
646 859 801 935 vindicas,
817 866 872 919 out
882 877 980 920 cerco
999 866 1069 920 tuuc
1081 870 1164 930 esto?

114 952 169 1004 cut
190 951 307 1020 emptos
338 950 392 1002 cut
413 941 542 1002 donatus
568 949 623 1001 out
649 947 824 1004 testamento
852 943 977 1003 relictus
1003 952 1058 1003 aut
1083 964 1124 1006 ecc

114 1026 199 1088 ltoste
211 1032 321 1104 coptus
333 1033 387 1086 cut
398 1025 537 1094 alienum
556 1024 660 1085 deiude
679 1027 798 1085 remotis
810 1025 955 1104 prioribus
975 1030 1123 1104 supererit

115 1111 243 1171 olieotts.
274 1108 473 1168 Periculosum
492 1118 521 1168 et
538 1127 602 1169 cum
619 1127 687 1169 eura
699 1109 864 1168 intuendum
880 1128 983 1187 genus,
1002 1112 1079 1189 quia,
1096 1114 1121 1172 si

111 1196 142 1254 ln
158 1193 350 1272 proponendo
368 1211 453 1252 unum
470 1193 621 1270 quodlibet
636 1194 827 1269 omiserimus,
847 1195 985 1253 cum'risu
1004 1211 1122 1273 quoque

115 1286 174 1339 toto
195 1295 243 1338 res
266 1276 397 1335 solvitur.
444 1276 560 1352 Tutius,
585 1277 662 1355 quod
686 1274 791 1336 Cicero
818 1293 871 1355 pro
895 1275 1021 1338 Caecina
1040 1278 1166 1356 lacit,68

115 1381 178 1423 cum
194 1364 366 1437 interrogat,
386 1359 422 1421 st
439 1361 518 1422 luceo
533 1362 614 1422 cotio
629 1381 689 1423 nott
701 1363 756 1437 eit,
774 1363 929 1438 quaesit?
945 1362 1029 1421 simul
1046 1363 1121 1422 eninr

113 1455 299 1529 removentur
321 1446 424 1504 omnia.
472 1444 528 1504 Vel
551 1463 614 1504 oum
637 1445 693 1505 duo
722 1453 867 1524 ponentur
890 1447 966 1504 inter
991 1463 1024 1504 se
1051 1463 1120 1506 oon-

114 1532 217 1603 truria,
242 1546 363 1609 quorum
381 1530 510 1588 tenuisse
525 1528 692 1588 utrumlibet
710 1528 846 1606 sufficiat,
863 1529 949 1607 quale
968 1527 1121 1589 Ciceronis

114 1623 169 1688 est,
190 1611 288 1674 Unum
306 1611 427 1691 quidem
443 1621 540 1688 certe,
561 1633 649 1675 nemo
665 1614 723 1675 em‘t
741 1620 802 1674 tem
817 1613 959 1674 inimices
973 1612 1120 1691 Cluentio,

114 1700 166 1776 qui
182 1699 256 1759 milri
269 1716 330 1758 coo
349 1698 517 1768 concedam
534 1698 562 1757 si
576 1707 690 1759 constet
706 1705 882 1776 corrcpmm
896 1698 974 1758 t‘llt‘td
989 1716 1055 1758 esse
1072 1699 1120 1758 le-

115 1781 239 1858 dice'um,
255 1789 310 1843 cut
338 1782 378 1842 ob
396 1779 506 1841 llcbe'to
520 1789 575 1842 out
592 1782 632 1842 ob
651 1779 821 1861 Oppianico
837 1800 904 1842 esee
924 1789 1121 1861 corruptum,-

113 1867 141 1925 π’
156 1866 323 1927 doceortoo
345 1866 385 1926 ab
402 1863 531 1939 Habito,
553 1866 642 1926 eicco
666 1867 706 1927 cb
734 1863 904 1944 Oppianico
911 1888 925 1934 ,·
946 1867 974 1926 oi
995 1867 1121 1927 ostendo

114 1950 153 2011 ab
173 1947 360 2028 Oppianico,
380 1967 480 2027 porco
499 1946 654 2010 Habitum.
687 1949 731 2007 Fit
748 1951 886 2008 etiamen
903 1948 1033 2024 duobus,
1051 1955 1163 2027 quo-69

113 2051 175 2091 rum
197 2051 324 2092 necesse
346 2041 391 2092 est
417 2032 539 2092 alterum
562 2051 678 2109 verum,
704 2033 831 2110 eligendi
848 2032 1016 2092 adversario
1036 2041 1119 2110 pote·

115 2125 185 2192 stus,
204 2116 404 2194 efficiturque,
423 2125 470 2192 ut,
493 2125 585 2175 utrum
602 2116 743 2193 elegerit,
760 2125 874 2176 noceat.
906 2114 988 2176 Facit
1001 2115 1060 2176 hoe
1074 2113 1119 2176 ct-

115 2217 183 2260 cero
204 2217 257 2279 pro
274 2199 386 2278 Oppio:
413 2197 535 2277 Utrum,
558 2219 626 2261 cum
643 2198 759 2262 Cottum
781 2203 962 2280 oppetisset,
985 2219 1027 2261 an
1053 2212 1121 2261 cem

113 2285 179 2362 ipse
196 2304 265 2346 rese
290 2291 456 2345 coneretur
478 2285 639 2358 occidere,
662 2286 753 2346 telum
775 2303 792 2344 e
812 2284 954 2344 monibus
983 2293 1120 2362 ereptum

110 2371 180 2429 eet?
198 2377 227 2427 et
242 2385 297 2446 pro
315 2367 449 2427 Vareno:
474 2365 562 2446 Optio
576 2367 662 2428 cobis
680 2369 789 2442 detor,
812 2376 914 2428 utrum
928 2367 1027 2427 velitis
1043 2385 1120 2428 ecee

114 2453 164 2512 illo
179 2453 288 2513 e’te'reere
309 2449 463 2513 Varenum
483 2470 571 2512 eroum
593 2468 660 2510 esse
681 2469 723 2511 co
744 2451 834 2510 hules
854 2467 1011 2528 persuasu
1027 2458 1057 2510 et
1070 2450 1118 2509 in-

115 2536 218 2597 ducto.
251 2535 364 2595 Deinde
389 2544 511 2614 utroque
533 2535 603 2594 lacit
625 2535 788 2593 accusatori
812 2533 965 2593 contraria.
1003 2532 1119 2593 Interim
1128 2540 1163 2594 to

114 2618 170 2678 duo
194 2620 233 2679 itu
257 2628 473 2698 proponuntur,
507 2628 537 2678 ut
568 2617 733 2677 utrumlibet
754 2618 879 2678 electum
899 2616 976 2675 idem
1000 2617 1118 2693 efficiat,

115 2703 200 2782 quale
216 2712 271 2780 est,
288 2702 564 2782 Pltt'looopltccdcm
579 2708 633 2780 eet,
650 2703 837 2765 etiamsinon
849 2700 1119 2780 esrptttoscptcc-

115 2787 196 2848 ditm.
230 2786 267 2847 Et
289 2787 360 2847 illud
375 2787 533 2865 vulgatum,
553 2785 618 2858 Quo
631 2788 768 2864 seluemo,
784 2788 812 2847 si
825 2786 1027 2864 tutelliqituc?
1050 2800 1119 2862 quo,

114 2871 215 2932 eicon
231 2872 431 2950 iutelliqt'tcr?
460 2869 513 2947 Et,
538 2867 701 2931 Mentietur
720 2870 940 2945 intermediis,
969 2870 1021 2946 qul
1037 2868 1119 2930 dolo·

116 2972 179 3015 ”em
192 2957 261 3033 peti
272 2965 390 3033 poteet;
405 2957 576 3030 mecdetcr,
595 2956 647 3032 qui
661 2973 721 3015 ooo
732 2961 861 3033 potest..

198 3037 237 3097 Ut
255 3048 319 3097 sunt
335 3048 429 3098 autern
445 3039 498 3098 tria
514 3047 661 3116 tempora:
678 3038 716 3098 ita
734 3037 824 3097 ordo
843 3056 939 3097 rerum
954 3036 1045 3096 tribus
1058 3043 1160 3099 mo·‘ll

115 3123 217 3181 mentis
236 3132 389 3182 consertus
406 3131 464 3190 est;
482 3121 588 3181 habent
605 3123 679 3180 enim
695 3124 789 3182 omnia
810 3123 972 3196 initium,
995 3122 1118 3179 inere·

115 3214 289 3282 mentum,
309 3224 492 3281 summum,
515 3215 545 3264 ut
562 3207 683 3283 iurgium
701 3205 804 3266 deinde
822 3206 928 3266 caedes
948 3213 977 3263 et
993 3213 1117 3281 strages.

115 3287 169 3348 Est
194 3308 266 3368 ergo
288 3290 335 3350 hio
356 3306 473 3368 quoque
497 3298 729 3366 argumentorum
752 3290 835 3349 loeus
856 3291 980 3349 invicem
995 3287 1118 3366 proban-

116 3374 193 3432 tium.
229 3372 301 3434 Nom
323 3383 352 3433 et
370 3392 407 3433 ex
424 3375 510 3432 initiis
535 3391 643 3433 summa
669 3375 834 3452 colligitur,
863 3373 949 3453 quale
971 3381 1033 3449 est,
1053 3369 1120 3434 Note

112 3474 238 3536 possum
256 3453 356 3538 locem
371 3465 567 3536 praetectum
582 3476 729 3536 sperare,
746 3479 815 3520 cum
831 3457 991 3521 euordr‘om
1003 3457 1120 3536 pullum
