2566 4026
396 134 487 182 rusb.
500 133 649 182 omarus.
661 135 730 182 nm.
742 135 804 201 x11,
817 130 844 186 9.
1060 119 1119 183 261

117 292 255 371 patientia
277 299 331 350 est.
366 286 439 348 Nam
460 296 489 348 et
513 289 540 348 in
561 289 642 367 ipsos
664 288 695 348 lit
716 290 838 368 impetus
860 289 1048 369 frequenter,
1074 293 1123 370 qui

117 384 250 453 egerunt,
270 382 299 434 et
316 381 396 434 certe
413 372 600 452 petulantiam
615 373 729 451 patroni
743 373 873 449 litigator
887 373 948 434 luit.
975 374 1035 435 Sed
1048 374 1123 437 haec

115 461 226 520 minora
242 459 386 536 suntipso
403 455 455 517 illo
470 457 540 517 vitio
559 456 660 533 animi,
683 456 761 536 quod
776 456 935 518 maledicus
952 475 969 518 a
986 459 1122 519 malelico

115 561 173 604 non
195 543 281 604 distat
301 543 356 602 nisi
377 541 546 602 occasione.
582 539 686 619 Turpis
707 540 843 620 voluptas
865 550 894 601 et
918 541 1070 602 inhumana
1093 553 1164 607 et10

114 628 186 688 nulli
204 627 378 688 audientium
393 625 471 686 bono
483 634 566 702 grata
581 643 598 686 a
613 625 808 703 litigatoribus
821 624 938 704 quidem
953 625 1124 705 frequenter

115 713 258 788 exigitur,
276 711 324 790 qui
340 710 479 770 ultionem
494 708 602 770 malunt
617 727 702 788 quam
718 708 927 769 defensionem.
954 710 1013 771 Sed
1025 729 1123 790 neque

114 795 171 858 alia
184 794 273 855 multa
288 794 324 854 ad
340 793 487 855 arbitrium
505 811 604 854 eorum
616 793 751 854 iacienda
763 802 843 862 sunt;
860 793 917 854 hoc
930 794 1045 873 quidem
1058 797 1124 874 quis

114 880 258 940 bominum
274 878 360 939 liberi
374 878 461 938 modo
482 878 630 955 sanguinis
656 880 814 954 sustineat,
838 878 975 957 petulans
996 897 1064 939 esse
1087 878 1124 939 ad

115 963 234 1024 alterius
256 958 424 1024 arbitrium?
454 961 543 1041 Atqui
566 963 651 1022 etiam
672 963 701 1021 in
723 963 883 1023 advocatos
907 963 999 1040 partis
1019 963 1161 1029 adver-11

114 1065 166 1108 sae
181 1047 308 1107 libenter
322 1045 451 1106 nonnulli
466 1046 655 1114 invehuntur;
684 1046 780 1126 quod,
803 1047 858 1107 nisi
875 1047 900 1105 si
915 1046 993 1107 iorte
1008 1064 1122 1108 merue-
1153 1087 1161 1101 .-

114 1141 195 1207 runt‚
218 1139 247 1191 et
267 1131 448 1191 inhumanum
465 1138 510 1190 est
527 1138 666 1208 respectu
682 1130 872 1190 communium
891 1130 1070 1207 ciliciorum,
1094 1140 1124 1191 et

116 1234 180 1275 cum
195 1216 251 1294 ipsi
269 1216 318 1293 qui
334 1215 404 1275 dicit
418 1213 519 1274 inutile
536 1215 616 1293 (narn
629 1214 705 1274 idem
720 1215 790 1273 iuris
807 1216 994 1293 responsuris
1012 1214 1123 1295 datur),

115 1308 174 1358 tum
191 1317 297 1359 causae
314 1300 499 1374 contrarium,
517 1300 582 1376 quia
598 1297 684 1376 plane
701 1297 860 1358 adversarii
877 1299 946 1359 liunt
962 1307 990 1359 et
1006 1300 1123 1375 inimici,

116 1392 145 1442 et
161 1383 442 1462 quantulumcunque
458 1383 501 1443 eis
516 1383 619 1442 virium
634 1390 695 1459 est,
715 1383 890 1442 contumelia
905 1392 1038 1460 augetur.
1070 1383 1166 1450 Sum

117 1485 170 1546 per
193 1469 286 1527 omnia
307 1469 384 1544 perit
405 1466 471 1543 illa,
499 1485 574 1546 quae
598 1465 750 1545 plurimum
766 1467 875 1526 oratori
891 1476 920 1527 et
942 1467 1123 1528 auctoritatis

116 1560 146 1611 et
165 1551 232 1612 fidei
255 1551 355 1626 affert,
380 1551 540 1625 modestia,
564 1552 589 1610 si
604 1569 621 1611 a
635 1551 698 1610 viro
715 1550 794 1611 bono
810 1552 839 1609 in
854 1550 984 1612 rabulam
1004 1551 1124 1611 latrato-

116 1653 236 1714 remque
253 1637 448 1710 convertitur,
472 1636 652 1713 compositus
671 1652 730 1695 non
751 1634 787 1695 ad
805 1635 926 1695 animum
949 1634 1052 1696 iudicis
1071 1634 1124 1694 sed

116 1719 153 1779 ad
171 1718 348 1779 stomachum
364 1719 527 1798 litigatoris.
563 1717 746 1800 Frequenter
768 1720 855 1781 etiam
870 1721 988 1798 species
1004 1718 1167 1787 liberta-13

115 1804 152 1863 tis
168 1802 315 1864 deducere
333 1804 369 1865 ad
387 1804 578 1865 temeritatem
593 1803 670 1864 solet
691 1821 749 1863 non
765 1805 860 1864 causis
877 1803 964 1864 modo
981 1802 1034 1863 sed
1051 1802 1124 1881 ipsis

116 1905 250 1966 quoque,
274 1889 321 1965 qui
338 1889 485 1965 dixerunt,
512 1888 718 1967 periculosam.
753 1886 817 1948 Nec
834 1887 976 1948 immerito
992 1887 1124 1947 Pericles

116 1970 234 2031 solebat
249 1982 363 2050 optare,
381 1991 418 2033 ne
434 1971 513 2052 quod
530 1971 585 2032 arbi
601 1973 722 2033 verbum
737 1973 765 2032 in
784 1982 909 2033 mentem
924 1973 1048 2048 veniret,
1066 1987 1124 2049 quo

118 2053 244 2132 populus
266 2054 474 2114 offenderetur.
507 2054 566 2114 Sed
588 2057 664 2133 quod
684 2056 735 2115 ille
755 2056 792 2116 de
815 2057 943 2135 populo,
969 2055 997 2115 id
1014 2072 1071 2131 ego
1088 2054 1125 2114 de

118 2134 250 2195 omnibus
274 2139 387 2214 sentio,
408 2138 457 2215 qui
478 2139 641 2197 tantundem
659 2148 782 2216 possunt
799 2155 919 2199 nocere.
957 2137 1125 2216 Numquae

118 2221 222 2295 fortia,
251 2219 316 2280 durn
342 2221 492 2295 dicuntur,
521 2220 709 2296 videbantur,
739 2221 844 2298 stulta,
875 2239 939 2280 cum
967 2221 1125 2297 laeserunt,

120 2312 270 2363 vocantur.

204 2385 303 2465 Nunc,
329 2389 395 2467 quia
415 2389 526 2448 varium
547 2388 610 2448 lere
631 2388 814 2466 propositum
837 2388 984 2463 agentium
1005 2386 1074 2463 init,
1098 2394 1169 2451 et14

120 2472 298 2550 quorundam
314 2490 382 2533 cura
397 2472 539 2533 tarditatis
552 2471 731 2552 quorundam
745 2469 870 2532 facilitas
885 2471 1055 2531 temeritatis
1071 2471 1125 2530 cri·

119 2557 195 2616 rurine
210 2556 369 2618 laboravit:
392 2575 479 2636 quem
495 2556 611 2618 credam
630 2556 695 2617 lore
711 2558 740 2616 in
755 2555 813 2616 boc
830 2556 955 2616 oratoris
970 2554 1125 2630 modum,

119 2640 235 2701 tradere
263 2659 321 2701 non
346 2640 471 2702 alienum
495 2642 619 2703 ridetur·
661 2639 775 2702 Afferet
801 2639 837 2701 ad
863 2638 1014 2700 dicendum
1041 2657 1127 2699 curae
1135 2650 1168 2702 15
1264 2679 1269 2687 =

120 2743 238 2803 semper
260 2735 394 2805 quantum
417 2726 570 2804 plurimum
591 2726 709 2804 poterit.
741 2723 845 2802 Neque
860 2725 936 2784 enim
952 2723 1010 2784 boc
1031 2722 1127 2783 solum

119 2808 296 2886 negligentis
315 2809 367 2869 sed
384 2808 452 2869 mali
468 2819 498 2870 et
516 2812 545 2870 in
561 2817 699 2888 suscepta
723 2827 810 2870 causa
826 2807 930 2887 perfidi
946 2826 981 2868 ac
997 2806 1127 2886 prodito·

120 2894 160 2952 ris
176 2901 237 2969 est,
260 2894 343 2971 peius
365 2910 456 2971 agere
472 2911 557 2973 quam
574 2894 678 2973 possit·
710 2892 842 2972 ldeoque
866 2911 903 2953 ne
922 2891 1128 2971 suscipiendae

121 2977 237 3055 quidem
248 2985 313 3037 sunt
329 2994 435 3038 causae
447 2977 559 3054 plures,
575 2995 661 3056 quam
675 2976 780 3057 quibus
796 2976 983 3037 suffecturum
997 2994 1031 3036 se
1043 2976 1126 3035 sciat.

120 3060 208 3119 Dicet
224 3063 333 3140 scripta
352 3078 437 3139 quam
451 3079 501 3121 res
517 3063 645 3140 patietur
661 3061 784 3139 plurima
801 3069 847 3136 et,
867 3069 898 3120 ut
912 3059 1128 3120 Demosthenes
1136 3067 1170 3123 16

122 3143 178 3218 ait,
206 3144 230 3201 si
247 3146 412 3222 continget,
438 3153 468 3204 et
481 3144 607 3223 sculpta·
648 3145 708 3206 Sed
725 3145 783 3205 boc
801 3152 849 3204 aut
865 3146 974 3223 primae
996 3145 1127 3205 actiones

122 3235 171 3286 aut
190 3243 264 3304 quae
282 3229 310 3288 in
325 3227 450 3306 publicis
465 3228 578 3290 iudiciis
593 3237 661 3308 post
679 3229 851 3288 interiectos
867 3227 929 3288 dies
946 3228 1046 3289 dantur
1060 3247 1127 3306 per·

122 3310 265 3378 miserint;
291 3319 319 3371 at
335 3328 399 3371 cum
419 3313 551 3390 protinus
570 3313 805 3392 respondendum
827 3321 890 3374 est:
914 3315 1008 3373 omnia
1030 3311 1128 3392 parari

122 3409 179 3454 non
202 3404 341 3475 possunt,
367 3397 442 3457 adeo
464 3405 495 3457 ut
517 3396 606 3478 paulo
630 3398 722 3460 minus
743 3398 886 3478 promptis
913 3399 998 3459 etiam
1021 3403 1128 3457 noceat
