2566 4026
190 168 231 232 38
510 179 871 240 u.ara.ou1nrmrau1

189 336 275 397 simili
286 337 323 396 sit
332 332 487 395 utendum?
507 352 542 395 an
557 336 604 411 id,
620 335 656 395 de
672 353 729 414 quo
742 337 851 413 agitur,
869 336 911 412 ei,
930 335 966 395 de
983 353 1039 415 quo
1053 335 1192 414 scriptum

189 431 251 497 εει,
269 420 362 479 simile
384 415 442 478 sit?
473 419 571 479 Simile
588 429 681 478 autem
704 428 733 479 et
752 421 842 478 maius
859 427 904 478 est
925 428 954 478 ει
976 438 1028 498 par
1045 427 1074 478 et
1089 421 1192 478 miuus.

188 503 221 564 ln
235 503 286 563 illo
302 504 417 582 priore,
439 519 475 562 an
490 503 559 562 satis
576 503 644 580 lege
660 512 773 562 cautum
789 499 844 562 sit‘l
866 521 917 578 an,
941 505 996 563 etsi
1011 521 1110 581 parum
1126 521 1192 562 cau·

189 597 248 647 tum
270 595 330 663 εει,
346 586 402 646 hac
421 588 458 645 sit
479 583 635 646 utendum?
673 585 706 646 ln
726 594 851 665 utroque
867 585 904 645 de
918 587 1066 647 voluntate
1082 584 1193 663 legum·

189 671 301 732 latoris.
336 670 396 731 Sed
412 670 449 731 de
464 686 559 749 aequo
575 678 714 731 tractatus
732 670 934 748 potentissimi.

402 822 618 884 ΑΜΡΗΙΒΟΒΙΑ,
635 823 667 873 ID
685 822 747 874 EST
764 823 975 875 AMBIGUITAS.

273 917 324 980 IX.
354 918 615 997 Amphiboliae
638 920 754 997 species
771 928 836 979 sunt
851 919 1089 995 innumerabiles,
1105 918 1192 996 adeo,

189 1015 220 1065 ut
241 1002 480 1083 philosophorum
502 1002 670 1080 quibusdam
689 1002 797 1062 nullum
818 1003 950 1063 videatur
971 1021 1039 1063 esse
1060 1002 1193 1080 verbum,

162 1088 269 1169 flquod
280 1103 338 1146 non
350 1087 432 1164 plura
444 1086 601 1162 significem
622 1105 732 1164 genera
743 1086 893 1146 admodum
908 1104 1010 1164 pauca.
1045 1086 1103 1146 Aut
1118 1088 1193 1146 enim

190 1171 313 1234 vocibus
333 1170 437 1230 accidit
459 1170 622 1248 singulis
645 1179 693 1230 aut
716 1171 938 1230 coniunctis.

274 1254 427 1330 Singula
446 1253 568 1313 allemnt
586 1271 731 1331 errorem,
751 1253 959 1333 cumpluribus
974 1253 1062 1313 rebus
1078 1261 1126 1312 aut
1140 1252 1193 1312 bo·

189 1339 311 1400 minibus
328 1338 429 1398 eadem
445 1337 603 1416 appellatio
621 1347 666 1398 est
687 1329 855 1416 (ὁμωνυμία
866 1338 1004 1418 dicitur),
1028 1345 1059 1396 ιιι
1074 1337 1193 1413 Gallus,

189 1442 272 1485 avem
292 1440 329 1482 an
345 1431 463 1500 gentem
486 1439 521 1482 an
543 1439 647 1481 nomen
667 1440 703 1481 an
724 1423 867 1482 fortunam
882 1422 1015 1499 corporis
1036 1420 1193 1498 significet,

189 1510 328 1567 incertum
346 1515 403 1575 est;
431 1514 460 1564 et
479 1502 581 1582 Aion,
605 1505 789 1567 Telamonius
814 1524 850 1565 an
870 1503 948 1565 Oilei
969 1506 1054 1565 lilius.
1093 1504 1194 1563 Verba

162 1603 308 1669 aquaque
321 1590 461 1667 quaedam
472 1589 605 1649 diversos
616 1589 781 1649 intellectus
793 1589 915 1664 habent,
929 1597 960 1648 ut
974 1607 1077 1650 cerno.
1111 1587 1194 1661 Quae

191 1673 361 1750 ambiguitas
378 1672 508 1752 plurimis
529 1673 621 1733 modis
637 1673 750 1733 accidit.
788 1672 872 1734 Unde
888 1674 951 1732 lere
972 1670 1056 1747 lites,
1079 1672 1193 1749 praeci-

191 1775 249 1835 pua
265 1774 303 1815 ex
315 1757 511 1831 testamentis,
531 1775 594 1816 cum
611 1756 647 1816 de
663 1756 797 1816 libertate
815 1767 862 1817 aut
879 1758 963 1816 etiam
979 1755 1015 1815 de
1030 1754 1194 1814 hereditate

190 1839 366 1900 contendunt
381 1842 419 1915 ii,
438 1839 541 1918 quibus
557 1840 631 1901 idem
642 1856 748 1900 nomen
762 1849 820 1908 εει;
843 1849 908 1915 aut,
926 1839 993 1918 quid
1005 1841 1041 1899 sit
1054 1839 1193 1916 legatum,

160 1925 345 2004 tquaeritur.
389 1922 521 1983 Alterum
543 1933 604 2000 εει,
628 1926 656 1982 in
679 1941 736 2002 quo
758 1924 815 1984 alia
836 1925 950 2000 integro
970 1922 1061 1983 verbo
1084 1921 1193 1998 signill-

190 2009 266 2067 catio
288 2016 334 2066 est
356 2007 411 2067 alia
427 2007 538 2083 diuiso,
561 2017 592 2068 ut
605 2009 739 2085 imperium
755 2017 784 2067 et
804 2015 1026 2069 armamentum
1041 2015 1070 2065 et
1087 2003 1195 2084 Corui·

187 2110 280 2161 mtm,·
300 2092 418 2169 ineptae
440 2109 510 2151 sane
533 2091 741 2168 cavillationis,
767 2110 804 2151 ex
820 2109 876 2169 qua
891 2099 986 2150 tamen
1002 2088 1106 2150 Graeci
1124 2105 1193 2147 con-

188 2176 347 2235 troversias
361 2176 482 2237 ducunt:
502 2174 568 2235 inde
580 2175 654 2235 enim
664 2167 802 2256 αὐλητρὶς
813 2175 863 2234 ἰΙΙε
875 2174 1011 2251 uulgata,
1029 2191 1092 2232 cum
1105 2189 1194 2250 quae·

187 2259 277 2335 nitur,
302 2255 408 2321 Utrum
423 2260 513 2337 oola,
532 2275 612 2337 quoe
633 2267 679 2321 ter
699 2261 862 2335 ceciderit,
885 2278 926 2319 oo
939 2258 1082 2333 tibicina,
1099 2258 1128 2316 ai
1143 2274 1195 2316 ce·

162 2343 320 2420 eciderit,
340 2344 451 2406 debeat
467 2344 636 2422 publicari.
679 2343 778 2403 Tertia
794 2350 839 2401 εει
859 2360 897 2401 ex
912 2342 1100 2419 compositis,
1121 2347 1151 2397 ut
1168 2340 1194 2398 si

189 2427 254 2505 quis
272 2443 379 2505 corpus
400 2445 482 2487 suum
496 2426 605 2487 inculto
614 2426 691 2487 loco
713 2427 782 2504 poni
802 2425 915 2500 iubeat,
941 2425 1077 2502 circaque
1092 2438 1193 2481 monu-

187 2519 313 2570 mentum
335 2509 453 2570 multum
478 2512 541 2587 agri
561 2510 597 2570 ab
618 2509 774 2571 heredibus
796 2511 825 2568 in
848 2507 967 2568 tutelam
989 2509 1132 2581 cinerum,
1163 2513 1195 2564 ut

162 2592 303 2669 osolent,
328 2595 426 2672 leget,
451 2595 487 2652 sit
513 2594 571 2654 litis
593 2596 711 2654 occasio
734 2594 855 2655 cultum.
895 2593 944 2652 Sic
964 2590 1040 2669 apud
1062 2588 1192 2650 Graecos

189 2675 460 2738 contenduntAlov
469 2686 498 2736 et
507 2675 702 2754 Πανταλέων,
715 2695 779 2738 cum
791 2679 933 2754 scriptura
945 2674 1030 2734 dultia
1043 2682 1103 2750 εει,
1116 2671 1193 2731 bona

154 2776 163 2829 ζ
189 2763 283 2822 omnia
298 2759 408 2822 Λέοντι
423 2778 459 2821 an
472 2760 548 2820 bona
559 2759 760 2822 Πανταλέοντι
775 2760 879 2820 relicta
894 2760 958 2818 sint.

272 2845 305 2905 In
329 2846 541 2905 coniunctis
563 2844 629 2923 plus
650 2845 852 2922 ambiguitatis.
893 2842 938 2902 Fit
960 2850 1055 2902 autem
1071 2857 1126 2918 per
1146 2855 1193 2899 oa·

189 2947 253 2988 sus:
275 2937 306 2988 ut

160 3016 177 3072 ⁷
339 3011 396 3073 Ae'o
411 3019 456 3088 te,
472 3009 631 3088 Aeacide,
647 3011 801 3073 Romanos
814 3011 938 3072 uincere
950 3028 1049 3088 pocae.

188 3093 245 3155 Per
261 3095 501 3172 collocationem,
518 3095 567 3155 ubi
582 3095 696 3155 dubium
708 3104 770 3171 est,
784 3094 851 3173 quid
861 3111 918 3172 quo
930 3093 1035 3152 referri
1047 3098 1194 3169 oporteat,

189 3195 223 3238 ac
244 3179 494 3258 frequentissime,
517 3197 580 3239 cum
598 3179 643 3254 id,
665 3179 742 3256 quod
756 3179 880 3238 medium
896 3186 957 3253 εει,
975 3177 1109 3253 utrinque
1125 3191 1193 3252 pos·

188 3262 225 3321 sit
240 3262 332 3340 trabi,
354 3272 385 3323 ut
410 3263 446 3324 de
463 3262 562 3323 Troilo
576 3262 743 3340 Vergilius,
763 3261 846 3324 Loro
861 3270 965 3324 teneo
983 3269 1085 3321 tomen
1098 3292 1138 3302 —
1151 3291 1191 3303 ·-

75 3376 80 3388 ·
188 3343 257 3422 llic,
286 3355 379 3406 utrum
399 3356 499 3409 teneat
518 3356 613 3407 tamen
632 3346 712 3422 lora,
741 3363 794 3422 aa,
821 3347 949 3423 quamvis
965 3352 1078 3418 teneat,
1099 3351 1195 3401 tamen

159 3428 332 3506 Strabatur,
349 3431 449 3508 quaeri
465 3439 573 3509 potest.
602 3429 685 3491 Unde
702 3430 901 3492 controversia
914 3427 981 3504 illa,
1007 3425 1196 3489 Testamento
