2566 4026
185 169 244 232 164
501 179 866 254 u.rnn.qn1ur1n1nun

181 337 327 399 astrictius
344 337 391 397 hic
406 336 503 414 latius,
518 345 628 415 pugnat
643 335 693 395 ille
711 336 841 395 acumine
861 348 978 413 semper
993 334 1039 396 hic
1052 336 1195 417 frequen-

182 431 228 481 ter
244 431 272 481 et
288 420 430 499 pondere,
446 420 487 480 illi
502 420 572 481 nihil
589 419 700 480 detrahi
713 428 813 498 potest
828 418 895 479 huic
907 420 977 479 nihil
990 420 1084 497 adiici,
1105 440 1196 484 curae

123 515 174 573 107
182 505 248 584 plus
269 507 297 564 in
313 505 364 565 illo
378 507 409 589 in
425 504 482 565 hoc
497 514 626 565 naturae.
660 503 775 564 Solibus
788 511 869 564 certe
886 512 916 562 et
928 507 1194 583 commiseratione,

182 591 230 668 qui
252 589 308 649 duo
337 589 489 667 plurimum
521 589 643 648 allectus
670 588 784 663 valent,
810 588 960 648 vincimus.
1001 586 1038 648 Et
1066 590 1195 652 lortasse

183 672 318 751 epilogos
348 673 390 732 illi
417 690 480 732 mos
509 674 632 733 civitatis
666 671 831 740 abstulerit;
867 671 920 732 sed
952 680 981 732 et
1013 672 1098 732 nobis
1132 675 1194 751 illa,

183 774 257 835 quae
280 756 368 816 Attici
393 759 545 833 mirantur,
572 756 687 817 diversa
709 754 800 816 Latini
832 756 974 816 sermonis
1000 759 1074 816 ratio
1102 761 1195 819 minus

182 841 357 919 permiserit.
394 840 425 900 ln
448 840 581 920 epistolis
603 839 735 918 quidem,
758 857 921 918 quanquam
941 848 1007 900 sunt
1030 843 1194 920 utriusque,

123 924 363 1002 108dialogisve,
381 924 484 1001 quibus
504 924 574 984 nihil
592 924 661 999 ille,
677 923 756 984 nulla
773 926 920 984 contentio
937 932 991 984 est.
1027 922 1196 987 Cedendum

180 1026 253 1069 vero
269 1011 297 1068 in
312 1007 379 1084 hoc,
399 1009 477 1086 quod
494 1018 522 1068 et
540 1008 620 1087 prior
631 1007 683 1068 luit
699 1016 782 1067 etex
797 1026 900 1084 magna
912 1006 1194 1087 pante'Gloeronem,

184 1103 305 1172 quantus
320 1102 375 1170 est,
390 1092 470 1153 iecit.
493 1091 566 1153 Nam
577 1092 644 1152 mihi
659 1092 773 1152 videtur
784 1090 822 1151 M.
836 1090 959 1168 Tullius,
978 1110 1042 1151 cum
1055 1111 1087 1152 se
1104 1103 1196 1154 totum

184 1177 219 1236 ad
235 1178 421 1238 mirationem
438 1175 614 1238 Graecorum
631 1175 819 1251 contulisset,
846 1175 996 1235 effinxisse
1013 1177 1069 1235 vim
1086 1177 1195 1238 Demo-

123 1260 314 1338 109sthenis,
335 1263 448 1340 copiam
463 1260 608 1337 Platonis,
628 1258 833 1320 iucunditatem
850 1257 998 1320 Isocratis.
1038 1259 1102 1320 Nec
1122 1279 1195 1321 vero

184 1345 261 1424 quod
278 1347 306 1404 in
322 1362 440 1425 quoqne
457 1346 594 1423 optimum
611 1344 680 1419 luit,
705 1342 800 1403 studio
818 1352 993 1403 consecutus
1011 1352 1057 1403 est
1072 1353 1195 1415 tantum;

183 1429 237 1490 sed
255 1429 393 1509 plurimas
411 1429 459 1489 vel
476 1430 572 1507 potius
590 1445 689 1487 omnes
711 1445 749 1486 ex
762 1445 796 1487 se
811 1428 877 1504 ipso
890 1427 1013 1487 virtutes
1026 1429 1130 1489 extulit
1145 1431 1195 1489 im·

182 1514 312 1574 mortalis
335 1514 442 1592 ingenii
464 1513 631 1573 beatissima
653 1509 780 1571 ubertas.
821 1509 887 1571 Non
910 1511 984 1570 enim
1004 1512 1145 1589 pluvias,
1166 1521 1196 1573 ut

183 1598 222 1656 ait
236 1597 391 1674 Pindarus,
409 1615 511 1675 aquas
528 1597 640 1676 collipit
661 1597 717 1656 sed
731 1597 799 1657 oioo
813 1596 934 1675 porpite
950 1597 1100 1674 emundat,
1117 1597 1195 1657 dono

185 1679 310 1757 quodam
326 1681 528 1760 providentiae
545 1682 677 1759 genitus,
700 1681 729 1738 in
753 1696 810 1757 quo
838 1687 914 1739 totas
936 1680 1015 1738 vires
1036 1697 1104 1741 suas
1131 1680 1195 1740 elo·

125 1766 301 1842 110quentia
322 1766 515 1842 experiretur.
554 1763 627 1824 Nam
648 1765 712 1842 quis
735 1763 843 1825 docere
865 1763 1047 1840 diligentius,
1072 1782 1195 1825 movere

184 1848 384 1909 vehementius
406 1845 525 1926 potest?
568 1844 620 1907 Gui
649 1856 726 1908 tanta
752 1865 876 1926 unquam
901 1847 1063 1908 iucunditas
1090 1846 1195 1910 alluit‘l

184 1939 215 1991 nt
231 1933 295 2010 ipsa
312 1932 376 2008 illa,
394 1949 468 2011 quae
485 1939 657 2009 extorquet,
678 1933 834 2009 impetrare
853 1949 917 1992 enm
934 1931 1054 2009 credas,
1080 1942 1109 1992 et
1131 1951 1195 1992 cum

183 2024 380 2076 transversum
395 2017 423 2075 vi
441 2033 492 2075 sua
512 2016 636 2076 iudicem
651 2014 740 2075 ierat:
763 2025 859 2076 tamen
876 2014 927 2076 ille
945 2032 1003 2075 non
1018 2016 1082 2095 rapi
1096 2016 1195 2077 videa·

126 2104 175 2158 111
184 2108 229 2160 tur
247 2100 300 2161 sed
316 2101 409 2179 sequi.
445 2099 504 2160 lam
527 2101 555 2159 in
572 2100 714 2176 omnibns,
737 2116 811 2176 quae
827 2100 913 2176 dicit,
936 2108 1013 2159 tanta
1035 2102 1195 2161 auctoritas

183 2185 276 2261 inest,
299 2194 330 2243 ut
352 2184 505 2244 dissentire
526 2184 655 2262 pudeat,
672 2201 728 2243 nec
749 2183 883 2243 advocati
906 2184 1029 2243 studium
1044 2184 1097 2244 sed
1111 2185 1195 2245 testis

184 2277 232 2330 aut
247 2267 349 2329 iudicis
366 2269 468 2328 alienat
486 2268 587 2337 iidem:
614 2286 678 2328 cnm
701 2268 814 2326 interim
834 2266 1035 2342 haecomnia,
1055 2285 1131 2346 quae
1146 2269 1196 2327 vix

183 2352 297 2430 singula
320 2353 471 2432 quisquam
493 2353 683 2413 intentissima
707 2368 775 2411 cura
799 2351 940 2429 consequi
962 2361 1081 2429 posset,
1106 2351 1197 2412 fluunt

183 2436 347 2512 illaborata,
365 2447 393 2497 et
408 2436 469 2511 illa,
487 2454 542 2514 qna
553 2435 622 2496 nihil
634 2433 782 2514 pulchrius
798 2434 923 2495 auditum
938 2444 993 2510 est,
1013 2437 1106 2495 oratio
1123 2453 1195 2513 prae

126 2533 216 2587 llase
232 2521 289 2581 lent
304 2531 400 2581 tamen
424 2519 621 2580 felicissimam
640 2517 820 2579 facilitatem.
858 2518 956 2592 Quare
972 2535 1030 2578 non
1051 2520 1195 2579 immerito

186 2605 221 2665 ab
247 2603 408 2664 hominibus
439 2605 541 2664 aetatis
567 2620 637 2663 suae
662 2621 796 2681 reparare
817 2604 850 2664 t'n
869 2604 994 2664 iudiciis
1020 2602 1113 2663 dictus
1138 2612 1195 2679 est,

185 2687 261 2767 apud
276 2696 413 2767 posteros
430 2704 502 2747 vero
518 2687 547 2747 id
563 2694 749 2763 consecutus,
764 2694 794 2746 ut
811 2684 916 2747 Cicero
931 2688 986 2746 iam
1001 2703 1060 2747 non
1071 2688 1196 2747 hominis

185 2790 291 2833 nomen
318 2772 371 2833 sed
392 2772 577 2851 eloquentiae
598 2770 748 2832 habeatur.
794 2769 876 2830 Hunc
898 2771 985 2848 igitur
1016 2780 1195 2850 spectemus,

184 2855 242 2917 hoc
258 2857 440 2936 propositum
453 2856 537 2916 nobis
553 2857 591 2916 sit
607 2854 787 2934 exemplum,
809 2854 860 2914 ille
879 2873 912 2914 se
929 2856 1092 2933 proiecisse
1110 2855 1195 2932 sciat,

127 2941 231 3002 uacui
248 2938 353 3001 cicero
371 2940 457 3002 valde
474 2940 612 3019 placebit.
649 2939 739 3000 Multa
763 2940 791 2998 in
813 2938 943 2998 Asinio
960 2939 1134 3000 Pollione
1154 2940 1196 2998 in·

185 3026 300 3101 ventio,
317 3043 424 3085 summa
439 3024 605 3103 diligentia,
626 3024 701 3085 adeo
717 3033 747 3085 nt
764 3023 932 3102 quibusdam
948 3024 1033 3084 etiam
1048 3024 1133 3083 nimia
1153 3024 1192 3082 ri·

186 3109 306 3184 deatur,
331 3118 361 3170 et
382 3109 496 3170 consilii
515 3118 544 3168 et
559 3109 643 3169 animi
659 3109 746 3178 satis;
770 3126 786 3168 a
801 3108 895 3168 nitore
912 3117 940 3167 et
956 3108 1131 3169 iucunditate
1148 3105 1196 3168 Gi-

186 3193 302 3252 ceronis
320 3194 359 3252 ita
375 3192 463 3271 longe
481 3192 581 3269 abest,
604 3201 635 3253 ut
656 3193 749 3253 videri
770 3193 864 3270 possit
884 3192 1004 3253 saeculo
1026 3193 1117 3271 prior.
1156 3190 1197 3252 At

185 3273 349 3336 Messala
369 3277 474 3338 nitidus
501 3285 530 3337 et
547 3276 684 3337 candidus
708 3285 737 3335 et
752 3275 962 3354 quodammodo
979 3275 1151 3355 praeferens
1168 3276 1197 3336 in

127 3356 310 3417 llldicendo
327 3359 506 3421 nobilitatem
522 3379 617 3436 suam,
640 3359 749 3420 viribus
765 3361 866 3419 minor.
904 3358 936 3420 G.
958 3378 1031 3421 vero
1056 3362 1198 3422 Caesar

189 3441 213 3502 si
228 3440 294 3501 ioro
306 3450 412 3503 tantum
423 3454 569 3522 vacasset,
587 3462 645 3504 non
656 3443 729 3506 alius
743 3462 780 3506 ex
790 3445 897 3505 uostris
910 3453 1009 3506 contra
1023 3441 1197 3506 Ciceronem
