2566 4026
203 164 276 231 ’96
550 179 913 239 u.nnn.quunr1u1nnr

235 337 412 398 occurritur:
440 332 488 396 An
515 335 588 395 mibi
616 335 773 395 cantando
794 335 895 395 meins
916 353 975 395 non
998 337 1149 398 redderet
1168 338 1238 402 ittet

196 432 227 486 14
235 419 288 479 Cui
304 429 349 478 est
364 419 484 478 confinis
503 417 710 491 dissimulatio,
732 434 791 476 nou
813 415 881 476 alibi
909 435 994 495 quam
1015 420 1045 478 in
1065 421 1127 481 risu
1144 424 1236 501 posita

232 505 359 582 ideoque
375 511 496 563 tractata
511 519 563 561 suo
576 501 654 561 loco.
686 500 758 561 Nam
774 502 852 560 serio
865 502 889 559 si
901 502 960 577 fiat,
980 519 1033 580 pro
1051 503 1238 566 confessione

233 597 287 648 est.
334 584 472 646 Ceterum
492 595 522 645 et
546 585 743 662 interrogandi
770 603 808 644 so
840 587 1015 662 ipsamet
1040 589 1238 667 respondendi

232 671 305 731 sibi
320 670 417 730 solent
432 688 500 730 esse
517 687 575 729 non
594 671 725 745 ingratae
740 671 838 728 vices:
859 678 890 728 ut
913 666 1017 729 Cicero
1038 689 1092 748 pro
1107 671 1237 750 Ligario,

230 753 325 834 Apud
340 770 429 833 qoem
448 756 543 832 iqitnr
558 755 615 814 inca
631 754 724 815 dico?
754 751 871 831 Nempe
885 755 973 831 opud
989 773 1074 832 earn,
1091 759 1155 834 qni,
1171 777 1239 818 caro

231 840 289 900 boc
304 840 409 916 scira,
431 845 533 899 tomen
548 857 604 913 me,
621 846 785 916 antequam
800 838 894 912 cidit,
911 838 959 898 rei
969 839 1116 917 publicae
1130 842 1237 902 reddi-

192 924 283 987 lbdit.
322 921 419 982 Aliter
439 939 493 999 pro
517 918 618 981 Caelio
641 922 707 982 ficta
727 921 973 998 interrogatione:
1002 920 1094 984 Dicet
1113 926 1238 1004 aliquis,

231 1005 319 1067 Haec
329 1007 424 1084 ipitar
435 1015 480 1066 est
492 1014 546 1066 tna
556 1005 742 1084 disciplina?
756 1006 803 1066 eic
815 1013 847 1066 tn
858 1007 991 1067 institnit
1005 1008 1240 1071 adolescentes?

233 1100 262 1151 et
277 1099 355 1149 totus
371 1089 464 1149 locus.
499 1087 629 1148 Deinde:
650 1086 732 1167 Epo,
748 1091 775 1149 ei
790 1090 876 1167 qaia,
892 1091 1030 1168 indices,
1053 1091 1110 1153 boc
1128 1095 1240 1155 robore

232 1175 327 1236 animi
342 1183 434 1251 atque
448 1173 509 1234 bac
523 1174 625 1235 indole
640 1175 763 1235 oirtntt's
779 1191 818 1234 ac
834 1174 1039 1236 continentiae
1053 1175 1122 1253 fnit,
1142 1186 1172 1236 et
1190 1195 1238 1236 ce·

231 1267 304 1319 tera.
336 1254 389 1318 cui
404 1258 549 1317 diversum
565 1266 619 1333 est,
637 1276 700 1317 eum
720 1257 805 1317 alium
821 1259 985 1334 rogaveris,
1002 1275 1060 1317 non
1076 1269 1238 1338 expectare

231 1359 404 1420 responsum
420 1349 449 1400 et
464 1342 559 1401 statim
576 1341 737 1401 subiicere:
770 1338 887 1402 Domus
908 1343 962 1403 tibi
979 1344 1109 1404 deerat?
1132 1351 1166 1406 ai
1179 1345 1238 1425 ba-

232 1427 346 1496 bebas,·
361 1427 498 1505 pecnnia
512 1427 704 1504 ertperabat?
725 1432 759 1486 at
773 1425 897 1503 eqebas.
933 1424 1018 1498 Quod
1036 1426 1156 1488 schema
1175 1429 1237 1505 qui·

190 1510 295 1572 ladam
319 1528 373 1589 per
399 1511 682 1587 suggestionem
709 1517 825 1568 vocant.
870 1507 916 1567 Fit
944 1518 974 1568 et
1000 1513 1236 1588 comparatione:

234 1593 308 1655 Uter
326 1595 421 1671 iqiinr
450 1594 577 1672 facilins
600 1612 680 1686 prae
706 1593 874 1653 sententiae
895 1594 1045 1654 rationem
1065 1595 1238 1657 redderet?

230 1676 268 1738 Ει
292 1677 355 1735 aliis
370 1677 463 1736 modis
480 1686 539 1735 tum
555 1675 672 1735 brevius
688 1685 746 1736 tum
762 1676 858 1752 latius,
876 1685 935 1735 tum
949 1676 986 1737 de
1002 1696 1058 1739 nna
1076 1696 1109 1737 re
1126 1688 1186 1738 tum
1201 1679 1237 1739 de

252 1759 371 1820 iuribus.

230 1779 249 1839 p
313 1842 386 1903 Mire
405 1860 476 1902 vero
497 1844 526 1902 in
546 1843 641 1903 nausis
662 1842 742 1902 valet
764 1843 1038 1922 praesumptio,
1062 1863 1138 1924 quae
1162 1841 1236 1928 πρό-

230 1931 320 2004 ληψις
340 1927 462 2002 dicitur,
486 1944 549 1986 cum
564 1926 608 2002 id,
639 1927 717 2005 quod
734 1927 822 1987 obiici
844 1937 957 2007 potest,
981 1945 1170 2009 occupamus.
1204 1930 1236 1991 Id

229 2029 325 2089 neque
347 2013 375 2070 iu
404 2010 467 2070 aliis
492 2010 622 2088 partibus
653 2029 747 2071 rarum
775 2021 820 2071 est
846 2023 874 2072 et
895 2013 1055 2092 praecipue
1080 2015 1233 2092 prooemio

188 2098 220 2154 rt
228 2096 372 2153 convenit.
403 2095 462 2154 Sed
484 2113 646 2173 quanquam
666 2098 783 2172 generis
804 2099 886 2156 unius
908 2097 1038 2157 diversas
1054 2107 1152 2158 tamen
1167 2117 1235 2178 spe·

231 2180 291 2238 aies
314 2178 411 2238 habet.
448 2177 501 2238 Est
524 2181 597 2238 enirn
619 2180 759 2257 quaedam
781 2183 1050 2258 praemunitio,
1071 2183 1165 2262 qualis
1190 2181 1236 2244 ct·

230 2265 345 2323 aeronis
362 2271 463 2323 contra
488 2262 523 2336 Q.
542 2261 718 2340 Caecilium,
747 2265 825 2343 quod
848 2265 882 2325 ad
899 2267 1092 2327 accusandum
1110 2267 1235 2328 descen·

229 2347 293 2424 dat‚
317 2350 365 2426 qui
388 2366 506 2426 semper
528 2347 705 2417 defenderit:
730 2349 871 2426 quaedam
893 2350 1106 2425 confessio,
1128 2359 1159 2410 ut
1182 2368 1234 2430 pro

229 2431 346 2491 Rabirio
365 2431 518 2506 Postumo,
543 2450 627 2510 quem
650 2451 701 2492 sua
724 2450 842 2510 quoque
859 2435 1002 2495 sententia
1017 2433 1223 2512 reprehenden

229 2516 294 2574 dum
306 2515 423 2591 fatetur,
445 2515 522 2592 quod
535 2517 760 2593 pecuniamregi
777 2517 947 2587 crediderit:
964 2519 1105 2597 quaedam
1123 2537 1234 2597 prae-

228 2598 361 2658 dictio:
394 2607 425 2658 ut
449 2598 561 2660 Dicant
596 2602 675 2661 enim
705 2619 764 2662 non
789 2602 925 2681 capenas·
949 2604 1087 2664 criminis
1109 2606 1235 2681 qratia,-

229 2682 369 2760 quaedam
388 2682 613 2743 emendatio:
630 2693 662 2743 ut
675 2683 769 2764 Rapo,
785 2686 952 2762 ignoscatis
966 2687 1057 2764 mibi,
1072 2688 1100 2748 n·
1114 2688 1234 2767 lcnqiets

227 2786 294 2827 sam
314 2774 456 2837 coactns,-
476 2767 709 2844 frequentissima
732 2771 991 2847 praeparatio,
1017 2789 1081 2830 curn
1102 2770 1234 2848 pluribus

227 2849 342 2926 verbis,
363 2850 413 2910 vel
435 2868 524 2928 quare
548 2851 652 2910 facturi
674 2852 742 2929 quid
762 2853 850 2911 simus
874 2853 923 2912 vel
948 2872 1038 2932 quare
1063 2854 1232 2931 fecerimus,

185 2934 284 2997 radici
300 2933 386 2993 solet.
427 2933 592 2994 Verborum
613 2953 730 3015 quoque
751 2937 795 2995 vis
814 2954 849 2996 ao
865 2940 1029 3016 proprietas
1048 2938 1234 3000 confirmatur

227 3017 275 3077 vel
291 3020 542 3097 praesumptione:
568 3018 752 3098 Quanquam
766 3020 821 3082 itta
835 3040 895 3083 non
910 3040 1012 3100 poeno
1023 3023 1081 3082 sed
1092 3023 1233 3101 probibi-

226 3103 267 3164 tio
283 3103 410 3164 sceleris
424 3103 501 3182 sitiit
518 3112 566 3163 aut
580 3104 831 3181 reprehensione:
856 3101 963 3183 Cicer,
980 3107 1077 3183 cioca,
1093 3107 1230 3184 inquam,

227 3186 255 3245 ai
270 3186 328 3248 boc
342 3205 394 3249 eos
407 3189 526 3248 nornine
540 3190 696 3266 appellari
705 3189 759 3268 fas
776 3198 830 3249 est.

188 3275 219 3330 19
313 3269 407 3330 Aiiert
423 3269 548 3350 aliquam
563 3272 649 3331 iidem
669 3273 801 3332 veritatis
824 3280 853 3332 et
873 3273 1079 3351 dubitatio,
1104 3293 1168 3335 curn
1194 3273 1231 3335 si-

227 3351 365 3412 mulamus
383 3372 527 3432 quaerere
548 3373 617 3432 nos,
640 3356 716 3416 unde
732 3357 942 3435 incipiendum,
966 3356 1015 3416 ubi
1031 3358 1232 3436 desinendum,

227 3434 295 3514 quid
310 3439 490 3514 potissimum
506 3439 667 3517 dicendum,
684 3457 719 3500 aa
735 3442 849 3500 omnino
871 3440 1023 3501 dicendum
1040 3439 1099 3502 siti
1131 3440 1233 3506 cutus-
