2566 4026
387 198 477 246 lusu.
502 198 652 246 onnuon.
674 200 743 246 ura.
768 199 826 266 v11,
854 197 880 249 4.
1081 187 1122 250 29

116 351 168 414 bet
186 352 282 412 locum
298 351 478 430 deprecatio.
517 353 548 412 ln
565 370 620 431 qua
634 351 786 430 plurimum
800 352 899 414 valent
915 372 952 413 ex
968 356 1050 433 ipso,
1075 357 1123 435 qui

116 455 185 497 reus
203 445 265 512 est,
289 435 364 496 haee
384 437 441 497 tria
453 439 481 496 in
497 439 556 497 vita
571 435 769 515 praecedere,
789 438 814 495 si
830 438 985 512 innocens,
1007 438 1123 499 sibene

116 521 255 594 meritus,
272 520 297 578 si
313 538 382 598 spes
398 521 427 578 in
442 521 566 580 futurum
578 521 749 580 innocenter
759 522 864 579 victuri
879 530 908 580 et
921 523 950 579 iu
961 520 1057 599 aliquo
1069 541 1123 582 usu

116 605 218 672 luturi3
240 612 411 681 praeterea,
430 607 455 664 si
469 604 517 664 vel
537 604 601 664 aliis
616 604 804 664 incommodis
819 603 868 663 vel
883 607 1030 683 praesenti
1045 608 1122 684 peri·

116 687 184 748 culo
199 686 249 746 vel
270 688 448 765 poenitentia
467 687 599 749 videatur
619 690 689 746 satis
705 705 863 766 poenarum
879 688 1009 758 dedisse;
1040 699 1122 750 extra

115 771 268 846 nobilitas,
287 770 427 848 dignitas,
448 773 620 850 propinqui,
637 773 730 831 amici.
774 770 807 831 ln
823 788 859 830 eo
875 781 986 849 tamen,
1006 773 1054 850 qui
1070 791 1118 833 co·
1130 785 1163 840 19

115 856 248 933 gnoscit,
261 854 414 933 plurimum
427 855 607 933 ponendum,
621 856 646 914 si
661 854 723 915 laus
741 874 804 915 eum
815 856 1011 916 misericordis
1024 858 1121 934 potius

116 957 201 1017 quam
223 938 414 1016 reprehensio
439 938 574 999 dissoluti
600 950 791 1000 consecutura
815 948 869 998 est.
914 940 1023 1000 Verum
1044 949 1074 1000 et
1093 943 1121 1000 in

114 1022 227 1082 indiciis
244 1023 356 1082 etiamsi
371 1040 428 1082 non
444 1032 506 1083 toto
517 1040 629 1100 genere
642 1041 748 1083 causae
763 1032 857 1082 tamen
870 1033 1001 1102 exparte
1017 1043 1120 1102 magna

115 1106 162 1166 bic
177 1105 261 1165 locus
279 1124 368 1184 saepe
384 1116 534 1167 tractatur.
573 1106 646 1166 Nam
662 1115 691 1165 et
707 1107 809 1167 divisio
825 1107 964 1185 frequens
986 1117 1048 1183 est,
1078 1118 1119 1167 et-

114 1192 196 1250 iamsi
218 1189 357 1265 lecisset,
381 1191 588 1268 ignoscendum
610 1191 717 1259 luisse,
747 1191 835 1268 idque
857 1193 886 1250 iu
908 1192 1004 1251 causis
1026 1191 1120 1250 dubiis

114 1291 206 1352 saepe
228 1273 404 1351 praevaluit;
430 1283 459 1334 et
478 1275 590 1354 epilogi
613 1292 712 1333 omnes
739 1275 766 1332 in
793 1274 894 1334 eadem
915 1275 978 1334 fere
1000 1277 1120 1335 materia

115 1359 227 1417 versari
243 1357 348 1417 solent.
394 1359 452 1418 Sed
468 1376 669 1437 nonnunquam
687 1360 773 1418 etiam
784 1360 828 1417 rei
843 1359 930 1417 totius
948 1359 996 1418 hic
1011 1377 1119 1419 summa
1128 1371 1161 1423 to

115 1443 279 1501 constituta.
319 1441 378 1500 lam
395 1459 468 1501 vero
486 1445 511 1502 si
527 1440 733 1503 exheredatum
749 1460 765 1503 a
780 1460 813 1501 se
829 1441 916 1502 lilium
931 1451 1016 1521 pater
1030 1451 1118 1502 testa-

114 1534 160 1587 tus
176 1524 263 1587 buerit
279 1525 394 1604 elogio,
413 1535 582 1607 propterera
599 1527 681 1604 qnod
698 1529 727 1586 e's
744 1513 935 1587 meretricem
953 1529 1122 1591 amovente:

114 1629 172 1671 nou
193 1613 284 1671 omnis
299 1611 346 1672 hic
369 1615 423 1672 erit
441 1613 589 1690 quaestio,
618 1628 654 1670 an
672 1609 740 1669 huie
759 1609 867 1671 delicto
885 1618 970 1688 pater
987 1609 1119 1670 debuerit

113 1697 270 1773 ignoscere
287 1705 315 1754 et
327 1693 501 1756 Gentnmviri
517 1694 644 1754 tribuere
657 1693 782 1753 debeant
792 1691 927 1754 veniam?
959 1693 1017 1754 Sed
1033 1695 1119 1753 etiam

115 1781 143 1838 in
160 1779 306 1855 formulis,
331 1798 395 1838 curn
416 1780 573 1858 poenariae
589 1787 653 1838 sunt
668 1779 815 1852 actiones,
837 1779 876 1839 ita
896 1796 1012 1838 cansam
1031 1778 1118 1856 parti·

113 1881 191 1938 mur,
217 1881 253 1923 an
271 1864 423 1923 commissa
442 1865 480 1922 sit
501 1880 617 1941 poena,
635 1880 670 1922 an
694 1863 771 1940 exigi
794 1861 909 1922 debeat.
954 1861 986 1921 ld
1012 1871 1118 1936 autem,

114 1946 193 2024 qnod
217 1947 259 2006 illi
281 1947 428 2024 viderunt,
447 1965 547 2006 verum
569 1955 633 2022 est,
653 1964 735 2004 reum
756 1945 929 2006 aiudicibus
945 1945 1003 2005 hoc
1018 1944 1117 2005 deien-

114 2032 205 2089 sionis
221 2030 306 2089 modo
322 2030 441 2091 liberari
456 2048 513 2089 non
528 2047 628 2109 posse.

198 2113 243 2173 De
254 2116 426 2192 praemiis
442 2124 537 2174 autem
550 2122 724 2192 quaeruntur
735 2113 808 2172 duo:
824 2112 870 2171 An
881 2112 992 2173 ullosit
1003 2113 1117 2188 dignus,
1127 2123 1156 2174 21

114 2199 162 2276 qui
178 2199 267 2276 petit,
296 2215 331 2256 an
348 2207 441 2265 tanto:
466 2216 504 2257 ex
522 2197 652 2272 duobus,
677 2196 750 2256 Uter
770 2195 898 2273 dignior;
922 2195 1117 2274 expluribus,

114 2281 185 2355 Quis
209 2281 401 2358 dignissimus.
438 2281 567 2355 Quorum
586 2288 725 2340 tractatus
742 2297 779 2338 ex
801 2282 866 2357 ipso
881 2279 1047 2341 meritorum
1066 2296 1118 2355 ge·

113 2383 184 2424 nere
207 2365 356 2425 ducuntur.
401 2364 438 2424 Et
463 2364 635 2424 intuebimur
655 2380 712 2422 nou
732 2381 793 2422 rem
813 2372 937 2437 tantum,
962 2363 1024 2420 sive
1047 2362 1118 2421 alle-

113 2448 208 2526 ganda
231 2450 293 2508 sive
310 2448 501 2527 comparanda
523 2450 592 2523 erit,
616 2447 668 2507 sed
683 2463 838 2525 personam
853 2462 985 2523 quoque;
1010 2453 1118 2505 namet

113 2532 232 2591 multum
247 2533 382 2609 interest,
398 2542 547 2608 tyrannum
562 2533 673 2591 iuvenis
691 2529 833 2590 occiderit
848 2548 883 2590 an
895 2547 1003 2604 senex,
1021 2529 1066 2587 vir
1083 2546 1119 2588 an

113 2618 236 2692 femina,
257 2615 368 2675 alienus
391 2635 427 2676 an
455 2618 639 2684 coniunctus;
671 2624 700 2674 et
725 2613 822 2674 locum
844 2613 1059 2691 multipliciter,
1090 2613 1160 2679 inan

115 2701 231 2760 civitate
247 2702 374 2774 tyrannis
390 2710 507 2760 assueta
529 2718 564 2759 an
584 2699 677 2760 libera
695 2716 826 2776 semper;
849 2700 878 2756 in
892 2716 960 2757 arce
975 2716 1011 2757 an
1027 2696 1117 2763 domi;

114 2792 144 2843 et
166 2786 310 2862 quomodo
328 2784 434 2844 laetum
454 2786 506 2860 sit,
530 2785 610 2844 ferro
631 2802 667 2844 an
688 2799 817 2851 veneno;
844 2791 873 2842 et
894 2799 950 2859 qno
973 2790 1118 2858 tempore,

113 2867 194 2926 bello
207 2885 243 2927 an
252 2885 341 2945 pace;
360 2886 423 2927 curn
439 2868 623 2947 depositurus
640 2876 721 2926 esset
737 2884 799 2926 eam
814 2874 989 2944 potestatem
1004 2883 1040 2924 an
1056 2881 1119 2922 cunr

114 2951 222 3028 aliquid
239 2953 306 3010 novi
321 2951 444 3011 sceleris
460 2970 591 3012 ausurus.
636 2951 749 3012 Habent
763 2952 791 3009 in
805 2950 915 3009 meritis
930 2951 1051 3027 gratiam
1067 2965 1118 3026 pe·

114 3035 235 3094 riculum
259 3052 375 3113 quoque
405 3045 434 3094 et
460 3035 624 3095 difficultas.
666 3035 804 3095 Similiter
830 3033 989 3094 liberalitas
1021 3040 1160 3109 aqu023

115 3119 248 3198 proiecta
263 3121 315 3193 sit,
332 3119 432 3178 refert.
477 3118 549 3178 Nam
565 3120 593 3177 in
608 3137 738 3197 paupere
750 3119 859 3195 gratior
873 3130 958 3195 quam
974 3118 1003 3176 in
1018 3116 1117 3191 divite,

116 3203 200 3262 dante
218 3202 391 3263 benelicium
405 3221 489 3281 quam
504 3202 660 3277 reddente,
682 3211 765 3281 patre
782 3219 866 3280 quam
882 3201 965 3261 orbo.
1003 3200 1074 3260 ltem
1090 3201 1118 3258 in

114 3305 199 3364 quam
214 3305 275 3345 rem
291 3286 403 3346 dederit
419 3296 448 3346 et
464 3304 520 3364 quo
536 3296 668 3364 tempore
685 3295 714 3345 et
731 3303 788 3365 quo
805 3287 914 3361 animo,
930 3283 959 3343 id
975 3294 1036 3360 est,
1053 3301 1118 3343 num

113 3371 143 3428 in
157 3370 281 3448 aliquam
298 3389 380 3449 spem
395 3389 489 3439 suam3
519 3371 649 3430 similiter
665 3370 730 3430 alia.
775 3369 814 3428 Et
832 3369 899 3429 ideo
918 3368 1039 3447 qualitas
1058 3384 1117 3428 ma·

114 3455 191 3515 xime
203 3456 327 3515 oratoris
338 3456 443 3533 recipit
455 3472 591 3534 operam,
610 3455 676 3532 quia
691 3456 719 3513 in
735 3462 885 3533 utramque
903 3462 1015 3532 partem
1028 3451 1117 3530 pluri·
