2566 4026
348 154 781 235 menonxuonnmuqt.
1002 154 1063 217 273

57 326 187 409 petenti,
206 322 278 400 Sic,
297 324 405 402 inquit,
418 323 514 402 petio,
539 331 685 401 tanquam
706 321 852 384 Caesaris
867 324 1065 385 candidatas.

57 411 132 474 Nam
149 408 221 469 illud
233 410 314 487 petis
330 406 491 484 ambiguum
503 415 558 481 est,
575 409 715 466 securitas
728 407 837 466 similis.
869 406 953 480 Quod
965 407 1064 467 hacte·
1075 416 1109 470 63

59 514 113 556 nus
137 491 303 553 ostendisse
332 492 401 549 satis
428 499 483 549 est.
527 487 662 550 Ceterum
688 491 921 569 frequentissima
945 491 1067 551 aliorum

59 594 203 658 generum
219 593 282 634 oum
298 574 360 634 aliis
379 575 502 634 mixtura
519 583 579 650 est,
602 592 695 652 eaque
711 575 834 652 optima,
858 593 932 653 quae
950 594 987 634 ex
1002 575 1065 653 plu·

59 662 139 722 ribus
157 667 280 719 constat.
315 656 424 717 Eadem
446 657 681 717 dissimilium
702 660 776 718 ratio
798 668 852 718 est.
884 659 956 719 Hinc
974 677 1065 737 eques

60 746 226 818 Romanus,
246 741 281 800 ad
297 759 382 819 quem
397 742 425 799 in
441 742 618 818 spectaculis
634 741 781 802 bibentem
795 760 858 801 cum
869 744 995 802 misisset
1006 742 1065 801 Au·

60 837 182 908 gustus,
207 826 254 904 qui
270 826 297 884 ei
312 824 439 900 diceret,
463 822 529 903 Epo
550 827 578 886 si
589 828 750 905 prandere
765 827 849 902 oola,
871 828 993 888 domam
1013 845 1065 889 eo:

62 911 108 975 'Ta
123 911 223 986 caim,
245 909 350 987 inquit,
371 927 432 969 noa
455 910 554 985 omes,
575 929 615 971 ne
635 911 734 972 locam
747 912 875 989 perdas.
915 909 961 969 Ex
981 922 1108 977 con-64

62 996 183 1057 trario
213 1009 270 1052 non
294 1010 349 1052 una
374 993 500 1069 species.
536 991 640 1071 Neque
671 995 745 1053 enim
767 993 870 1053 eodem
889 993 974 1053 modo
996 993 1066 1053 dixit

62 1079 213 1157 Augustus
229 1076 398 1154 praefecto,
425 1094 509 1153 quem
531 1095 594 1137 cum
609 1078 763 1155 ignominia
777 1077 922 1153 mittebat,
944 1077 1065 1137 subinde

61 1162 258 1241 interponenti
280 1159 434 1237 precibus,
461 1158 543 1232 Qaid
562 1162 753 1240 respondedo
769 1162 855 1241 patri
878 1163 963 1222 meo?
993 1159 1065 1236 Dic,

61 1267 109 1309 me
128 1247 184 1307 tibi
199 1244 394 1323 displicuisse
398 1267 413 1313 ;
429 1260 485 1322 quo
506 1243 596 1304 Galba
611 1245 745 1323 penulam
762 1247 891 1323 roganti:
912 1242 980 1305 Noa
993 1263 1064 1323 poo-

61 1350 130 1393 oam
149 1329 359 1404 commodare,
377 1329 598 1396 dominantem·
620 1347 683 1388 cum
704 1329 893 1388 coenaculum
914 1330 976 1387 eius
1000 1346 1065 1405 per·

62 1414 189 1494 plueret.
221 1411 348 1471 Tertium
363 1411 456 1470 adhuc
470 1412 555 1471 illud:
572 1412 739 1490 (siquidem,
754 1423 785 1472 ut
800 1431 836 1472 ne
851 1421 999 1472 auctorem
1013 1428 1065 1490 po·

63 1515 144 1572 nam,
166 1495 343 1555 verecundia
367 1496 458 1572 ipsius
484 1495 573 1575 iacit)
596 1495 854 1559 libidinosiores
874 1512 966 1574 qaam
986 1496 1066 1557 allas

62 1582 182 1661 apado;
199 1597 255 1658 quo
272 1581 335 1638 sine
350 1578 436 1638 dubio
453 1588 481 1639 et
498 1581 595 1657 opinio
617 1581 760 1658 decipitur
782 1581 834 1640 sed
850 1598 887 1640 ex
909 1580 1065 1640 contrario.

62 1666 100 1726 Et
117 1664 176 1725 boc
200 1683 237 1722 ex
256 1662 359 1722 eodem
381 1662 449 1722 loco
477 1671 521 1722 est
545 1664 597 1723 sed
618 1664 688 1723 nulli
710 1667 837 1742 priorum
857 1664 966 1739 simile,
989 1664 1066 1742 quod

62 1750 135 1810 dixit
150 1746 188 1807 bl.
203 1747 357 1821 Vestinus,
383 1765 446 1806 cum
462 1749 489 1807 ei
505 1749 660 1808 nuntiatum
676 1758 771 1823 esset,
791 1745 966 1826 Aliquando
985 1750 1095 1809 desi-’⁸

62 1841 114 1895 net
134 1839 250 1910 patere.
292 1828 425 1890 Onerabo
447 1831 549 1892 librum
571 1832 712 1910 exemplis
740 1832 920 1910 similemque
950 1833 1000 1907 iis,
1021 1831 1110 1909 qui65

62 1917 140 1975 risus
156 1918 249 1993 gratia
265 1924 491 1991 componuntur,
515 1915 655 1992 efficiam,
677 1918 701 1975 si
718 1918 856 1995 persequi
870 1915 993 1974 voluero
1010 1917 1066 1973 sin-

62 1998 134 2077 gula
148 2008 289 2058 veterum.

148 2081 195 2141 Ex
223 2081 353 2141 omnibus
383 2092 614 2160 argumentorum
646 2083 720 2143 locis
747 2083 847 2143 eadem
870 2083 987 2142 occasio
1011 2090 1066 2141 est.

62 2166 137 2227 Nam
153 2175 182 2226 et
196 2166 372 2225 finitione
386 2185 455 2225 usus
472 2176 517 2225 est
529 2167 677 2242 Augustus
694 2166 730 2225 de
745 2168 925 2245 pantomimis
943 2165 1066 2242 duobus,

63 2252 115 2330 qui
135 2250 254 2310 alternis
272 2249 404 2328 gestibus
424 2248 651 2324 contendebant,
674 2266 854 2309 cumeorum
870 2249 991 2309 alterum
1006 2249 1067 2310 sal·

62 2345 159 2397 torem
179 2333 249 2393 dixit
265 2334 387 2393 alterum
400 2333 656 2407 interpellatorem
662 2355 675 2402 ;
698 2341 726 2392 et
740 2334 948 2412 partitione
964 2331 1065 2407 Galba,
1075 2337 1110 2393 66

64 2435 130 2479 cum
145 2417 280 2496 penulam
291 2417 406 2494 roganti
421 2416 582 2493 respondit,
597 2413 666 2476 Noa
674 2417 763 2495 plait,
774 2435 835 2478 aon
845 2434 922 2495 opas
937 2424 982 2478 est
996 2415 1068 2484 tibi,-

62 2503 92 2564 si
104 2502 194 2580 plait,
209 2502 275 2581 ipse
290 2511 371 2562 utar.
402 2499 526 2559 Proinde
545 2517 667 2576 genere,
689 2501 807 2579 specie,
824 2501 968 2579 propriis,
987 2497 1066 2558 dilie-

62 2584 206 2661 rentibus,
223 2586 339 2662 iugatis,
358 2585 517 2660 adiunctis,
536 2584 798 2662 consequentibus,
817 2583 1066 2658 antecedentibus,

62 2668 310 2748 repugnantibus,
328 2669 439 2744 causis,
457 2668 588 2743 effectis,
608 2670 823 2747 comparatione
836 2669 962 2747 parium,
979 2666 1067 2726 maio-

62 2771 144 2828 rum,
164 2754 303 2811 minorum
324 2752 424 2812 similis
439 2754 558 2813 materia
575 2752 741 2831 praebetur.
785 2753 866 2812 Sicut
887 2753 915 2811 in
936 2761 1067 2829 tropos

64 2853 184 2916 quoque
208 2854 307 2896 omnes
329 2837 414 2908 cadit.
451 2836 497 2896 An
518 2854 575 2896 non
599 2837 720 2916 plurima
741 2825 816 2896 καθ’
839 2827 1007 2917 ὑπερβολὴν
1028 2833 1110 2896 ‹li-ot

65 2916 190 2981 cuntur?
215 2920 300 2998 quale
322 2920 413 2980 refert
438 2917 543 2982 Cicero
569 2921 606 2980 de
629 2920 744 2981 bomine
765 2919 948 2999 praelongo,
975 2926 1070 2996 capnt

64 3023 133 3067 eam
148 3006 193 3066 ad
211 3005 361 3083 fornicem
382 3002 512 3066 Fabiam
533 3005 710 3087 offendisse;
744 3014 773 3064 et
799 3004 876 3082 quod
903 3003 933 3063 P.
957 3000 1067 3081 Oppius

64 3083 136 3149 dixit
152 3089 188 3148 de
207 3106 317 3166 genere
332 3087 534 3165 Lentulorum,
551 3107 614 3149 cum
630 3088 745 3150 assidue
759 3089 885 3148 minores
901 3084 1069 3166 parentibus

63 3170 151 3234 liberi
167 3181 282 3247 essent,
301 3173 459 3233 nascendo
478 3175 681 3234 interituram.
718 3171 793 3245 Quid
813 3168 955 3231 ironia?
974 3176 1111 3232 uoune68

66 3257 152 3316 etiam
166 3274 241 3334 quae
255 3256 442 3315 severissime
455 3256 496 3332 iit,
511 3257 568 3316 ioci
579 3273 673 3336 prope
686 3274 778 3334 genus
795 3253 860 3315 est?
886 3254 949 3328 Qua
959 3253 1068 3314 urbane

65 3358 136 3400 usus
154 3349 199 3400 est
214 3339 302 3415 Ater,
325 3358 388 3399 cum
403 3339 489 3399 Didio
512 3338 613 3416 Gallo,
635 3341 683 3418 qui
703 3339 881 3418 provinciam
896 3338 1067 3399 ambitiosis·

65 3425 138 3483 sime
153 3425 290 3504 petierat,
311 3422 426 3490 deinde.
443 3424 594 3496 impetrato
613 3441 660 3503 ea,
680 3437 814 3502 tanquam
830 3431 950 3484 coactus
965 3440 1068 3502 quera·
1123 3484 1126 3489 ,

107 3528 300 3576 u.r.oumrn.
865 3505 902 3566 18
