<?xml version="1.0" encoding="UTF-8"?>
<!DOCTYPE html PUBLIC "-//W3C//DTD XHTML 1.0 Transitional//EN"
    "http://www.w3.org/TR/xhtml1/DTD/xhtml1-transitional.dtd">
<html xmlns="http://www.w3.org/1999/xhtml" xml:lang="en" lang="en">
 <head>
  <title>
</title>
<meta http-equiv="Content-Type" content="text/html;charset=utf-8" />
  <meta name='ocr-system' content='tesseract 3.04.00' />
  <meta name='ocr-capabilities' content='ocr_page ocr_carea ocr_par ocr_line ocrx_word'/>
</head>
<body>
  <div class='ocr_page' id='page_1' title='image "./mfabiiquintilia00bonngoog/mfabiiquintilia00bonngoog_0181.png"; bbox 0 0 2566 4026; ppageno 0'>
   <div class='ocr_carea' id='block_1_1' title="bbox 213 114 892 197">
    <p class='ocr_par' dir='ltr' id='par_1_1' title="bbox 213 114 892 197">
     <span class='ocr_line' id='line_1_1' title="bbox 213 114 892 197; baseline -0.009 -6"><span class='ocrx_word' id='word_1_1' title='bbox 213 131 272 191; x_wconf 76' lang='lat'><strong>154</strong></span> <span class='ocrx_word' id='word_1_2' title='bbox 332 114 338 123; x_wconf 78' lang='grc'><strong>’</strong></span> <span class='ocrx_word' id='word_1_3' title='bbox 521 139 892 197; x_wconf 76' lang='lat' dir='ltr'><strong>u.rna.qu1nu1crnu1</strong></span> 
     </span>
    </p>
   </div>
   <div class='ocr_carea' id='block_1_2' title="bbox 139 292 1215 3452">
    <p class='ocr_par' dir='ltr' id='par_1_2' title="bbox 139 292 1215 3452">
     <span class='ocr_line' id='line_1_2' title="bbox 211 292 1214 372; baseline -0.001 -15"><span class='ocrx_word' id='word_1_4' title='bbox 211 296 343 357; x_wconf 91' lang='lat' dir='ltr'><strong>odiorum</strong></span> <span class='ocrx_word' id='word_1_5' title='bbox 364 303 412 354; x_wconf 89' lang='lat' dir='ltr'><strong>aut</strong></span> <span class='ocrx_word' id='word_1_6' title='bbox 429 293 591 354; x_wconf 81' lang='lat' dir='ltr'><strong>ambitionis</strong></span> <span class='ocrx_word' id='word_1_7' title='bbox 614 293 753 352; x_wconf 84' lang='lat' dir='ltr'><strong>abfuerit:</strong></span> <span class='ocrx_word' id='word_1_8' title='bbox 776 294 815 352; x_wconf 89' lang='lat' dir='ltr'><strong>ita</strong></span> <span class='ocrx_word' id='word_1_9' title='bbox 832 293 974 370; x_wconf 81' lang='lat' dir='ltr'><strong>quaedam</strong></span> <span class='ocrx_word' id='word_1_10' title='bbox 990 295 1019 352; x_wconf 94' lang='lat' dir='ltr'><strong>in</strong></span> <span class='ocrx_word' id='word_1_11' title='bbox 1034 292 1078 352; x_wconf 92' lang='lat' dir='ltr'><strong>his</strong></span> <span class='ocrx_word' id='word_1_12' title='bbox 1095 310 1214 372; x_wconf 92' lang='lat' dir='ltr'><strong>quoque</strong></span> 
     </span>
     <span class='ocr_line' id='line_1_3' title="bbox 211 377 1211 455; baseline -0.002 -15"><span class='ocrx_word' id='word_1_13' title='bbox 211 377 421 440; x_wconf 90' lang='lat' dir='ltr'><strong>commendatio</strong></span> <span class='ocrx_word' id='word_1_14' title='bbox 439 379 536 452; x_wconf 89' lang='lat' dir='ltr'><strong>tacita,</strong></span> <span class='ocrx_word' id='word_1_15' title='bbox 549 377 573 435; x_wconf 94' lang='lat' dir='ltr'><strong>si</strong></span> <span class='ocrx_word' id='word_1_16' title='bbox 585 392 637 435; x_wconf 92' lang='lat' dir='ltr'><strong>nos</strong></span> <span class='ocrx_word' id='word_1_17' title='bbox 649 377 788 452; x_wconf 80' lang='lat' dir='ltr'><strong>infirmos,</strong></span> <span class='ocrx_word' id='word_1_18' title='bbox 802 377 970 454; x_wconf 87' lang='lat' dir='ltr'><strong>imparatos,</strong></span> <span class='ocrx_word' id='word_1_19' title='bbox 984 378 1110 454; x_wconf 90' lang='lat' dir='ltr'><strong>impares</strong></span> <span class='ocrx_word' id='word_1_20' title='bbox 1124 395 1211 455; x_wconf 91' lang='lat' dir='ltr'><strong>agen·</strong></span> 
     </span>
     <span class='ocr_line' id='line_1_4' title="bbox 210 459 1211 538; baseline 0 -16"><span class='ocrx_word' id='word_1_21' title='bbox 210 465 281 523; x_wconf 89' lang='lat' dir='ltr'><strong>tium</strong></span> <span class='ocrx_word' id='word_1_22' title='bbox 296 470 396 522; x_wconf 87' lang='lat' dir='ltr'><strong>contra</strong></span> <span class='ocrx_word' id='word_1_23' title='bbox 412 461 535 537; x_wconf 90' lang='lat' dir='ltr'><strong>ingeniis</strong></span> <span class='ocrx_word' id='word_1_24' title='bbox 552 459 725 535; x_wconf 78' lang='lat' dir='ltr'><strong>dixerimus,</strong></span> <span class='ocrx_word' id='word_1_25' title='bbox 749 459 845 538; x_wconf 91' lang='lat' dir='ltr'><strong>qualia</strong></span> <span class='ocrx_word' id='word_1_26' title='bbox 861 470 926 520; x_wconf 89' lang='lat' dir='ltr'><strong>sunt</strong></span> <span class='ocrx_word' id='word_1_27' title='bbox 943 460 1085 538; x_wconf 82' lang='lat' dir='ltr'>pleraque</span> <span class='ocrx_word' id='word_1_28' title='bbox 1101 459 1211 523; x_wconf 85' lang='lat' dir='ltr'><strong>Messa·</strong></span> 
     </span>
     <span class='ocr_line' id='line_1_5' title="bbox 181 543 1213 623; baseline -0.002 -15"><span class='ocrx_word' id='word_1_29' title='bbox 181 545 257 613; x_wconf 72' lang='lat' dir='ltr'><strong>ulae</strong></span> <span class='ocrx_word' id='word_1_30' title='bbox 273 546 435 623; x_wconf 88' lang='lat' dir='ltr'><strong>prooemia.</strong></span> <span class='ocrx_word' id='word_1_31' title='bbox 466 543 520 603; x_wconf 82' lang='lat' dir='ltr'><strong>Est</strong></span> <span class='ocrx_word' id='word_1_32' title='bbox 535 545 609 602; x_wconf 91' lang='lat' dir='ltr'><strong>enim</strong></span> <span class='ocrx_word' id='word_1_33' title='bbox 625 544 762 605; x_wconf 90' lang='lat' dir='ltr'><strong>naturalis</strong></span> <span class='ocrx_word' id='word_1_34' title='bbox 778 544 863 604; x_wconf 89' lang='lat' dir='ltr'><strong>lavor</strong></span> <span class='ocrx_word' id='word_1_35' title='bbox 877 562 931 622; x_wconf 92' lang='lat' dir='ltr'><strong>pro</strong></span> <span class='ocrx_word' id='word_1_36' title='bbox 948 544 1165 620; x_wconf 81' lang='lat' dir='ltr'><strong>laborantibus,</strong></span> <span class='ocrx_word' id='word_1_37' title='bbox 1184 555 1213 606; x_wconf 89' lang='lat' dir='ltr'><strong>ct</strong></span> 
     </span>
     <span class='ocr_line' id='line_1_6' title="bbox 211 626 1212 707; baseline -0.002 -17"><span class='ocrx_word' id='word_1_38' title='bbox 211 630 299 690; x_wconf 84' lang='lat' dir='ltr'><strong>iudex</strong></span> <span class='ocrx_word' id='word_1_39' title='bbox 319 628 476 705; x_wconf 91' lang='lat' dir='ltr'><strong>religiosus</strong></span> <span class='ocrx_word' id='word_1_40' title='bbox 497 626 685 688; x_wconf 72' lang='lat' dir='ltr'><strong>libentissime</strong></span> <span class='ocrx_word' id='word_1_41' title='bbox 702 636 853 706; x_wconf 89' lang='lat' dir='ltr'><strong>patronum</strong></span> <span class='ocrx_word' id='word_1_42' title='bbox 869 628 966 705; x_wconf 90' lang='lat' dir='ltr'><strong>audit,</strong></span> <span class='ocrx_word' id='word_1_43' title='bbox 985 647 1070 707; x_wconf 93' lang='lat' dir='ltr'><strong>quem</strong></span> <span class='ocrx_word' id='word_1_44' title='bbox 1086 630 1212 689; x_wconf 87' lang='lat' dir='ltr'><strong>iustitiae</strong></span> 
     </span>
     <span class='ocr_line' id='line_1_7' title="bbox 211 709 1212 789; baseline -0.001 -16"><span class='ocrx_word' id='word_1_45' title='bbox 211 731 283 775; x_wconf 91' lang='lat' dir='ltr'><strong>suae</strong></span> <span class='ocrx_word' id='word_1_46' title='bbox 304 714 418 772; x_wconf 89' lang='lat' dir='ltr'><strong>minime</strong></span> <span class='ocrx_word' id='word_1_47' title='bbox 444 713 534 771; x_wconf 88' lang='lat' dir='ltr'><strong>timet.</strong></span> <span class='ocrx_word' id='word_1_48' title='bbox 583 709 653 770; x_wconf 90' lang='lat' dir='ltr'><strong>Inde</strong></span> <span class='ocrx_word' id='word_1_49' title='bbox 674 711 726 772; x_wconf 90' lang='lat' dir='ltr'><strong>illa</strong></span> <span class='ocrx_word' id='word_1_50' title='bbox 751 721 883 773; x_wconf 86' lang='lat' dir='ltr'><strong>veterum</strong></span> <span class='ocrx_word' id='word_1_51' title='bbox 906 714 985 773; x_wconf 89' lang='lat' dir='ltr'><strong>circa</strong></span> <span class='ocrx_word' id='word_1_52' title='bbox 1011 712 1212 789; x_wconf 80' lang='lat' dir='ltr'><strong>occultandam</strong></span> 
     </span>
     <span class='ocr_line' id='line_1_8' title="bbox 212 795 1212 875; baseline -0.001 -18"><span class='ocrx_word' id='word_1_53' title='bbox 212 797 406 875; x_wconf 88' lang='lat' dir='ltr'><strong>eloquentiam</strong></span> <span class='ocrx_word' id='word_1_54' title='bbox 429 795 573 855; x_wconf 91' lang='lat' dir='ltr'><strong>simulatio</strong></span> <span class='ocrx_word' id='word_1_55' title='bbox 594 795 712 855; x_wconf 91' lang='lat' dir='ltr'><strong>multum</strong></span> <span class='ocrx_word' id='word_1_56' title='bbox 730 795 765 855; x_wconf 93' lang='lat' dir='ltr'><strong>ab</strong></span> <span class='ocrx_word' id='word_1_57' title='bbox 786 796 840 856; x_wconf 87' lang='lat' dir='ltr'><strong>hac</strong></span> <span class='ocrx_word' id='word_1_58' title='bbox 864 806 1029 856; x_wconf 89' lang='lat' dir='ltr'><strong>nostrorum</strong></span> <span class='ocrx_word' id='word_1_59' title='bbox 1049 805 1212 874; x_wconf 90' lang='lat' dir='ltr'><strong>temporum</strong></span> 
     </span>
     <span class='ocr_line' id='line_1_9' title="bbox 170 878 1212 955; baseline -0.004 -11"><span class='ocrx_word' id='word_1_60' title='bbox 170 883 366 946; x_wconf 85' lang='lat' dir='ltr'><strong>loiactatione</strong></span> <span class='ocrx_word' id='word_1_61' title='bbox 382 880 507 939; x_wconf 86' lang='lat' dir='ltr'><strong>diversa.</strong></span> <span class='ocrx_word' id='word_1_62' title='bbox 543 878 696 939; x_wconf 75' lang='lat' dir='ltr'><strong>vitandum</strong></span> <span class='ocrx_word' id='word_1_63' title='bbox 720 881 821 955; x_wconf 91' lang='lat' dir='ltr'><strong>etiam,</strong></span> <span class='ocrx_word' id='word_1_64' title='bbox 843 897 880 939; x_wconf 94' lang='lat' dir='ltr'><strong>ne</strong></span> <span class='ocrx_word' id='word_1_65' title='bbox 897 880 1116 955; x_wconf 80' lang='lat' dir='ltr'><strong>contumeliosi,</strong></span> <span class='ocrx_word' id='word_1_66' title='bbox 1133 881 1212 940; x_wconf 91' lang='lat' dir='ltr'><strong>mali·</strong></span> 
     </span>
     <span class='ocr_line' id='line_1_10' title="bbox 211 960 1213 1043; baseline 0.001 -20"><span class='ocrx_word' id='word_1_67' title='bbox 211 966 278 1043; x_wconf 84' lang='lat' dir='ltr'><strong>gni,</strong></span> <span class='ocrx_word' id='word_1_68' title='bbox 301 963 436 1041; x_wconf 84' lang='lat' dir='ltr'><strong>superbi,</strong></span> <span class='ocrx_word' id='word_1_69' title='bbox 465 960 600 1023; x_wconf 88' lang='lat' dir='ltr'><strong>maledici</strong></span> <span class='ocrx_word' id='word_1_70' title='bbox 626 964 655 1021; x_wconf 92' lang='lat' dir='ltr'><strong>in</strong></span> <span class='ocrx_word' id='word_1_71' title='bbox 680 981 852 1042; x_wconf 89' lang='lat' dir='ltr'><strong>quemquam</strong></span> <span class='ocrx_word' id='word_1_72' title='bbox 878 963 1023 1024; x_wconf 88' lang='lat' dir='ltr'><strong>hominem</strong></span> <span class='ocrx_word' id='word_1_73' title='bbox 1044 964 1213 1024; x_wconf 84' lang='lat' dir='ltr'><strong>ordinemve</strong></span> 
     </span>
     <span class='ocr_line' id='line_1_11' title="bbox 210 1047 1213 1126; baseline 0 -19"><span class='ocrx_word' id='word_1_74' title='bbox 210 1047 374 1125; x_wconf 78' lang='lat' dir='ltr'><strong>videamur,</strong></span> <span class='ocrx_word' id='word_1_75' title='bbox 399 1048 617 1126; x_wconf 89' lang='lat' dir='ltr'><strong>praecipueque</strong></span> <span class='ocrx_word' id='word_1_76' title='bbox 633 1062 751 1122; x_wconf 90' lang='lat' dir='ltr'><strong>eorum,</strong></span> <span class='ocrx_word' id='word_1_77' title='bbox 772 1048 821 1125; x_wconf 89' lang='lat' dir='ltr'><strong>qui</strong></span> <span class='ocrx_word' id='word_1_78' title='bbox 836 1047 913 1107; x_wconf 90' lang='lat' dir='ltr'><strong>laedi</strong></span> <span class='ocrx_word' id='word_1_79' title='bbox 932 1050 986 1107; x_wconf 90' lang='lat' dir='ltr'><strong>nisi</strong></span> <span class='ocrx_word' id='word_1_80' title='bbox 1003 1048 1126 1108; x_wconf 88' lang='lat' dir='ltr'><strong>adversa</strong></span> <span class='ocrx_word' id='word_1_81' title='bbox 1141 1047 1213 1107; x_wconf 92' lang='lat' dir='ltr'><strong>iudi·</strong></span> 
     </span>
     <span class='ocr_line' id='line_1_12' title="bbox 172 1129 1213 1210; baseline -0.004 -16"><span class='ocrx_word' id='word_1_82' title='bbox 172 1144 201 1196; x_wconf 89' lang='lat'><strong>11</strong></span> <span class='ocrx_word' id='word_1_83' title='bbox 213 1149 277 1191; x_wconf 88' lang='lat' dir='ltr'><strong>curn</strong></span> <span class='ocrx_word' id='word_1_84' title='bbox 291 1131 441 1191; x_wconf 87' lang='lat' dir='ltr'><strong>voluntate</strong></span> <span class='ocrx_word' id='word_1_85' title='bbox 459 1147 517 1190; x_wconf 93' lang='lat' dir='ltr'><strong>non</strong></span> <span class='ocrx_word' id='word_1_86' title='bbox 531 1139 662 1208; x_wconf 86' lang='lat' dir='ltr'><strong>possunt.</strong></span> <span class='ocrx_word' id='word_1_87' title='bbox 694 1129 768 1190; x_wconf 88' lang='lat' dir='ltr'><strong>Nam</strong></span> <span class='ocrx_word' id='word_1_88' title='bbox 782 1133 811 1189; x_wconf 92' lang='lat' dir='ltr'><strong>in</strong></span> <span class='ocrx_word' id='word_1_89' title='bbox 822 1131 947 1191; x_wconf 88' lang='lat' dir='ltr'><strong>iudicem</strong></span> <span class='ocrx_word' id='word_1_90' title='bbox 962 1150 999 1191; x_wconf 92' lang='lat' dir='ltr'><strong>ne</strong></span> <span class='ocrx_word' id='word_1_91' title='bbox 1019 1131 1085 1210; x_wconf 93' lang='lat' dir='ltr'><strong>quid</strong></span> <span class='ocrx_word' id='word_1_92' title='bbox 1102 1131 1213 1192; x_wconf 90' lang='lat' dir='ltr'><strong>dicatur</strong></span> 
     </span>
     <span class='ocr_line' id='line_1_13' title="bbox 212 1214 1213 1293; baseline 0 -18"><span class='ocrx_word' id='word_1_93' title='bbox 212 1231 270 1275; x_wconf 94' lang='lat' dir='ltr'><strong>non</strong></span> <span class='ocrx_word' id='word_1_94' title='bbox 290 1215 375 1275; x_wconf 92' lang='lat' dir='ltr'><strong>modo</strong></span> <span class='ocrx_word' id='word_1_95' title='bbox 399 1215 495 1293; x_wconf 89' lang='lat' dir='ltr'><strong>palam</strong></span> <span class='ocrx_word' id='word_1_96' title='bbox 518 1214 571 1274; x_wconf 91' lang='lat' dir='ltr'><strong>sed</strong></span> <span class='ocrx_word' id='word_1_97' title='bbox 593 1232 629 1273; x_wconf 91' lang='lat' dir='ltr'><strong>ne</strong></span> <span class='ocrx_word' id='word_1_98' title='bbox 646 1214 724 1293; x_wconf 93' lang='lat' dir='ltr'><strong>quod</strong></span> <span class='ocrx_word' id='word_1_99' title='bbox 740 1217 854 1274; x_wconf 92' lang='lat' dir='ltr'><strong>omnino</strong></span> <span class='ocrx_word' id='word_1_100' title='bbox 872 1215 996 1293; x_wconf 84' lang='lat' dir='ltr'><strong>intelligi</strong></span> <span class='ocrx_word' id='word_1_101' title='bbox 1011 1217 1120 1293; x_wconf 90' lang='lat' dir='ltr'><strong>possit,</strong></span> <span class='ocrx_word' id='word_1_102' title='bbox 1143 1215 1213 1275; x_wconf 90' lang='lat' dir='ltr'><strong>stul·</strong></span> 
     </span>
     <span class='ocr_line' id='line_1_14' title="bbox 212 1297 1212 1377; baseline -0.002 -17"><span class='ocrx_word' id='word_1_103' title='bbox 212 1308 271 1360; x_wconf 86' lang='lat' dir='ltr'><strong>tum</strong></span> <span class='ocrx_word' id='word_1_104' title='bbox 287 1308 350 1360; x_wconf 91' lang='lat' dir='ltr'><strong>erat</strong></span> <span class='ocrx_word' id='word_1_105' title='bbox 364 1315 501 1373; x_wconf 91' lang='lat' dir='ltr'><strong>monere,</strong></span> <span class='ocrx_word' id='word_1_106' title='bbox 524 1300 579 1357; x_wconf 91' lang='lat' dir='ltr'><strong>nisi</strong></span> <span class='ocrx_word' id='word_1_107' title='bbox 594 1298 687 1359; x_wconf 83' lang='lat' dir='ltr'><strong>lieret.</strong></span> <span class='ocrx_word' id='word_1_108' title='bbox 725 1297 826 1359; x_wconf 81' lang='lat' dir='ltr'><strong>Etiam&#39;</strong></span> <span class='ocrx_word' id='word_1_109' title='bbox 839 1301 929 1377; x_wconf 90' lang='lat' dir='ltr'><strong>partis</strong></span> <span class='ocrx_word' id='word_1_110' title='bbox 952 1300 1093 1359; x_wconf 89' lang='lat' dir='ltr'><strong>adversae</strong></span> <span class='ocrx_word' id='word_1_111' title='bbox 1116 1307 1212 1376; x_wconf 88' lang='lat' dir='ltr'><strong>patro·</strong></span> 
     </span>
     <span class='ocr_line' id='line_1_15' title="bbox 212 1381 1213 1462; baseline -0.001 -19"><span class='ocrx_word' id='word_1_112' title='bbox 212 1402 266 1443; x_wconf 93' lang='lat' dir='ltr'><strong>nus</strong></span> <span class='ocrx_word' id='word_1_113' title='bbox 282 1382 360 1443; x_wconf 88' lang='lat' dir='ltr'><strong>dabit</strong></span> <span class='ocrx_word' id='word_1_114' title='bbox 377 1381 499 1442; x_wconf 87' lang='lat' dir='ltr'><strong>exordio</strong></span> <span class='ocrx_word' id='word_1_115' title='bbox 514 1384 673 1460; x_wconf 87' lang='lat' dir='ltr'><strong>materiam,</strong></span> <span class='ocrx_word' id='word_1_116' title='bbox 690 1383 803 1442; x_wconf 86' lang='lat' dir='ltr'><strong>interim</strong></span> <span class='ocrx_word' id='word_1_117' title='bbox 819 1401 882 1442; x_wconf 90' lang='lat' dir='ltr'><strong>cum</strong></span> <span class='ocrx_word' id='word_1_118' title='bbox 894 1383 1016 1459; x_wconf 88' lang='lat' dir='ltr'><strong>honore,</strong></span> <span class='ocrx_word' id='word_1_119' title='bbox 1033 1385 1057 1442; x_wconf 92' lang='lat' dir='ltr'><strong>si</strong></span> <span class='ocrx_word' id='word_1_120' title='bbox 1073 1384 1213 1462; x_wconf 90' lang='lat' dir='ltr'><strong>eloquen-</strong></span> 
     </span>
     <span class='ocr_line' id='line_1_16' title="bbox 212 1465 1214 1544; baseline 0.001 -18"><span class='ocrx_word' id='word_1_121' title='bbox 212 1469 280 1526; x_wconf 91' lang='lat' dir='ltr'><strong>tiam</strong></span> <span class='ocrx_word' id='word_1_122' title='bbox 299 1468 361 1526; x_wconf 93' lang='lat' dir='ltr'><strong>eius</strong></span> <span class='ocrx_word' id='word_1_123' title='bbox 384 1475 413 1526; x_wconf 91' lang='lat' dir='ltr'><strong>et</strong></span> <span class='ocrx_word' id='word_1_124' title='bbox 435 1465 556 1542; x_wconf 80' lang='lat' dir='ltr'><strong>gratiam</strong></span> <span class='ocrx_word' id='word_1_125' title='bbox 576 1482 630 1525; x_wconf 86' lang='lat' dir='ltr'><strong>nos</strong></span> <span class='ocrx_word' id='word_1_126' title='bbox 660 1468 763 1525; x_wconf 89' lang='lat' dir='ltr'><strong>timere</strong></span> <span class='ocrx_word' id='word_1_127' title='bbox 785 1466 938 1544; x_wconf 83' lang='lat' dir='ltr'><strong>lingendo,</strong></span> <span class='ocrx_word' id='word_1_128' title='bbox 968 1476 999 1526; x_wconf 92' lang='lat' dir='ltr'><strong>ut</strong></span> <span class='ocrx_word' id='word_1_129' title='bbox 1021 1485 1055 1527; x_wconf 94' lang='lat' dir='ltr'><strong>ea</strong></span> <span class='ocrx_word' id='word_1_130' title='bbox 1077 1476 1214 1544; x_wconf 90' lang='lat' dir='ltr'><strong>suspecta</strong></span> 
     </span>
     <span class='ocr_line' id='line_1_17' title="bbox 213 1549 1213 1628; baseline 0.001 -20"><span class='ocrx_word' id='word_1_131' title='bbox 213 1550 269 1608; x_wconf 90' lang='lat' dir='ltr'><strong>sint</strong></span> <span class='ocrx_word' id='word_1_132' title='bbox 292 1550 395 1624; x_wconf 92' lang='lat' dir='ltr'><strong>iudici,</strong></span> <span class='ocrx_word' id='word_1_133' title='bbox 419 1549 592 1624; x_wconf 83' lang='lat' dir='ltr'><strong>fecerimus,</strong></span> <span class='ocrx_word' id='word_1_134' title='bbox 618 1550 733 1609; x_wconf 89' lang='lat' dir='ltr'><strong>interim</strong></span> <span class='ocrx_word' id='word_1_135' title='bbox 761 1568 815 1628; x_wconf 91' lang='lat' dir='ltr'><strong>per</strong></span> <span class='ocrx_word' id='word_1_136' title='bbox 837 1551 1054 1618; x_wconf 63' lang='lat' dir='ltr'><strong>contumeliam</strong></span> <span class='ocrx_word' id='word_1_137' title='bbox 1079 1552 1133 1610; x_wconf 90' lang='lat' dir='ltr'><strong>sed</strong></span> <span class='ocrx_word' id='word_1_138' title='bbox 1156 1550 1213 1610; x_wconf 88' lang='lat' dir='ltr'><strong>hoc</strong></span> 
     </span>
     <span class='ocr_line' id='line_1_18' title="bbox 213 1631 1215 1712; baseline 0 -19"><span class='ocrx_word' id='word_1_139' title='bbox 213 1651 354 1712; x_wconf 89' lang='lat' dir='ltr'><strong>perquam</strong></span> <span class='ocrx_word' id='word_1_140' title='bbox 368 1648 452 1708; x_wconf 90' lang='lat' dir='ltr'><strong>raro,</strong></span> <span class='ocrx_word' id='word_1_141' title='bbox 473 1641 504 1692; x_wconf 92' lang='lat' dir='ltr'><strong>ut</strong></span> <span class='ocrx_word' id='word_1_142' title='bbox 525 1632 642 1692; x_wconf 81' lang='lat' dir='ltr'><strong>Asinius</strong></span> <span class='ocrx_word' id='word_1_143' title='bbox 658 1650 713 1712; x_wconf 94' lang='lat' dir='ltr'><strong>pro</strong></span> <span class='ocrx_word' id='word_1_144' title='bbox 728 1631 866 1694; x_wconf 83' lang='lat' dir='ltr'><strong>Urbiniae</strong></span> <span class='ocrx_word' id='word_1_145' title='bbox 887 1634 1043 1695; x_wconf 91' lang='lat' dir='ltr'><strong>heredibus</strong></span> <span class='ocrx_word' id='word_1_146' title='bbox 1058 1633 1215 1694; x_wconf 89' lang='lat' dir='ltr'><strong>Labienum</strong></span> 
     </span>
     <span class='ocr_line' id='line_1_19' title="bbox 214 1716 1211 1795; baseline -0.001 -18"><span class='ocrx_word' id='word_1_147' title='bbox 214 1716 373 1777; x_wconf 91' lang='lat' dir='ltr'><strong>adversarii</strong></span> <span class='ocrx_word' id='word_1_148' title='bbox 393 1725 545 1794; x_wconf 89' lang='lat' dir='ltr'><strong>patronum</strong></span> <span class='ocrx_word' id='word_1_149' title='bbox 574 1718 648 1777; x_wconf 91' lang='lat' dir='ltr'><strong>inter</strong></span> <span class='ocrx_word' id='word_1_150' title='bbox 670 1727 839 1794; x_wconf 87' lang='lat' dir='ltr'><strong>argumenta</strong></span> <span class='ocrx_word' id='word_1_151' title='bbox 861 1736 967 1780; x_wconf 90' lang='lat' dir='ltr'><strong>causae</strong></span> <span class='ocrx_word' id='word_1_152' title='bbox 989 1717 1082 1779; x_wconf 92' lang='lat' dir='ltr'><strong>malae</strong></span> <span class='ocrx_word' id='word_1_153' title='bbox 1106 1721 1211 1795; x_wconf 90' lang='lat' dir='ltr'><strong>posuit.</strong></span> 
     </span>
     <span class='ocr_line' id='line_1_20' title="bbox 172 1798 1212 1880; baseline 0.003 -22"><span class='ocrx_word' id='word_1_154' title='bbox 172 1799 309 1877; x_wconf 67' lang='lat' dir='ltr'><strong>llllegat</strong></span> <span class='ocrx_word' id='word_1_155' title='bbox 324 1799 398 1860; x_wconf 88' lang='lat' dir='ltr'><strong>baec</strong></span> <span class='ocrx_word' id='word_1_156' title='bbox 414 1818 482 1860; x_wconf 91' lang='lat' dir='ltr'><strong>esse</strong></span> <span class='ocrx_word' id='word_1_157' title='bbox 497 1802 649 1879; x_wconf 92' lang='lat' dir='ltr'><strong>prooemia</strong></span> <span class='ocrx_word' id='word_1_158' title='bbox 667 1798 958 1879; x_wconf 78' lang='lat' dir='ltr'><strong>Cornelius&#39;Gelsus,</strong></span> <span class='ocrx_word' id='word_1_159' title='bbox 975 1803 1041 1880; x_wconf 92' lang='lat' dir='ltr'><strong>quia</strong></span> <span class='ocrx_word' id='word_1_160' title='bbox 1058 1803 1113 1860; x_wconf 96' lang='lat' dir='ltr'><strong>sint</strong></span> <span class='ocrx_word' id='word_1_161' title='bbox 1132 1810 1212 1861; x_wconf 87' lang='lat' dir='ltr'><strong>extra</strong></span> 
     </span>
     <span class='ocr_line' id='line_1_21' title="bbox 215 1884 1212 1962; baseline -0.002 -18"><span class='ocrx_word' id='word_1_162' title='bbox 215 1885 304 1945; x_wconf 90' lang='lat' dir='ltr'><strong>litem.</strong></span> <span class='ocrx_word' id='word_1_163' title='bbox 342 1884 402 1944; x_wconf 85' lang='lat' dir='ltr'><strong>Sed</strong></span> <span class='ocrx_word' id='word_1_164' title='bbox 423 1901 480 1962; x_wconf 92' lang='lat' dir='ltr'><strong>ego</strong></span> <span class='ocrx_word' id='word_1_165' title='bbox 503 1903 566 1944; x_wconf 92' lang='lat' dir='ltr'><strong>cum</strong></span> <span class='ocrx_word' id='word_1_166' title='bbox 583 1887 755 1946; x_wconf 88' lang='lat' dir='ltr'><strong>auctoritate</strong></span> <span class='ocrx_word' id='word_1_167' title='bbox 771 1903 944 1946; x_wconf 88' lang='lat' dir='ltr'><strong>summorum</strong></span> <span class='ocrx_word' id='word_1_168' title='bbox 960 1895 1107 1946; x_wconf 91' lang='lat' dir='ltr'><strong>oratorum</strong></span> <span class='ocrx_word' id='word_1_169' title='bbox 1121 1886 1212 1961; x_wconf 83' lang='lat' dir='ltr'><strong>magis</strong></span> 
     </span>
     <span class='ocr_line' id='line_1_22' title="bbox 215 1968 1213 2048; baseline -0.002 -19"><span class='ocrx_word' id='word_1_170' title='bbox 215 1969 317 2043; x_wconf 90' lang='lat' dir='ltr'><strong>ducor,</strong></span> <span class='ocrx_word' id='word_1_171' title='bbox 335 1976 393 2029; x_wconf 88' lang='lat' dir='ltr'><strong>turn</strong></span> <span class='ocrx_word' id='word_1_172' title='bbox 408 1971 556 2046; x_wconf 89' lang='lat' dir='ltr'><strong>pertinere</strong></span> <span class='ocrx_word' id='word_1_173' title='bbox 573 1970 608 2030; x_wconf 86' lang='lat' dir='ltr'><strong>ad</strong></span> <span class='ocrx_word' id='word_1_174' title='bbox 624 1988 740 2030; x_wconf 90' lang='lat' dir='ltr'><strong>causam</strong></span> <span class='ocrx_word' id='word_1_175' title='bbox 755 1978 841 2048; x_wconf 88' lang='lat' dir='ltr'><strong>puto,</strong></span> <span class='ocrx_word' id='word_1_176' title='bbox 867 1970 1004 2048; x_wconf 93' lang='lat' dir='ltr'><strong>quidquid</strong></span> <span class='ocrx_word' id='word_1_177' title='bbox 1020 1968 1055 2029; x_wconf 95' lang='lat' dir='ltr'><strong>ad</strong></span> <span class='ocrx_word' id='word_1_178' title='bbox 1072 1968 1213 2030; x_wconf 91' lang='lat' dir='ltr'><strong>dicentem</strong></span> 
     </span>
     <span class='ocr_line' id='line_1_23' title="bbox 214 2053 1212 2132; baseline -0.001 -20"><span class='ocrx_word' id='word_1_179' title='bbox 214 2053 357 2130; x_wconf 90' lang='lat' dir='ltr'><strong>pertinet,</strong></span> <span class='ocrx_word' id='word_1_180' title='bbox 382 2070 445 2112; x_wconf 91' lang='lat' dir='ltr'><strong>cum</strong></span> <span class='ocrx_word' id='word_1_181' title='bbox 462 2055 500 2112; x_wconf 90' lang='lat' dir='ltr'><strong>sit</strong></span> <span class='ocrx_word' id='word_1_182' title='bbox 515 2053 662 2130; x_wconf 89' lang='lat' dir='ltr'><strong>naturale,</strong></span> <span class='ocrx_word' id='word_1_183' title='bbox 680 2063 710 2113; x_wconf 90' lang='lat' dir='ltr'><strong>ut</strong></span> <span class='ocrx_word' id='word_1_184' title='bbox 727 2055 839 2115; x_wconf 87' lang='lat' dir='ltr'><strong>iudices</strong></span> <span class='ocrx_word' id='word_1_185' title='bbox 855 2056 905 2130; x_wconf 92' lang='lat' dir='ltr'><strong>iis,</strong></span> <span class='ocrx_word' id='word_1_186' title='bbox 923 2070 998 2132; x_wconf 92' lang='lat' dir='ltr'><strong>quos</strong></span> <span class='ocrx_word' id='word_1_187' title='bbox 1013 2053 1149 2114; x_wconf 88' lang='lat' dir='ltr'><strong>libentius</strong></span> <span class='ocrx_word' id='word_1_188' title='bbox 1165 2071 1212 2112; x_wconf 91' lang='lat' dir='ltr'><strong>au·</strong></span> 
     </span>
     <span class='ocr_line' id='line_1_24' title="bbox 175 2135 1212 2215; baseline 0.004 -25"><span class='ocrx_word' id='word_1_189' title='bbox 175 2135 310 2210; x_wconf 68' lang='lat' dir='ltr'><strong>lodiunt,</strong></span> <span class='ocrx_word' id='word_1_190' title='bbox 342 2137 428 2196; x_wconf 89' lang='lat' dir='ltr'><strong>etiam</strong></span> <span class='ocrx_word' id='word_1_191' title='bbox 455 2136 569 2197; x_wconf 84' lang='lat' dir='ltr'><strong>facilius</strong></span> <span class='ocrx_word' id='word_1_192' title='bbox 592 2137 720 2199; x_wconf 84' lang='lat' dir='ltr'><strong>credant.</strong></span> <span class='ocrx_word' id='word_1_193' title='bbox 767 2136 862 2215; x_wconf 92' lang='lat' dir='ltr'><strong>lpsius</strong></span> <span class='ocrx_word' id='word_1_194' title='bbox 884 2146 980 2198; x_wconf 87' lang='lat' dir='ltr'><strong>autem</strong></span> <span class='ocrx_word' id='word_1_195' title='bbox 1003 2137 1212 2213; x_wconf 84' lang='lat' dir='ltr'><strong>litigatoris</strong></span> 
     </span>
     <span class='ocr_line' id='line_1_25' title="bbox 214 2220 1212 2300; baseline 0 -22"><span class='ocrx_word' id='word_1_196' title='bbox 214 2235 342 2298; x_wconf 88' lang='lat' dir='ltr'><strong>persona</strong></span> <span class='ocrx_word' id='word_1_197' title='bbox 359 2221 508 2281; x_wconf 88' lang='lat' dir='ltr'><strong>tractanda</strong></span> <span class='ocrx_word' id='word_1_198' title='bbox 522 2223 604 2281; x_wconf 85' lang='lat' dir='ltr'><strong>varie</strong></span> <span class='ocrx_word' id='word_1_199' title='bbox 621 2231 675 2281; x_wconf 89' lang='lat' dir='ltr'><strong>est.</strong></span> <span class='ocrx_word' id='word_1_200' title='bbox 715 2221 788 2282; x_wconf 90' lang='lat' dir='ltr'><strong>Nam</strong></span> <span class='ocrx_word' id='word_1_201' title='bbox 811 2231 870 2281; x_wconf 92' lang='lat' dir='ltr'><strong>tum</strong></span> <span class='ocrx_word' id='word_1_202' title='bbox 885 2223 1009 2300; x_wconf 78' lang='lat' dir='ltr'><strong>dignitas</strong></span> <span class='ocrx_word' id='word_1_203' title='bbox 1026 2222 1087 2280; x_wconf 87' lang='lat' dir='ltr'><strong>eius</strong></span> <span class='ocrx_word' id='word_1_204' title='bbox 1104 2220 1212 2296; x_wconf 85' lang='lat' dir='ltr'><strong>allega·</strong></span> 
     </span>
     <span class='ocr_line' id='line_1_26' title="bbox 214 2305 1212 2385; baseline 0.001 -23"><span class='ocrx_word' id='word_1_205' title='bbox 214 2312 270 2378; x_wconf 90' lang='lat' dir='ltr'><strong>tur,</strong></span> <span class='ocrx_word' id='word_1_206' title='bbox 286 2311 345 2363; x_wconf 89' lang='lat' dir='ltr'><strong>tum</strong></span> <span class='ocrx_word' id='word_1_207' title='bbox 361 2305 577 2364; x_wconf 88' lang='lat' dir='ltr'><strong>commendatur</strong></span> <span class='ocrx_word' id='word_1_208' title='bbox 592 2306 749 2366; x_wconf 85' lang='lat' dir='ltr'><strong>infirmitas.</strong></span> <span class='ocrx_word' id='word_1_209' title='bbox 788 2305 997 2385; x_wconf 83' lang='lat' dir='ltr'><strong>Nonnunquam</strong></span> <span class='ocrx_word' id='word_1_210' title='bbox 1014 2307 1153 2381; x_wconf 86' lang='lat' dir='ltr'><strong>contingit</strong></span> <span class='ocrx_word' id='word_1_211' title='bbox 1168 2322 1212 2363; x_wconf 91' lang='lat' dir='ltr'><strong>re·</strong></span> 
     </span>
     <span class='ocr_line' id='line_1_27' title="bbox 215 2386 1214 2468; baseline 0.001 -22"><span class='ocrx_word' id='word_1_212' title='bbox 215 2386 285 2447; x_wconf 88' lang='lat' dir='ltr'><strong>latio</strong></span> <span class='ocrx_word' id='word_1_213' title='bbox 307 2388 489 2464; x_wconf 89' lang='lat' dir='ltr'><strong>meritorum,</strong></span> <span class='ocrx_word' id='word_1_214' title='bbox 518 2389 554 2449; x_wconf 94' lang='lat' dir='ltr'><strong>de</strong></span> <span class='ocrx_word' id='word_1_215' title='bbox 576 2390 679 2468; x_wconf 91' lang='lat' dir='ltr'><strong>quibus</strong></span> <span class='ocrx_word' id='word_1_216' title='bbox 700 2391 894 2451; x_wconf 86' lang='lat' dir='ltr'><strong>verecundius</strong></span> <span class='ocrx_word' id='word_1_217' title='bbox 916 2390 1067 2451; x_wconf 91' lang='lat' dir='ltr'><strong>dicendum</strong></span> <span class='ocrx_word' id='word_1_218' title='bbox 1087 2390 1142 2449; x_wconf 92' lang='lat' dir='ltr'><strong>erit</strong></span> <span class='ocrx_word' id='word_1_219' title='bbox 1162 2405 1214 2447; x_wconf 91' lang='lat' dir='ltr'><strong>sua</strong></span> 
     </span>
     <span class='ocr_line' id='line_1_28' title="bbox 216 2470 1214 2552; baseline 0 -22"><span class='ocrx_word' id='word_1_220' title='bbox 216 2488 300 2548; x_wconf 89' lang='lat' dir='ltr'><strong>quam</strong></span> <span class='ocrx_word' id='word_1_221' title='bbox 316 2471 409 2532; x_wconf 89' lang='lat' dir='ltr'><strong>aliena</strong></span> <span class='ocrx_word' id='word_1_222' title='bbox 425 2470 565 2542; x_wconf 89' lang='lat' dir='ltr'><strong>laudanti;</strong></span> <span class='ocrx_word' id='word_1_223' title='bbox 579 2475 669 2535; x_wconf 87' lang='lat' dir='ltr'><strong>multo</strong></span> <span class='ocrx_word' id='word_1_224' title='bbox 685 2477 776 2552; x_wconf 88' lang='lat' dir='ltr'><strong>magis</strong></span> <span class='ocrx_word' id='word_1_225' title='bbox 792 2493 898 2551; x_wconf 88' lang='lat' dir='ltr'><strong>sexus,</strong></span> <span class='ocrx_word' id='word_1_226' title='bbox 915 2483 1006 2550; x_wconf 85' lang='lat' dir='ltr'><strong>aetas,</strong></span> <span class='ocrx_word' id='word_1_227' title='bbox 1024 2473 1167 2547; x_wconf 89' lang='lat' dir='ltr'><strong>condicio,</strong></span> <span class='ocrx_word' id='word_1_228' title='bbox 1183 2480 1214 2530; x_wconf 91' lang='lat' dir='ltr'><strong>ut</strong></span> 
     </span>
     <span class='ocr_line' id='line_1_29' title="bbox 215 2555 1213 2637; baseline -0.001 -24"><span class='ocrx_word' id='word_1_229' title='bbox 215 2555 243 2614; x_wconf 95' lang='lat' dir='ltr'><strong>in</strong></span> <span class='ocrx_word' id='word_1_230' title='bbox 261 2556 386 2631; x_wconf 86' lang='lat' dir='ltr'><strong>leminis,</strong></span> <span class='ocrx_word' id='word_1_231' title='bbox 404 2555 532 2632; x_wconf 88' lang='lat' dir='ltr'><strong>senibus,</strong></span> <span class='ocrx_word' id='word_1_232' title='bbox 550 2558 680 2637; x_wconf 91' lang='lat' dir='ltr'><strong>pupillis,</strong></span> <span class='ocrx_word' id='word_1_233' title='bbox 698 2557 824 2633; x_wconf 92' lang='lat' dir='ltr'><strong>liberos,</strong></span> <span class='ocrx_word' id='word_1_234' title='bbox 841 2567 996 2636; x_wconf 87' lang='lat' dir='ltr'><strong>parentes,</strong></span> <span class='ocrx_word' id='word_1_235' title='bbox 1014 2558 1154 2632; x_wconf 88' lang='lat' dir='ltr'><strong>coniuges</strong></span> <span class='ocrx_word' id='word_1_236' title='bbox 1172 2555 1213 2613; x_wconf 92' lang='lat' dir='ltr'><strong>al-</strong></span> 
     </span>
     <span class='ocr_line' id='line_1_30' title="bbox 173 2637 1211 2719; baseline 0.004 -27"><span class='ocrx_word' id='word_1_237' title='bbox 173 2637 388 2715; x_wconf 65' lang='lat' dir='ltr'><strong>tllegantibus.</strong></span> <span class='ocrx_word' id='word_1_238' title='bbox 418 2639 490 2700; x_wconf 91' lang='lat' dir='ltr'><strong>Nam</strong></span> <span class='ocrx_word' id='word_1_239' title='bbox 515 2640 578 2701; x_wconf 92' lang='lat' dir='ltr'><strong>sola</strong></span> <span class='ocrx_word' id='word_1_240' title='bbox 598 2650 709 2702; x_wconf 91' lang='lat' dir='ltr'><strong>rectum</strong></span> <span class='ocrx_word' id='word_1_241' title='bbox 725 2657 841 2719; x_wconf 92' lang='lat' dir='ltr'><strong>quoque</strong></span> <span class='ocrx_word' id='word_1_242' title='bbox 857 2640 981 2700; x_wconf 91' lang='lat' dir='ltr'><strong>iudicem</strong></span> <span class='ocrx_word' id='word_1_243' title='bbox 995 2639 1113 2698; x_wconf 88' lang='lat' dir='ltr'><strong>inclinat</strong></span> <span class='ocrx_word' id='word_1_244' title='bbox 1127 2639 1211 2696; x_wconf 88' lang='lat' dir='ltr'><strong>mise·</strong></span> 
     </span>
     <span class='ocr_line' id='line_1_31' title="bbox 214 2718 1209 2801; baseline -0.004 -21"><span class='ocrx_word' id='word_1_245' title='bbox 214 2724 298 2783; x_wconf 89' lang='lat' dir='ltr'><strong>ratio.</strong></span> <span class='ocrx_word' id='word_1_246' title='bbox 334 2721 522 2800; x_wconf 88' lang='lat' dir='ltr'><strong>Degustanda</strong></span> <span class='ocrx_word' id='word_1_247' title='bbox 538 2733 634 2784; x_wconf 89' lang='lat' dir='ltr'><strong>tamen</strong></span> <span class='ocrx_word' id='word_1_248' title='bbox 649 2724 722 2783; x_wconf 92' lang='lat' dir='ltr'><strong>haec</strong></span> <span class='ocrx_word' id='word_1_249' title='bbox 740 2725 909 2801; x_wconf 91' lang='lat' dir='ltr'><strong>prooemio,</strong></span> <span class='ocrx_word' id='word_1_250' title='bbox 931 2740 990 2782; x_wconf 91' lang='lat' dir='ltr'><strong>non</strong></span> <span class='ocrx_word' id='word_1_251' title='bbox 1005 2718 1209 2781; x_wconf 88' lang='lat' dir='ltr'><strong>consumenda.</strong></span> 
     </span>
     <span class='ocr_line' id='line_1_32' title="bbox 139 2803 1211 2886; baseline -0.006 -20"><span class='ocrx_word' id='word_1_252' title='bbox 139 2863 143 2873; x_wconf 89' lang='grc'><em>,</em></span> <span class='ocrx_word' id='word_1_253' title='bbox 214 2806 438 2866; x_wconf 82' lang='lat' dir='ltr'><strong>Adversarii</strong></span> <span class='ocrx_word' id='word_1_254' title='bbox 469 2824 541 2867; x_wconf 87' lang='lat' dir='ltr'><strong>vero</strong></span> <span class='ocrx_word' id='word_1_255' title='bbox 562 2824 689 2886; x_wconf 92' lang='lat' dir='ltr'><strong>persona</strong></span> <span class='ocrx_word' id='word_1_256' title='bbox 714 2823 808 2886; x_wconf 91' lang='lat' dir='ltr'><strong>prope</strong></span> <span class='ocrx_word' id='word_1_257' title='bbox 834 2806 937 2866; x_wconf 89' lang='lat' dir='ltr'><strong>iisdem</strong></span> <span class='ocrx_word' id='word_1_258' title='bbox 969 2803 1099 2864; x_wconf 91' lang='lat' dir='ltr'><strong>omnibus</strong></span> <span class='ocrx_word' id='word_1_259' title='bbox 1125 2803 1211 2862; x_wconf 87' lang='lat' dir='ltr'><strong>sede</strong></span> 
     </span>
     <span class='ocr_line' id='line_1_33' title="bbox 139 2889 1213 2968; baseline -0.006 -18"><span class='ocrx_word' id='word_1_260' title='bbox 139 2908 141 2913; x_wconf 89' lang='lat'>·</span> <span class='ocrx_word' id='word_1_261' title='bbox 175 2938 178 2945; x_wconf 90' lang='lat'>.</span> <span class='ocrx_word' id='word_1_262' title='bbox 215 2890 361 2950; x_wconf 88' lang='lat' dir='ltr'><strong>contrario</strong></span> <span class='ocrx_word' id='word_1_263' title='bbox 382 2890 476 2951; x_wconf 90' lang='lat' dir='ltr'><strong>ductis</strong></span> <span class='ocrx_word' id='word_1_264' title='bbox 491 2891 651 2968; x_wconf 86' lang='lat' dir='ltr'><strong>impugnari</strong></span> <span class='ocrx_word' id='word_1_265' title='bbox 666 2890 752 2950; x_wconf 87' lang='lat' dir='ltr'><strong>solet.</strong></span> <span class='ocrx_word' id='word_1_266' title='bbox 791 2889 863 2950; x_wconf 90' lang='lat' dir='ltr'><strong>Nam</strong></span> <span class='ocrx_word' id='word_1_267' title='bbox 884 2899 914 2950; x_wconf 90' lang='lat' dir='ltr'><strong>et</strong></span> <span class='ocrx_word' id='word_1_268' title='bbox 928 2897 1065 2968; x_wconf 88' lang='lat' dir='ltr'><strong>potentes</strong></span> <span class='ocrx_word' id='word_1_269' title='bbox 1083 2889 1213 2965; x_wconf 89' lang='lat' dir='ltr'><strong>sequitur</strong></span> 
     </span>
     <span class='ocr_line' id='line_1_34' title="bbox 214 2973 1210 3052; baseline -0.005 -20"><span class='ocrx_word' id='word_1_270' title='bbox 214 2974 318 3034; x_wconf 82' lang='lat' dir='ltr'><strong>invidia</strong></span> <span class='ocrx_word' id='word_1_271' title='bbox 339 2983 368 3033; x_wconf 92' lang='lat' dir='ltr'><strong>et</strong></span> <span class='ocrx_word' id='word_1_272' title='bbox 386 2973 508 3035; x_wconf 88' lang='lat' dir='ltr'><strong>humiles</strong></span> <span class='ocrx_word' id='word_1_273' title='bbox 529 2973 720 3052; x_wconf 90' lang='lat' dir='ltr'><strong>abiectosque</strong></span> <span class='ocrx_word' id='word_1_274' title='bbox 744 2982 926 3052; x_wconf 85' lang='lat' dir='ltr'><strong>contemptus</strong></span> <span class='ocrx_word' id='word_1_275' title='bbox 948 2982 977 3033; x_wconf 92' lang='lat' dir='ltr'><strong>et</strong></span> <span class='ocrx_word' id='word_1_276' title='bbox 994 2981 1093 3048; x_wconf 92' lang='lat' dir='ltr'><strong>turpes</strong></span> <span class='ocrx_word' id='word_1_277' title='bbox 1112 2988 1146 3029; x_wconf 90' lang='lat' dir='ltr'><strong>ac</strong></span> <span class='ocrx_word' id='word_1_278' title='bbox 1161 2987 1210 3029; x_wconf 91' lang='lat' dir='ltr'><strong>no-</strong></span> 
     </span>
     <span class='ocr_line' id='line_1_35' title="bbox 216 3055 1211 3136; baseline -0.005 -20"><span class='ocrx_word' id='word_1_279' title='bbox 216 3066 315 3117; x_wconf 89' lang='lat' dir='ltr'><strong>centes</strong></span> <span class='ocrx_word' id='word_1_280' title='bbox 336 3057 448 3133; x_wconf 91' lang='lat' dir='ltr'><strong>odium,</strong></span> <span class='ocrx_word' id='word_1_281' title='bbox 471 3075 545 3136; x_wconf 90' lang='lat' dir='ltr'><strong>quae</strong></span> <span class='ocrx_word' id='word_1_282' title='bbox 569 3059 623 3118; x_wconf 89' lang='lat' dir='ltr'><strong>tria</strong></span> <span class='ocrx_word' id='word_1_283' title='bbox 637 3067 703 3117; x_wconf 89' lang='lat' dir='ltr'><strong>sunt</strong></span> <span class='ocrx_word' id='word_1_284' title='bbox 723 3057 759 3117; x_wconf 91' lang='lat' dir='ltr'><strong>ad</strong></span> <span class='ocrx_word' id='word_1_285' title='bbox 778 3057 946 3118; x_wconf 90' lang='lat' dir='ltr'><strong>alienandos</strong></span> <span class='ocrx_word' id='word_1_286' title='bbox 963 3055 1086 3117; x_wconf 87' lang='lat' dir='ltr'><strong>iudicum</strong></span> <span class='ocrx_word' id='word_1_287' title='bbox 1103 3055 1211 3113; x_wconf 91' lang='lat' dir='ltr'><strong>animos</strong></span> 
     </span>
     <span class='ocr_line' id='line_1_36' title="bbox 174 3138 1213 3219; baseline -0.004 -20"><span class='ocrx_word' id='word_1_288' title='bbox 174 3142 422 3216; x_wconf 74' lang='lat' dir='ltr'><strong>lopotentissima.</strong></span> <span class='ocrx_word' id='word_1_289' title='bbox 455 3140 559 3219; x_wconf 87' lang='lat' dir='ltr'><strong>Neque</strong></span> <span class='ocrx_word' id='word_1_290' title='bbox 574 3141 648 3202; x_wconf 89' lang='lat' dir='ltr'><strong>haec</strong></span> <span class='ocrx_word' id='word_1_291' title='bbox 669 3142 768 3201; x_wconf 90' lang='lat' dir='ltr'><strong>dicere</strong></span> <span class='ocrx_word' id='word_1_292' title='bbox 783 3150 828 3201; x_wconf 87' lang='lat' dir='ltr'><strong>sat</strong></span> <span class='ocrx_word' id='word_1_293' title='bbox 844 3150 905 3217; x_wconf 89' lang='lat' dir='ltr'><strong>est,</strong></span> <span class='ocrx_word' id='word_1_294' title='bbox 928 3139 1005 3219; x_wconf 92' lang='lat' dir='ltr'><strong>quod</strong></span> <span class='ocrx_word' id='word_1_295' title='bbox 1028 3138 1110 3198; x_wconf 91' lang='lat' dir='ltr'><strong>datur</strong></span> <span class='ocrx_word' id='word_1_296' title='bbox 1128 3140 1213 3196; x_wconf 91' lang='lat' dir='ltr'><strong>etiam</strong></span> 
     </span>
     <span class='ocr_line' id='line_1_37' title="bbox 215 3221 1213 3303; baseline 0.001 -24"><span class='ocrx_word' id='word_1_297' title='bbox 215 3223 369 3299; x_wconf 85' lang='lat' dir='ltr'><strong>imperitis;</strong></span> <span class='ocrx_word' id='word_1_298' title='bbox 387 3224 529 3303; x_wconf 86' lang='lat' dir='ltr'><strong>pleraque</strong></span> <span class='ocrx_word' id='word_1_299' title='bbox 547 3225 678 3302; x_wconf 91' lang='lat' dir='ltr'><strong>augenda</strong></span> <span class='ocrx_word' id='word_1_300' title='bbox 689 3233 738 3285; x_wconf 90' lang='lat' dir='ltr'><strong>aut</strong></span> <span class='ocrx_word' id='word_1_301' title='bbox 748 3225 910 3300; x_wconf 89' lang='lat' dir='ltr'><strong>minuenda,</strong></span> <span class='ocrx_word' id='word_1_302' title='bbox 926 3233 957 3283; x_wconf 89' lang='lat' dir='ltr'><strong>ut</strong></span> <span class='ocrx_word' id='word_1_303' title='bbox 969 3221 1117 3300; x_wconf 84' lang='lat' dir='ltr'><strong>expediet.</strong></span> <span class='ocrx_word' id='word_1_304' title='bbox 1150 3221 1213 3280; x_wconf 88' lang='lat' dir='ltr'><strong>Hoc</strong></span> 
     </span>
     <span class='ocr_line' id='line_1_38' title="bbox 215 3306 702 3383; baseline 0.004 -19"><span class='ocrx_word' id='word_1_305' title='bbox 215 3306 289 3365; x_wconf 85' lang='lat' dir='ltr'><strong>enim</strong></span> <span class='ocrx_word' id='word_1_306' title='bbox 306 3308 431 3366; x_wconf 86' lang='lat' dir='ltr'><strong>oratoris</strong></span> <span class='ocrx_word' id='word_1_307' title='bbox 447 3317 502 3383; x_wconf 89' lang='lat' dir='ltr'><strong>est,</strong></span> <span class='ocrx_word' id='word_1_308' title='bbox 520 3306 570 3368; x_wconf 90' lang='lat' dir='ltr'><strong>illa</strong></span> <span class='ocrx_word' id='word_1_309' title='bbox 586 3325 702 3368; x_wconf 87' lang='lat' dir='ltr'><strong>causae.</strong></span> 
     </span>
     <span class='ocr_line' id='line_1_39' title="bbox 174 3386 1213 3452; baseline -0.004 -2"><span class='ocrx_word' id='word_1_310' title='bbox 174 3397 206 3452; x_wconf 84' lang='lat'><strong>16</strong></span> <span class='ocrx_word' id='word_1_311' title='bbox 306 3386 470 3450; x_wconf 86' lang='lat' dir='ltr'><strong>iudicem</strong></span> <span class='ocrx_word' id='word_1_312' title='bbox 496 3390 712 3450; x_wconf 87' lang='lat' dir='ltr'><strong>conciliabimus</strong></span> <span class='ocrx_word' id='word_1_313' title='bbox 740 3390 824 3451; x_wconf 88' lang='lat' dir='ltr'><strong>nobis</strong></span> <span class='ocrx_word' id='word_1_314' title='bbox 850 3390 908 3448; x_wconf 86' lang='lat' dir='ltr'><strong>don</strong></span> <span class='ocrx_word' id='word_1_315' title='bbox 934 3398 1042 3451; x_wconf 89' lang='lat' dir='ltr'><strong>tantum</strong></span> <span class='ocrx_word' id='word_1_316' title='bbox 1070 3386 1213 3449; x_wconf 92' lang='lat' dir='ltr'><strong>laudando</strong></span> 
     </span>
    </p>
   </div>
   <div class='ocr_carea' id='block_1_3' title="bbox 0 0 1290 4026">
    <p class='ocr_par' dir='ltr' id='par_1_3' title="bbox 0 0 1290 4026">
     <span class='ocr_line' id='line_1_40' title="bbox 0 0 1290 4026; baseline 0 0"><span class='ocrx_word' id='word_1_317' title='bbox 0 0 1290 4026; x_wconf 95' lang='lat' dir='ltr'><strong> </strong></span> 
     </span>
    </p>
   </div>
  </div>
 </body>
</html>
