2566 4026
183 95 242 161 128
286 145 287 148 ,
490 109 526 154 ur.
549 107 629 154 aas.
652 106 874 166 ournnrnrnnr

181 285 223 326 an
242 266 307 340 sit,
328 263 494 344 quid'sit‚
517 261 625 341 quale
647 259 717 322 sit?
741 263 819 341 quod
843 262 907 340 ipsa
924 262 1008 322 nobis
1030 266 1117 324 etiam
1137 285 1187 327 na-

181 360 244 409 tura
262 347 446 427 praescribit.
486 345 559 406 Nam
580 347 702 425 primum
722 356 840 425 oportet
858 346 982 407 subesse
1004 347 1128 426 aliquid,
1149 350 1187 409 de

181 451 239 513 quo
257 432 424 510 ambigitur3
445 430 540 509 quod,
561 431 630 509 quid
651 432 689 490 sit
711 440 759 491 aut
776 431 863 509 quale
885 434 939 508 sit,
961 441 1043 493 certe
1060 451 1118 493 non
1135 451 1186 513 po·

181 527 238 577 test
255 517 418 591 aestimari,
438 517 492 574 nisi
514 515 594 594 prius
611 533 679 574 esse
698 517 877 591 constiterit,
899 516 1027 595 ideoque
1044 536 1078 577 ea
1096 521 1187 597 prima

137 604 170 659 81
182 603 324 681 quaestio.
360 600 419 661 Sed
437 617 495 659 non
510 601 621 676 statim,
639 599 717 679 quod
734 617 801 659 esse
818 600 1001 660 manifestum
1018 611 1078 678 est,
1103 604 1187 663 etiam

180 686 247 765 quid
264 686 316 761 sit,
338 694 469 763 apparet.
501 684 565 743 Hoc
582 701 699 763 quoque
715 686 873 744 constituto
889 687 1045 746 novissima
1063 687 1188 764 qualitas

180 778 333 848 superest,
354 787 450 847 neque
468 769 512 829 his
535 769 696 847 exploratis
713 767 790 828 aliud
812 779 857 828 est
873 770 957 829 ultra.
993 771 1044 829 His
1061 771 1188 830 infinitae

180 854 386 934 quaestiones,
404 853 448 912 bis
465 853 561 912 linitae
578 854 775 921 continentum
794 852 896 912 horum
913 855 1010 932 aliqua
1026 857 1054 913 in
1070 856 1187 915 demon·

180 940 319 1013 strabus,
348 937 557 1014 deliberativa,
587 936 713 997 iudiciali
742 938 861 997 materia
888 940 988 1016 utique
1017 948 1186 1000 tractantur.

136 1022 260 1084 82Haec
276 1040 376 1081 rursus
393 1022 544 1081 iudiciales
558 1039 661 1081 causas
679 1031 708 1081 et
720 1022 854 1081 rationali
870 1031 954 1099 parte
967 1032 997 1081 et
1013 1024 1102 1100 legali
1119 1041 1187 1083 con-

181 1108 287 1175 tinent;
307 1107 496 1183 nequeenim
516 1106 576 1166 ulla
594 1107 664 1165 iuris
682 1106 855 1183 disceptatio
873 1107 927 1165 nisi
950 1107 1095 1183 linitione,
1117 1125 1186 1184 qna-

181 1191 277 1265 litate,
299 1192 468 1250 coniectura
486 1200 585 1268 potest
602 1190 753 1269 explicari.

136 1283 171 1338 83
266 1275 326 1335 Sed
348 1275 563 1334 instituentibus
588 1273 676 1333 rudes
696 1291 753 1333 non
778 1276 832 1333 erit
851 1275 958 1334 inutilis
985 1275 1069 1334 latius
1093 1279 1186 1354 primo

180 1360 244 1419 lusa
261 1361 335 1419 ratio
355 1367 400 1433 et,
427 1360 526 1418 sinon
546 1359 641 1418 statim
659 1359 822 1418 rectissima
845 1359 922 1418 linea
945 1366 1045 1436 tensa,
1071 1360 1187 1419 facilior

179 1453 274 1502 tamen
294 1452 323 1502 et
344 1443 474 1520 apertior
496 1444 553 1502 uia.
591 1442 713 1502 Discant
735 1444 822 1520 igitur
846 1451 911 1502 ante
937 1445 1047 1519 omnia,
1073 1445 1187 1522 quadri·

178 1530 313 1605 pertitam
329 1528 357 1584 in
377 1526 508 1586 omnibus
525 1528 620 1585 causis
643 1544 710 1586 esse
729 1528 886 1603 rationem,
909 1546 994 1606 quam
1011 1530 1130 1605 primam
1147 1531 1186 1587 in·

179 1612 253 1670 tueri
270 1609 392 1686 debeat,
413 1613 461 1689 qui
477 1619 593 1669 acturus
610 1619 663 1669 est.
703 1610 791 1685 Nam,
813 1620 844 1670 ut
860 1629 876 1670 a
892 1611 1051 1671 defensore
1069 1615 1186 1691 potissi-

179 1713 254 1753 mum
273 1695 424 1773 incipiam,
445 1695 534 1771 longe
550 1693 708 1754 fortissima
728 1694 826 1753 tuendi
842 1713 875 1754 se
891 1698 965 1755 ratio
984 1705 1044 1771 est,
1067 1697 1186 1773 siquod

180 1778 316 1838 obiicitur
333 1780 461 1856 negari
482 1787 595 1856 potest;
616 1780 763 1856 proxima,
785 1780 810 1838 si
828 1796 895 1838 non
913 1779 964 1856 id,
985 1780 1080 1858 quod
1099 1781 1186 1839 obii·

181 1865 297 1938 citur,
315 1863 423 1922 factum
440 1881 507 1921 esse
524 1862 650 1930 dicatum
670 1865 755 1922 tertia
772 1863 988 1938 honestissima⁷
1010 1882 1065 1942 qua
1083 1874 1186 1924 recte

180 1948 314 2006 factum
342 1947 514 2006 defenditur.
559 1945 669 2020 Quibus
693 1948 717 2006 si
740 1947 926 2023 deliciamur,
951 1947 1048 2006 ultima
1072 1949 1185 2027 quidem

180 2031 232 2090 sed
254 2032 309 2090 iam
331 2031 395 2090 sola
419 2040 555 2109 superest
573 2031 652 2091 salus
673 2031 771 2109 aliquo
794 2033 863 2092 iuris
884 2031 1027 2091 adiutorio
1053 2032 1186 2092 elabendi

181 2134 218 2175 ex
242 2116 377 2189 crimine,
407 2115 484 2193 quod
506 2134 601 2194 neque
624 2117 725 2193 negari
750 2135 846 2194 neque
874 2117 990 2176 delendi
1013 2127 1129 2194 potest,
1158 2128 1187 2175 ut

136 2209 249 2262 84non
275 2199 408 2259 videatur
429 2202 510 2259 iure
533 2201 629 2259 actio
651 2200 768 2260 intendi.
816 2199 889 2260 Hinc
909 2201 978 2259 illae
999 2203 1186 2278 quaestiones

180 2285 242 2342 sive
266 2285 398 2343 actiones
422 2286 484 2343 sive
507 2285 723 2345 translationes.
764 2286 835 2345 Sunt
861 2287 934 2344 enim
962 2286 1103 2362 quaedam
1130 2304 1187 2344 non

180 2367 336 2428 laudabilia
357 2385 415 2428 non
438 2379 539 2428 natura
562 2370 614 2428 sed
633 2372 694 2428 iure
719 2386 879 2445 concessa,
904 2371 983 2428 utin
1006 2368 1061 2428 Xll
1081 2371 1186 2430 tabulis

180 2451 321 2512 debitoris
339 2470 446 2531 corpus
470 2455 544 2514 inter
564 2454 726 2514 creditores
748 2454 836 2513 dividi
860 2454 957 2530 licuit,
981 2473 1066 2532 quam
1090 2456 1187 2532 legem

128 2555 136 2562 ·
180 2554 242 2595 mos
262 2537 397 2614 publicus
414 2539 593 2616 repudiavit;
618 2548 647 2598 et
668 2538 775 2616 aliquid
794 2556 918 2616 aequum
940 2538 993 2596 sed
1012 2539 1187 2615 prohibitum

136 2631 170 2684 85
180 2623 259 2696 iure,
282 2631 312 2680 ut
330 2621 450 2682 libertas
466 2631 714 2682 testamentorum.
750 2621 926 2681 Accusatori
939 2621 1028 2679 nihilo
1045 2623 1129 2699 plura
1145 2625 1185 2679 in-

180 2705 286 2764 tuenda
302 2715 367 2765 sunt
384 2724 468 2784 quam
483 2715 514 2765 ut
534 2705 640 2784 probet
658 2705 764 2764 lactum
787 2723 870 2779 esse,
896 2703 953 2763 hoc
978 2721 1044 2762 esse
1067 2704 1184 2779 iactum,

179 2807 237 2847 non
253 2799 335 2849 recte
352 2790 475 2865 factum,
497 2792 559 2850 iure
577 2808 610 2849 se
630 2789 790 2848 intendere.
825 2787 868 2846 lta
888 2789 966 2846 circa
985 2789 1102 2865 species
1120 2807 1185 2848 eas-

180 2873 244 2932 dem
265 2874 301 2933 lis
323 2875 414 2933 omnis
433 2873 598 2933 versabitur
618 2873 763 2932 translatis
787 2881 894 2932 tantum
919 2870 1074 2949 aliquando
1097 2876 1185 2952 parti·

179 2956 249 3033 bus,
273 2959 351 3016 utin
372 2959 483 3034 causis,
507 2957 610 3036 quibus
631 2957 666 3017 de
688 2959 817 3035 praemio
841 2957 953 3033 agitur,
978 2965 1060 3015 recte
1078 2958 1185 3017 factum

179 3043 288 3119 petitor
304 3042 418 3120 probat.

137 3133 172 3187 86
265 3126 346 3186 Haec
359 3135 495 3206 quattuor
505 3126 595 3185 veluti
612 3128 763 3205 proposita
776 3126 946 3204 formaeque
960 3126 1093 3200 actionis,
1110 3144 1186 3204 quae

180 3215 238 3266 tum
256 3211 414 3286 generales
430 3219 521 3270 status
537 3210 689 3286 vocabam,
707 3213 735 3270 in
750 3211 818 3270 duo
837 3209 882 3288 (ut
898 3209 1028 3290 ostendi)
1047 3229 1185 3288 genera

181 3290 334 3352 discedunt
349 3295 537 3355 rationale
553 3304 582 3354 et
601 3295 738 3373 legale.
777 3294 932 3355 Rationale
948 3295 1109 3373 simplicius
1128 3305 1184 3369 est,

181 3376 247 3452 quia
267 3378 358 3454 ipsius
380 3388 487 3440 tanturn
511 3389 630 3439 naturae
654 3379 900 3460 contemplatione
923 3389 1046 3439 constat.
1083 3379 1186 3457 ltaque
