2566 4026
349 188 791 259 rnsr.onnoon.nrs.v1,c.
1012 181 1074 243 277

68 348 114 410 dis
133 355 181 408 ant
197 346 303 406 nostris
325 354 373 404 aut
395 345 497 405 alienis
519 347 756 424 persuasionibus
772 357 820 407 aut
835 348 975 425 dicendo,
997 351 1076 428 quod

67 433 133 493 deri
149 448 206 490 non
221 439 329 509 potest.
368 428 472 489 Aliena
493 429 574 489 linxit
594 428 683 507 luba,
707 431 755 509 qui
772 434 922 509 querenti,
947 434 1023 511 quod
1039 433 1118 498 abso

68 533 146 596 equo
162 532 215 575 suo
233 522 312 574 esset
329 532 483 591 aspersus,
507 510 610 585 Quid?
629 513 692 590 Tu,
713 516 819 592 inquit,
842 534 890 577 me
905 514 1074 594 Hippocen·

67 611 192 665 taurum
212 600 326 678 potos?
341 616 393 657 sua
413 595 445 657 C.
463 594 597 673 Cassius,
615 599 663 676 qui
678 598 759 657 militi
775 600 837 658 sine
852 599 950 677 gladio
971 599 1073 660 decur-

66 685 154 761 renti,
172 682 266 760 Heus,
284 682 453 759 commilito,
466 700 569 761 popae
586 683 662 751 bene
678 684 783 759 uteris,
800 685 900 761 inquit.
932 682 969 742 Et
983 683 1074 744 Galba

68 769 104 830 de
120 768 262 847 piscibus,
280 784 328 844 qur
345 784 409 825 cum
421 765 513 843 pridie
532 784 570 825 ex
585 776 668 845 parte
685 766 767 826 adesi
783 775 812 826 et
827 769 936 827 versati
954 776 1073 847 postera

67 851 114 912 die
140 851 266 930 appositi
292 859 407 924 essent,
435 848 640 925 destinemus,
666 850 722 911 olii
740 852 942 928 subcoenoot,
971 852 1071 930 inquit.

67 934 195 997 'l'ertium
215 934 287 994 illud
310 931 432 1008 Cicero,
455 934 581 1009 uldini,
606 934 746 993 adversus
765 931 895 1005 Curium3
919 935 982 994 lieri
999 937 1073 995 enim

67 1029 151 1081 certe
166 1036 223 1078 non
240 1027 365 1095 poterat,
384 1025 425 1091 ut,
443 1034 507 1075 curn
522 1017 708 1094 declamaret,
725 1026 808 1078 natus
822 1035 881 1078 non
896 1029 986 1079 esset.
1019 1019 1112 1081 Est9l

67 1114 96 1165 et
121 1103 172 1163 illa
195 1121 232 1162 ex
254 1103 345 1161 ironia
367 1101 461 1176 fictio,
485 1119 540 1178 qua
561 1120 629 1160 usus
654 1110 699 1161 est
715 1099 748 1161 G.
767 1100 886 1163 Caesar.
917 1102 989 1162 Nam
1008 1121 1072 1163 oum

66 1189 150 1249 testis
166 1188 294 1262 diceret,
316 1202 400 1245 areo
423 1186 528 1244 femina
543 1203 595 1244 sua
610 1184 690 1244 ferro
706 1187 812 1264 petita,
836 1196 865 1246 et
881 1197 961 1247 esset
976 1186 1071 1247 facilis

65 1272 270 1351 reprehensio,
288 1288 339 1328 cur
354 1269 433 1328 illam
448 1270 627 1346 potissimum
643 1279 754 1347 partem
767 1272 900 1348 corporis
916 1269 1071 1330 vulnerare

66 1355 224 1416 voluisset:
249 1350 332 1425 Quid
348 1355 425 1416 enim
437 1355 574 1431 faceret,
590 1355 691 1431 inquit,
708 1374 777 1415 oum
792 1363 823 1415 to
837 1356 960 1433 paleam
981 1361 1009 1415 et
1026 1355 1070 1414 lo-

64 1457 168 1501 ncom
179 1438 330 1500 boberes?
356 1437 413 1496 Vel
429 1439 536 1514 optima
552 1446 597 1495 est
610 1437 752 1497 simulatio
765 1447 865 1497 contra
878 1436 1069 1514 simulantem,
1078 1440 1113 1496 92

65 1522 161 1604 qualis
177 1523 226 1582 illa
242 1521 359 1580 Domitii
374 1520 438 1581 Afri
453 1521 520 1580 luit:
545 1521 638 1580 Vetus
658 1520 784 1581 habebat
800 1530 1017 1597 testamentum,
1042 1530 1070 1581 et

64 1626 138 1669 unus
155 1625 193 1666 ex
209 1607 308 1665 amicis
324 1606 553 1680 recentioribus,
582 1623 704 1683 sperans
727 1606 834 1683 aliquid
858 1623 896 1665 ex
912 1607 1069 1666 mutatione

64 1689 242 1766 tabularum,
259 1690 361 1749 falsam
377 1689 502 1749 fabulam
520 1690 669 1766 intulerat,
690 1690 846 1750 consulens
863 1708 943 1767 eum,
962 1708 997 1751 an
1012 1692 1069 1768 pri-

64 1775 190 1853 mipilari
211 1776 273 1833 seni
298 1775 353 1833 iam
373 1784 480 1833 testato
503 1792 602 1832 rursus
623 1773 760 1833 suaderet
781 1774 914 1834 ordinare
935 1792 1070 1852 suprema

65 1859 182 1919 iudicia.
220 1857 299 1934 Noli,
317 1859 416 1936 inquit,
433 1860 559 1936 facere·
577 1858 708 1940 offendis
721 1859 815 1919 illum.

150 1941 356 2002 Iucundissima
371 1952 435 2000 sunt
450 1951 544 2001 autem
560 1960 597 2000 ex
613 1941 657 2000 his
674 1941 804 2001 omnibus
822 1942 898 2002 lenia
914 1951 959 2018 et,
980 1951 1011 2000 ut
1027 1942 1112 2005 sicbd

64 2028 203 2101 dixerim,
227 2025 295 2085 boni
310 2026 466 2085 stomachi:
489 2035 519 2085 ut
535 2026 607 2084 Afer
624 2025 699 2084 idem
714 2027 828 2102 ingrato
845 2025 984 2102 litigatori
1000 2041 1068 2085 oon·
1117 2078 1121 2083 .

64 2119 200 2190 spectum
223 2112 285 2169 eius
307 2111 336 2168 in
356 2111 420 2170 foro
442 2110 542 2169 vitanti
565 2127 618 2186 per
639 2109 886 2169 nomenclatorem
900 2110 1017 2168 missum
1033 2108 1068 2169 ad

63 2214 141 2271 eum,
157 2191 253 2256 Amos
268 2214 330 2270 me,
346 2195 451 2271 inquit,
468 2195 551 2270 quod
566 2201 593 2253 ie
611 2211 672 2253 noo
692 2194 778 2254 eidi?
803 2192 841 2252 Et
862 2192 1067 2271 dispensatori,

63 2281 125 2359 qui,
143 2296 207 2338 cum
223 2278 258 2338 ad
274 2278 385 2354 reliqua
401 2292 459 2334 non
477 2274 687 2353 responderet,
709 2275 825 2335 dicebat
842 2275 978 2351 subinde,
1000 2273 1068 2336 Non

64 2364 185 2426 comedi
193 2381 306 2444 ponens
322 2370 350 2422 et
365 2378 479 2437 aquam
495 2360 579 2420 bido:
605 2358 719 2420 Passer
737 2360 851 2435 redde,
871 2361 953 2436 qood
964 2360 1066 2419 debes.

64 2447 148 2520 Quae
163 2438 222 2506 ὑπὸ
236 2436 268 2506 τὸ
284 2443 360 2524 ἦθος
374 2451 489 2503 vocant.
527 2441 580 2501 Est
600 2451 700 2519 gratus
721 2444 819 2518 iocus,
843 2443 890 2519 qui
908 2443 999 2501 minus
1018 2447 1112 2506 err-94

63 2529 187 2611 probrat
203 2547 286 2606 quam
303 2538 411 2606 potest,
427 2537 457 2586 ut
475 2527 549 2586 idem
565 2526 672 2586 dicenti
688 2526 851 2601 candidato,
869 2524 998 2605 Semper
1010 2526 1067 2585 do·

63 2633 146 2675 mrum
162 2622 245 2675 tuom
263 2615 361 2681 eoloi‚·
380 2630 443 2672 cum
459 2619 561 2689 posset
577 2611 671 2688 palam
685 2628 812 2688 negare,
831 2608 948 2687 Credo,
965 2609 1066 2686 inquit,

63 2707 212 2761 etoerom
231 2705 285 2758 esi.
320 2695 436 2756 Interim
462 2696 498 2755 de
522 2714 555 2754 se
578 2695 676 2755 dicere
697 2695 847 2755 ridiculum
872 2703 916 2770 et,
937 2694 1014 2771 quod
1039 2694 1068 2751 in

22 2829 31 2843 .
64 2781 152 2842 alium
177 2782 201 2840 si
225 2780 374 2840 absentem
397 2781 556 2854 diceretur,
584 2778 721 2839 urbanum
746 2796 804 2839 non
826 2788 906 2854 erat,
935 2778 1068 2855 quoniam

63 2867 122 2944 ipsi
133 2865 228 2945 palam
245 2864 447 2942 exprobratur,
464 2871 562 2922 movet
573 2864 675 2923 risum:
692 2864 779 2943 quale
790 2862 915 2940 Augusti
931 2870 986 2936 est,
1005 2867 1109 2925 cum95

64 2948 102 3008 ab
118 2966 155 3008 eo
175 2949 258 3008 miles
274 2951 374 3008 nescio
393 2948 460 3026 quid
483 2946 614 3025 improbe
635 2956 766 3025 peteret,
788 2956 817 3006 et
838 2947 951 3005 veniret
967 2953 1067 3004 contra

63 3030 244 3107 Marcianus,
268 3051 354 3111 quem
370 3031 570 3110 suspicabatur
585 3041 613 3090 et
629 3033 722 3110 ipsum
737 3030 845 3109 aliquid
862 3030 966 3089 iniuste
982 3045 1066 3103 roga·

64 3125 174 3176 turum:
195 3114 264 3177 Non
280 3119 394 3195 inopis,
412 3116 517 3193 inquit,
538 3117 672 3193 sociam,
689 3116 865 3191 commilito,
884 3131 964 3192 qnae
975 3112 1066 3192 petis,

64 3217 158 3278 quom
180 3200 261 3278 qood
276 3199 494 3262 Marcionites
509 3220 557 3262 me
569 3200 720 3278 petitores
740 3208 794 3259 est.

150 3283 294 3344 Adiuvant
315 3284 504 3344 urbanitatem
529 3291 557 3342 et
576 3301 708 3343 versus
732 3283 883 3343 commode
899 3280 998 3359 positi,
1015 3286 1110 3344 seubb

64 3369 120 3428 toti
134 3376 165 3429 ut
180 3377 254 3444 sunt,
273 3369 366 3446 (quod
382 3369 455 3428 adeo
472 3367 559 3428 lacile
572 3376 626 3443 est,
643 3376 673 3426 ut
689 3365 807 3427 Ovidius
825 3384 861 3425 ex
877 3363 1068 3426 tetrastichon

64 3450 157 3512 blacri
178 3454 302 3512 carmine
319 3453 421 3512 librum
435 3454 463 3511 in
478 3450 571 3511 malos
588 3459 691 3530 poetas
709 3449 928 3529 composuerit)
942 3447 1021 3527 quod
1037 3446 1068 3507 llt
