2566 4026
198 140 239 195 40
518 147 554 192 Μ.
568 145 647 191 FAB.
662 143 883 203 QUINTILIANI

197 321 291 380 usque
321 302 356 361 ad
379 301 499 361 Accium
523 311 552 360 et
579 300 654 360 ultra
679 309 830 378 porrectas
853 298 982 375 syllabas
1003 302 1143 379 geminis,
1171 314 1203 365 ut

156 398 188 452 15
197 387 272 461 dixi,
302 384 453 446 vocalibus
481 387 672 463 scripserunt.
711 383 824 443 Diutius
848 383 975 461 duravit,
1006 395 1036 444 ut
1058 385 1082 446 Ε
1104 386 1117 446 Ι
1138 389 1200 448 iun·

196 471 299 548 gendis
322 469 424 530 eadem
445 471 557 529 ratione
580 485 636 547 qua
659 466 762 529 Graeci
785 490 810 528 su
831 477 995 538 uterentur;
1027 487 1062 530 ea
1083 470 1201 532 casibus

196 556 381 633 numerisque
400 554 526 615 discreta
546 561 607 629 est,
629 561 660 612 ut
677 551 802 612 Lucilius
818 554 976 632 praecipit:
1005 551 1074 615 lom
1089 559 1203 634 puerei

195 657 319 715 cenare,
336 635 364 696 Ε
378 647 563 717 postremum
578 638 675 716 facito
688 644 780 715 utque
790 635 819 713 I,
835 635 872 698 Ut
882 638 974 715 pueri
985 639 1092 715 plures
1104 639 1200 717 ficuum·

196 741 231 782 ac
253 722 392 800 deinceps
412 723 503 783 idem:
531 720 677 783 Meudcce'
695 722 821 800 furique
841 722 942 783 addas
959 718 1005 797 Ε,
1029 742 1098 783 cum
1121 725 1202 785 dure

154 808 277 887 ltifurec'
296 804 440 868 deusseris.
480 805 565 880 Quod
586 805 701 884 quidem
723 824 786 865 cum
807 822 1018 884 supervacuum
1043 816 1104 884 est,
1134 809 1202 886 quia

196 891 209 951 l
227 900 284 950 tam
301 889 407 967 longae
426 909 510 969 quam
527 890 625 950 brevis
643 898 770 949 naturam
788 889 891 962 habet,
913 899 970 950 tum
988 892 1201 952 incommodum

196 974 360 1052 aliquando.
397 973 468 1034 Nam
490 977 518 1033 in
539 976 591 1050 iis,
620 992 694 1052 quae
715 976 875 1051 proximam
895 973 931 1034 ab
953 975 1052 1034 ultima
1074 974 1201 1036 litteram

196 1056 225 1118 E
244 1058 390 1118 habebunt
417 1068 447 1118 et
467 1057 485 1118 l
506 1059 594 1136 longa
619 1056 860 1133 terminabuntur,
888 1057 967 1118 illam
988 1060 1130 1119 rationem
1152 1078 1199 1119 se·

197 1151 319 1220 quentes
341 1152 453 1202 utemur
471 1140 500 1202 Ε
516 1143 643 1221 gemina,
667 1142 763 1220 qualia
784 1150 850 1202 sunt
870 1142 945 1202 baec
962 1146 1066 1220 uuum,
1088 1162 1199 1223 urpeu-

154 1229 235 1288 17ιεί
259 1228 353 1287 ethis
377 1227 489 1287 similia.
532 1227 623 1305 ldque
646 1229 681 1286 iis
708 1228 884 1306 praecipue,
910 1229 959 1304 qui
984 1227 1019 1287 ad
1041 1228 1200 1288 lectionem

195 1311 396 1387 instituentur,
421 1313 506 1371 etiam
523 1311 728 1390 impedimento
747 1313 816 1380 erit;
840 1312 915 1370 sicut
928 1312 960 1371 ‚in
979 1309 1099 1372 Graecis
1122 1313 1198 1373 acci·

197 1395 237 1454 dit
255 1395 419 1455 adiectione
439 1419 449 1454 ι
466 1395 597 1470 litterae,
621 1414 705 1473 quam
722 1413 779 1455 non
800 1395 894 1455 solum
915 1395 1018 1454 dativis
1039 1395 1154 1455 casibus
1171 1397 1200 1455 in

195 1488 278 1554 parte
301 1479 400 1537 ultima
418 1478 565 1538 ascribunt
585 1480 637 1539 sed
655 1479 823 1556 quibusdam
841 1481 926 1539 etiam
944 1480 1146 1557 interponunt,
1169 1489 1200 1539 ut

195 1563 224 1620 in
244 1565 444 1638 ΛΗΙΣΤΗΙ,
474 1565 539 1639 quia
561 1563 739 1639 etymologia
762 1582 799 1622 ex
822 1564 964 1623 divisione
985 1566 1014 1623 in
1035 1566 1087 1624 tris
1109 1563 1198 1639 sylla·

138 1643 248 1707 ¹lssbas
270 1647 347 1705 iacta
368 1644 516 1705 desideret
539 1664 601 1705 eam
623 1647 757 1706 litteram.
796 1644 841 1708 Ac
863 1646 1023 1723 syllabam,
1048 1650 1129 1708 cuius
1152 1666 1198 1706 se-

197 1729 316 1789 cundam
337 1747 412 1788 nunc
430 1730 464 1790 Ε
481 1730 605 1790 litteram
627 1732 776 1808 ponimus,
800 1733 880 1790 varie
900 1729 995 1810 perA
1014 1731 1077 1791 etl
1093 1731 1198 1792 eldere-
1224 1743 1227 1747 ’

194 1811 276 1883 bant;
300 1813 414 1891 quidam
431 1833 548 1893 semper
565 1824 595 1873 ιιι
614 1813 731 1892 Graeci,
750 1815 863 1894 quidam
881 1816 1066 1893 singulariter
1079 1824 1197 1891 tantum,

196 1915 260 1956 cum
281 1899 310 1957 in
331 1899 456 1958 dativum
476 1899 525 1959 vel
548 1900 705 1976 genitivum
727 1913 825 1960 casum
844 1900 1030 1976 incidissent,
1052 1899 1128 1960 unde
1147 1901 1196 1977 pc'-

196 1983 259 2043 ctua'
279 1983 372 2043 uestis
394 1991 423 2040 ct
444 1985 541 2061 aquai
556 1984 705 2060 Vergilius
727 1985 936 2044 amantissimus
959 1987 1113 2045 vetustatis
1136 2001 1198 2045 car·

151 2073 186 2127 19
194 2065 315 2125 minibus
337 2067 468 2126 inseruit.
507 2067 539 2126 ln
556 2068 657 2128 iisdem
675 2068 779 2146 plurali
797 2086 915 2128 numero
933 2069 957 2129 Ε
976 2066 1145 2143 utebantur,
1168 2069 1200 2128 1ιί

195 2146 316 2228 Sullae,
337 2151 464 2212 Galbae.
509 2151 563 2211 Est
584 2155 612 2212 in
633 2152 688 2212 bac
710 2169 827 2231 quoque
849 2162 930 2231 parte
952 2152 1053 2213 anilii
1076 2168 1197 2230 praece·

195 2241 293 2310 ptum,
317 2234 394 2311 quod
417 2236 483 2312 quia
504 2235 634 2314 pluribus
658 2236 820 2314 explicatur
840 2237 991 2312 versibus,
1014 2237 1038 2295 si
1061 2237 1124 2314 quis
1147 2253 1196 2313 pa·

151 2325 255 2378 torum
275 2317 392 2394 credet,
416 2319 491 2396 apud
508 2321 601 2398 ipsum
619 2322 648 2379 in
667 2337 744 2380 nono
763 2323 899 2400 requirat.
935 2317 1031 2394 Quid?
1054 2319 1131 2399 quod
1150 2317 1197 2378 Gi-

196 2403 312 2460 ceronis
330 2401 508 2479 temporibus
527 2404 701 2482 paulumque
718 2406 809 2481 inira,
832 2406 895 2466 iere
912 2407 1047 2484 quotiens
1063 2405 1083 2465 S
1102 2404 1199 2464 littera

193 2486 287 2545 media
305 2485 451 2545 vocalium
472 2486 624 2565 longarum
644 2490 693 2549 vel
714 2489 845 2550 subiecta
869 2489 964 2565 longis
988 2498 1084 2565 esset,
1107 2490 1197 2566 gemi-

194 2569 331 2645 nabatur,
345 2578 376 2628 ut
388 2589 532 2649 caussae,
547 2592 667 2649 cussus,
682 2575 884 2634 divissioues?
903 2570 1049 2649 quomodo
1063 2580 1092 2630 et
1104 2574 1197 2647 ipsum

150 2662 223 2717 alet
237 2653 398 2730 Vergilium
415 2671 532 2733 quoque
553 2657 710 2733 scripsisse
727 2674 827 2723 manus
844 2672 943 2714 eorum
962 2654 1077 2713 docent.
1107 2652 1197 2731 Atqui

193 2737 309 2815 paulum
326 2739 496 2815 superiores
514 2741 599 2798 etiam
614 2739 703 2814 illud,
726 2739 805 2817 quod
823 2755 876 2798 nos
894 2738 1008 2814 gemina
1024 2737 1044 2797 S
1064 2736 1195 2813 dicimus,

192 2823 285 2897 iussi,
310 2840 365 2881 una
387 2823 529 2882 dixerunt.
563 2822 657 2882 Etiam
678 2824 808 2900 optimus
827 2822 997 2898 mucimus,
1020 2831 1051 2882 ut
1072 2821 1197 2881 mediam

192 2901 362 2980 Ilitteram,
386 2923 461 2984 quae
475 2905 624 2966 veteribus
643 2904 669 2966 U
686 2907 796 2982 luerat,
819 2907 1003 2984 acciperent,
1029 2902 1061 2965 0.
1076 2907 1197 2985 primum

149 2983 331 3048 asoaesaris
350 2990 539 3069 inscriptione
561 2990 680 3049 traditur
701 2990 817 3051 lactum.
850 2989 933 3053 Here
954 3009 1029 3050 nunc
1050 2990 1075 3050 E
1098 2990 1197 3050 littera

193 3072 393 3148 terminamus,
410 3083 439 3132 at
450 3084 582 3134 veterum
598 3076 772 3135 comicorum
788 3075 881 3136 adbuc
894 3075 976 3135 libris
991 3076 1106 3136 inuenio
1120 3072 1198 3135 Heri

192 3155 236 3215 ud
247 3173 294 3216 me
306 3158 406 3226 oculu·
425 3158 503 3236 quod
515 3158 590 3218 idem
603 3160 631 3217 in
646 3159 778 3238 epistolis
792 3160 934 3239 Augusti,
955 3177 1026 3238 quas
1042 3176 1094 3218 sua
1112 3174 1197 3218 manu

124 3297 127 3302 ,
149 3239 309 3316 asscripsit
327 3247 375 3298 aut
389 3243 567 3318 emendavit,
587 3241 821 3320 deprehenditur.
846 3240 943 3318 Quid?
962 3261 1020 3303 non
1034 3240 1105 3303 Cato
1122 3239 1196 3301 Cen·

191 3323 287 3381 scrius
309 3323 413 3384 dicum
431 3327 593 3404 etfaciam
611 3328 711 3388 dicem
725 3336 755 3387 et
770 3328 885 3406 faciem
903 3329 1037 3407 scripsit,
1061 3326 1196 3387 eundem·

193 3407 298 3483 quein
322 3409 445 3485 ceteris,
467 3428 541 3488 quae
559 3410 691 3471 similiter
711 3411 832 3490 cadunt,
854 3413 969 3472 modum
990 3413 1097 3486 tenuit,
1120 3408 1198 3490 quod
