2566 4026
359 201 859 271 rusu.0snr0n.n1e.xn,t.s.
1060 195 1123 257 257

117 362 204 424 aliter
228 359 397 440 acquirendi
424 360 565 419 recidant.
606 358 665 419 Sed
692 367 751 418 tum
775 377 892 440 quoque
917 363 1060 422 tenendus
1082 374 1167 432 estll

116 448 237 520 modus,
259 463 293 505 ac
307 443 459 523 plurimum
474 443 584 519 refert,
607 452 637 503 et
652 461 668 503 a
684 460 741 520 quo
759 445 883 523 accipiat
900 454 929 504 et
944 455 1078 525 quantum
1096 457 1125 508 et

118 546 280 611 quousque.
314 527 484 588 Paciscendi
508 527 625 605 quidem
645 526 697 587 ille
717 527 855 606 piraticus
876 545 939 589 mos
963 538 992 589 et
1014 547 1123 610 ponen-

115 619 185 677 tium
211 611 350 692 periculis
376 613 470 690 pretia
501 610 605 691 procul
634 610 825 672 abominanda
851 614 1012 690 negotiatio
1040 615 1125 675 etiarn

116 697 305 760 mediocriter
319 695 460 775 improbis
475 695 587 771 aberit,
611 713 674 755 cunr
690 697 863 774 praesertim
878 695 972 757 bonos
992 697 1124 758 homines

115 785 267 861 bonasque
290 798 393 840 causas
417 780 508 839 tuenti
523 796 581 838 non
599 781 636 839 sit
652 779 823 840 metuendus
846 781 992 858 ingratus;
1021 782 1125 860 quodsi

115 869 245 941 iuturus,
268 864 344 924 malo
359 873 456 925 tamen
475 862 525 922 ille
540 871 657 941 peccet.
690 862 767 923 Nihil
784 881 857 941 ergo
874 866 1029 943 acquirere
1043 865 1125 927 volet
1133 877 1166 930 lu

116 961 216 1012 orator
233 948 308 1008 ultra
330 965 415 1026 quam
437 949 507 1023 satis
524 948 593 1016 erit;
620 965 656 1006 ac
677 965 713 1006 ne
729 964 841 1026 pauper
859 949 975 1027 quidem
990 958 1125 1029 tanquam

114 1033 283 1094 mercedem
300 1033 428 1112 accipiet
442 1031 496 1091 sed
507 1040 603 1092 mutua
619 1030 817 1091 benivolentia
831 1040 947 1109 utetur,
971 1051 1035 1093 cum
1051 1035 1124 1094 sciat

116 1138 149 1179 se
165 1126 244 1178 tanto
260 1116 326 1194 plus
344 1117 538 1195 praestitisse.
568 1113 634 1174 Non
651 1115 743 1192 enim,
763 1117 829 1193 quia
843 1117 945 1175 venire
961 1115 1019 1177 boc
1034 1116 1124 1177 bene·

115 1203 211 1263 licium
232 1217 291 1260 uon
314 1207 449 1279 oportet,
471 1200 569 1279 perire
593 1207 720 1279 oportet.
756 1197 891 1278 Denique
911 1208 941 1260 ut
955 1210 1056 1278 gratus
1077 1203 1123 1278 sit,

115 1287 152 1346 ad
169 1303 233 1345 curn
247 1285 340 1362 magis
357 1285 500 1364 pertinet,
519 1285 569 1364 qui
586 1282 684 1344 debet.

448 1437 536 1496 QUAE
551 1435 585 1486 IN
602 1434 784 1488 disciturus.

200 1533 277 1594 Vlll.
309 1533 444 1595 Proxima
469 1532 672 1594 discendae
700 1551 836 1594 causae
859 1534 951 1611 ratio,
980 1533 1058 1615 quod
1082 1541 1128 1593 est

117 1620 257 1678 orationis
279 1617 503 1678 fundamentum.
535 1617 641 1697 Neque
664 1618 739 1677 euim
755 1619 907 1697 quisquam
930 1626 987 1678 tam
1008 1619 1126 1695 ingenio

116 1703 195 1763 tenui
211 1703 392 1781 reperietur,
417 1703 482 1784 qui,
506 1720 570 1762 curn
586 1702 697 1778 omnia,
717 1720 792 1782 quae
808 1703 916 1762 suntin
935 1720 1041 1777 causa,
1063 1700 1125 1761 dili-

116 1795 221 1866 genter
237 1786 427 1864 cognoverit,
447 1787 483 1846 ad
501 1786 663 1847 docendum
680 1794 761 1846 certe
776 1787 901 1847 iudicem
916 1804 974 1846 non
989 1786 1124 1846 sufficiat.

116 1872 176 1933 Sed
199 1872 261 1931 eius
275 1872 319 1930 rei
335 1871 517 1950 paucissimis
540 1888 608 1931 cura
625 1879 679 1931 est.
714 1870 787 1931 Nam
803 1879 833 1931 ut
848 1880 962 1932 taceam
978 1870 1015 1930 de
1030 1869 1153 1947 neglib

116 1954 264 2033 gentibus,
281 1971 403 2032 quorum
418 1953 488 2014 nihil
505 1953 608 2030 refert,
624 1953 674 2014 ubi
691 1955 782 2015 litium
799 1955 887 2015 cardo
903 1963 1044 2030 vertatur,
1061 1953 1127 2014 dum

117 2041 184 2112 sint,
205 2055 279 2116 quac
290 2037 339 2096 vel
353 2045 435 2096 extra
452 2055 568 2097 causam
584 2055 621 2097 ex
632 2039 769 2115 personis
786 2046 833 2098 aut
849 2040 990 2098 communi
1003 2046 1128 2097 tractatu

117 2122 250 2181 locorum
272 2120 459 2179 occasionem
477 2119 618 2178 clamandi
636 2121 810 2198 largiantur:
832 2121 947 2199 aliquos
965 2130 994 2180 et
1009 2120 1126 2180 ambitio

119 2204 276 2283 pervertit,
302 2202 350 2279 qui
365 2203 469 2280 partim
484 2210 619 2280 tanquam
634 2205 771 2282 occupati
788 2221 964 2282 semperque
983 2202 1061 2263 aliud
1077 2202 1125 2262 ha·

117 2289 242 2362 bentes,
260 2286 337 2366 quod
353 2294 419 2346 ante
434 2285 578 2363 agendum
594 2286 646 2363 sit,
669 2287 763 2366 pridie
780 2287 815 2347 ad
832 2304 864 2345 se
880 2287 981 2346 venire
1001 2286 1127 2362 litigato·

117 2391 180 2432 rem
198 2379 245 2430 aut
261 2370 366 2431 eodem
377 2370 514 2429 matutino
530 2368 639 2446 iubent,
656 2387 859 2448 nonnunquam
875 2371 960 2430 etiam
973 2368 1049 2427 inter
1063 2368 1127 2446 ipsa

119 2454 260 2515 subsellia
278 2454 416 2515 didicisse
432 2473 465 2514 se
481 2453 655 2532 gloriantur;
681 2455 783 2534 partim
798 2453 934 2514 iactantia
948 2452 1073 2529 ingenii,
1095 2459 1154 2513 ut3

118 2540 242 2600 rescito
264 2540 420 2619 accepisse
435 2537 604 2616 videantur,
630 2547 733 2599 tenere
752 2557 784 2598 se
806 2546 835 2597 et
857 2537 1026 2614 intelligere
1047 2535 1127 2614 prIus

118 2641 213 2704 paene
230 2642 315 2702 quam
331 2622 446 2684 audiant
457 2624 577 2699 mentiti,
595 2640 659 2683 cunr
674 2622 763 2684 multa
778 2631 810 2683 et
825 2621 935 2682 diserte
951 2621 1127 2698 summisque

120 2709 314 2784 clamoribus,
346 2726 420 2786 quae
442 2726 538 2787 neque
561 2707 598 2768 ad
619 2706 745 2767 iudicem
765 2724 863 2785 neque
887 2704 924 2766 ad
951 2704 1128 2782 litigatorem

118 2793 302 2872 pertineant,
326 2792 573 2868 decantaverunt,
598 2791 675 2851 bene
691 2791 829 2851 sudantes
847 2789 984 2868 beneque
1002 2788 1128 2848 comitati

120 2895 175 2955 per
192 2876 286 2936 forum
309 2875 495 2936 reducuntur.
524 2873 570 2934 Ne
586 2873 652 2935 illas
668 2874 784 2957 quidem
804 2873 921 2935 tulerim
938 2872 1060 2933 delicias
1076 2878 1157 2932 eo·4

119 2979 201 3034 rum,
231 2961 279 3039 qui
297 2959 399 3020 doceri
416 2960 526 3020 amicos
543 2975 611 3018 suos
632 2958 746 3028 iubent;
773 2976 936 3038 quanquam
953 2957 1046 3016 minus
1061 2954 1128 3016 mali

121 3053 181 3120 est,
208 3045 232 3103 si
247 3043 289 3103 illi
305 3043 407 3103 saltem
427 3052 509 3103 recte
526 3042 637 3102 discant
658 3052 800 3121 recteque
818 3043 954 3104 doceant.
988 3040 1048 3100 Sed
1064 3040 1128 3119 quis

120 3128 215 3187 discet
229 3137 286 3187 tam
302 3127 379 3186 bene
396 3146 480 3207 qnam
497 3123 660 3206 patronus?
688 3125 841 3200 Quomodo
860 3135 955 3186 autem
972 3132 1129 3203 sequester

120 3210 172 3270 ille
184 3219 213 3270 et
224 3211 318 3270 media
330 3210 420 3271 litium
430 3229 530 3271 manus
543 3219 572 3271 et
584 3210 700 3290 quidam
715 3211 861 3292 interpres
872 3209 1020 3290 impendet
1031 3224 1127 3286 aequo

121 3295 216 3355 animo
238 3293 369 3355 laborem
392 3296 421 3354 in
443 3295 554 3356 alienas
577 3296 725 3372 actiones,
753 3314 816 3356 cum
832 3294 950 3356 dicturis
966 3293 1037 3354 tanti
1057 3309 1127 3351 suae

121 3397 179 3439 non
200 3375 276 3438 sinti
305 3378 452 3441 Pessimae
476 3398 549 3441 vero
574 3379 808 3456 consuetudinis,
832 3377 943 3439 libellis
966 3395 1034 3438 esse
1056 3385 1156 3439 con-o

121 3473 248 3539 tentum,
273 3481 347 3543 quos
362 3466 509 3545 componit
526 3473 574 3526 aut
589 3463 734 3543 litigator,
758 3464 807 3545 qui
823 3463 954 3540 confugit
974 3462 1011 3523 ad
1028 3470 1125 3541 patro·

163 3569 194 3607 ur.
206 3569 231 3607 u.
244 3569 358 3620 curuum.
370 3555 405 3610 ll.
930 3547 968 3607 17
