2566 4026
339 183 428 230 rusu.
446 181 595 230 causon.
613 183 682 229 uro.
698 183 755 248 111,
771 181 796 235 6.
1016 171 1075 233 129

66 341 96 400 iu
115 356 154 398 eo
172 339 243 397 satis
261 345 305 395 est
318 338 480 399 ostendisse
494 339 699 413 coniecturam,
716 336 882 413 linitionem,
898 339 1073 415 qualitatem.

67 422 223 501 legalium
243 420 343 499 plures
370 423 426 480 sint
447 423 564 499 species
586 438 710 481 necesse
733 428 794 496 est,
820 431 978 499 propterea
1000 424 1117 502 quod8t

69 507 181 567 multae
196 514 261 564 sunt
274 505 358 582 leges
370 515 399 564 et
413 507 508 565 varias
520 505 627 565 habent
638 505 755 565 formas.
782 504 848 565 Alia
861 515 905 566 est
918 507 997 566 cuius
1009 526 1075 568 ver·

70 592 115 652 bis
130 591 258 665 nitimur,
276 589 333 649 alia
352 590 432 648 cuius
449 589 610 663 voluntate,
625 588 696 649 alias
711 588 806 663 nobis,
823 606 886 648 cum
898 590 954 668 ipsi
967 590 1075 652 nullam

71 674 248 748 habeamus,
272 671 464 750 adiungimus,
488 672 560 731 alias
582 674 657 731 inter
672 691 705 732 se
721 689 937 750 comparamus,
959 673 1031 734 alias
1047 677 1076 735 in

72 760 221 820 diversum
236 758 468 835 interpretamur.
500 757 549 815 Sic
564 765 720 816 nascuntur
734 756 809 816 haec
823 756 903 815 velut
922 757 1119 822 simulacrassss

73 861 111 902 ex
128 841 188 901 illis
204 840 313 916 tribus,
339 842 452 899 interim
474 839 616 917 simplicia
636 842 750 900 interim
774 849 803 899 et
824 841 911 900 mixta
928 843 1076 919 propriam

72 937 170 987 tamen
185 924 291 985 faciem
307 923 503 998 ostendentia,
526 931 557 982 ut
572 925 672 1002 scripti
691 933 719 983 et
734 923 908 1000 voluntatis,
925 942 999 1003 quae
1014 927 1076 985 sine

73 1009 161 1071 dubio
177 1018 226 1068 aut
248 1009 386 1086 qualitate
410 1016 458 1068 aut
479 1007 646 1067 coniectura
670 1009 865 1076 continentum
888 1017 917 1068 et
939 1008 1076 1085 syllogis-

73 1111 147 1169 mos,
166 1093 213 1170 qui
230 1101 275 1152 est
290 1092 411 1152 maxime
424 1090 582 1169 qualitatis;
600 1100 628 1150 et
647 1090 732 1168 leges
749 1092 922 1166 contrariae,
939 1111 1013 1171 quae
1028 1094 1075 1152 iis·

74 1177 157 1252 dem,
182 1176 285 1255 quibus
308 1177 446 1253 scriptum
467 1183 496 1234 et
517 1173 668 1250 voluntas,
686 1184 831 1244 constant;
857 1181 886 1235 et
903 1170 1075 1256 ἀμφιβολία,

74 1279 150 1341 quae
166 1278 284 1338 semper
300 1261 467 1319 coniectura
488 1259 659 1337 explicatur.
697 1257 801 1319 Finitio
823 1277 940 1339 quoque
962 1262 1120 1337 utrique89

74 1345 188 1423 generi,
209 1343 345 1421 quodque
362 1361 458 1403 rerum
475 1343 612 1420 quodque
627 1345 728 1421 scripti
745 1344 992 1422 contemplatione
1008 1360 1076 1403 con·

75 1437 148 1502 stat,
170 1428 327 1487 communis
341 1436 394 1487 est.
430 1427 510 1486 Haec
526 1429 634 1501 omnia,
651 1429 762 1486 etiamsi
779 1430 807 1486 in
823 1427 891 1486 illos
906 1437 966 1488 tres
985 1436 1076 1487 status

75 1512 207 1571 veniunt:
224 1520 331 1586 tamen,
348 1513 414 1588 quia
431 1494 477 1589 (ut
492 1511 566 1590 dixi)
580 1510 686 1570 habeut
702 1510 810 1590 aliquid
821 1511 901 1572 velut
916 1513 1075 1590 proprium,

77 1596 208 1655 videntur
228 1595 449 1654 demonstranda
470 1594 664 1670 discentibus,
687 1603 716 1654 et
736 1595 955 1673 permittendum
977 1613 1012 1655 ea
1036 1595 1076 1656 di-

79 1696 147 1738 cere
161 1679 209 1738 vel
228 1687 319 1738 status
337 1678 450 1756 legales
471 1678 519 1738 vel
543 1681 728 1756 quaestiones
750 1679 799 1738 vel
821 1681 915 1758 capita
937 1679 1077 1758 quaedam

80 1764 202 1832 minora;
218 1762 284 1822 dum
299 1763 401 1837 sciant,
417 1761 538 1821 nihilne
554 1764 582 1820 in
593 1762 637 1821 his
652 1763 766 1840 quidem
785 1772 902 1841 praeter
918 1765 982 1838 tria,
1002 1781 1076 1841 quae

79 1845 288 1924 praediximus,
308 1847 418 1923 quaeri.
449 1844 488 1904 At
504 1843 666 1918 Quantum?
682 1855 710 1905 et
727 1846 818 1918 Quam
834 1843 972 1906 multum?
989 1855 1017 1905 et
1032 1845 1119 1910 Adon

78 1929 188 2007 aliquid
201 1938 240 2005 et,
255 1939 285 1988 ut
300 1930 429 1989 nonnulli
445 1938 627 2007 putaverunt,
652 1932 864 2007 comparativus
881 1948 939 1988 nou
957 1928 1077 1989 eandem

78 2014 223 2071 rationem
236 2012 355 2081 habent;
372 2022 437 2072 sunt
453 2014 527 2071 enim
542 2012 615 2072 haec
630 2030 687 2072 non
703 2012 738 2073 ad
752 2014 921 2073 varietatem
939 2014 1008 2072 iuris
1024 2011 1077 2072 sed

78 2096 114 2156 ad
131 2094 222 2154 solam
237 2100 376 2156 rationem
391 2096 562 2172 referenda,
584 2098 710 2175 ideoque
735 2115 851 2176 semper
871 2100 899 2156 in
925 2106 1008 2176 parte
1030 2105 1079 2156 aut

79 2182 264 2240 coniecturae
281 2191 328 2240 aut
349 2182 492 2259 qualitatis
513 2181 647 2258 ponenda
667 2190 750 2256 sunt,
772 2190 802 2240 ut
825 2180 888 2255 Qua
909 2177 1026 2241 mente?
1049 2189 1078 2240 et

79 2262 143 2337 Quo
161 2261 313 2341 tempore?
329 2274 358 2325 et
374 2263 437 2338 Quo
452 2261 542 2324 loco‘l

164 2347 221 2407 Sed
246 2347 282 2408 de
303 2348 424 2426 siugulis
454 2348 582 2407 dicemus
604 2347 837 2426 quaestionibus,
866 2366 929 2407 cum
953 2356 1118 2412 tractareitl

78 2439 238 2509 praecepta
253 2431 401 2491 divisionis
419 2433 612 2509 coeperimus.
643 2429 707 2490 Hoc
722 2432 796 2490 inter
814 2448 914 2490 omnes
931 2433 1076 2507 convenit,

76 2516 106 2574 in
122 2516 218 2574 causis
241 2515 419 2594 simplicibus
442 2514 573 2592 singulos
595 2522 686 2574 status
709 2532 775 2574 esse
800 2531 966 2588 causarum,
990 2531 1077 2592 quae·

79 2599 203 2657 stiouum
226 2607 338 2675 autem,
369 2617 443 2677 quae
466 2600 547 2659 velut
568 2597 718 2658 subiacent
738 2597 783 2658 lris
806 2597 891 2658 etad
913 2596 997 2673 illud,
1020 2614 1077 2674 quo

78 2680 212 2741 iudicium
228 2685 400 2757 continetur,
417 2684 592 2758 referuntur,
613 2700 703 2760 saepe
716 2684 745 2741 iu
759 2699 843 2742 uuam
857 2681 963 2742 cadere
978 2680 1078 2759 plures

79 2781 184 2842 posse;
208 2766 317 2844 (etiam
333 2766 422 2827 credo
439 2766 592 2845 aliquando
608 2766 747 2840 dubitari,
773 2783 831 2845 quo
856 2775 931 2826 statu
947 2767 984 2824 sit
998 2773 1121 2829 uter-oa

78 2847 159 2924 dum,
188 2867 251 2908 cum
266 2849 406 2910 adversus
429 2869 512 2911 unam
527 2852 713 2911 intentionem
728 2850 811 2929 plura
829 2858 1027 2929 opponuntur;
1050 2857 1080 2907 et

79 2933 153 2990 sicut
170 2934 199 2991 iu
216 2933 318 2993 colore
335 2933 438 2994 dicitur
453 2935 640 3010 narrationis,
659 2952 723 2995 eum
740 2952 806 2994 esse
823 2936 975 3013 optimum,
995 2950 1080 3011 quem

78 3025 160 3075 actor
178 3018 286 3095 optime
303 3027 431 3078 tueatur:
455 3020 494 3078 ita
509 3018 556 3078 hic
572 3035 689 3096 quoque
701 3035 791 3096 posse
807 3018 878 3092 dici,
897 3034 960 3076 eum
976 3025 1080 3077 statum

80 3117 147 3159 esse
169 3099 347 3177 iaciendum,
376 3103 403 3160 in
425 3119 481 3180 quo
507 3102 614 3162 tuendo
635 3101 787 3179 plurimum
807 3100 946 3161 adhihere
979 3101 1080 3161 virium

78 3185 173 3261 possit
200 3193 312 3253 orator;
340 3184 467 3264 ideoque
497 3202 550 3264 pro
578 3184 685 3245 llilooe
713 3185 789 3246 aliud
819 3183 955 3246 Ciceroni
982 3184 1122 3262 agendos

77 3267 188 3345 placuit
211 3267 288 3327 aliud
310 3268 418 3345 Bruto,
447 3286 510 3328 cum
531 3271 748 3330 exercitationis
769 3271 863 3346 gratia
891 3277 1080 3349 componeret

77 3353 254 3427 orationem,
273 3369 336 3412 cum
352 3352 403 3413 ille
418 3354 480 3412 iure
496 3361 629 3431 tauquam
644 3352 841 3413 insidiatorem
853 3356 981 3415 occisum
994 3361 1023 3413 et
1038 3360 1079 3413 ta·

76 3453 144 3495 meu
160 3451 218 3494 nou
234 3434 349 3495 Milonis
366 3436 488 3497 consilio
505 3436 628 3515 dixerit,
651 3436 702 3496 ille
718 3439 804 3497 etiam
818 3438 959 3515 gloriatus
975 3439 1012 3497 sit
1030 3451 1079 3496 oc·

120 3539 189 3578 mr.
203 3539 314 3588 cuturn.
896 3521 916 3582 9
