2566 4026
225 168 266 230 64
531 181 566 228 ru.
588 181 666 227 nun.
688 177 908 240 cumulemur

225 332 374 396 Ciceronis
390 336 418 393 in
435 330 576 410 Clodium,
596 332 662 406 Quo
678 352 718 395 ec
731 334 846 395 iudicio
863 332 942 395 velut
961 333 1152 398 cuchecndio
1165 355 1223 399 nu-

225 420 285 481 dus
301 418 413 500 effugit.
443 415 553 489 Quibus
572 417 674 477 similia
689 425 811 496 possunt
829 418 990 496 cuicunque
1011 421 1096 478 etiam
1118 437 1156 479 ex
1174 438 1223 480 co·

223 502 329 562 tidiano
344 517 478 560 sermone
493 519 673 561 succurrere.

307 584 380 643 Huic
406 583 538 644 subiacet
561 586 651 644 virtus
677 601 734 643 non
762 584 856 644 solum
881 592 983 663 aperte
1009 585 1136 663 ponendi
1162 604 1225 646 rem

180 678 290 736 suante
306 667 410 728 oeulos
431 667 484 727 sed
500 669 669 727 circumcise
689 677 776 746 atque
790 667 942 728 velociter.
981 666 1026 728 Ac
1041 669 1145 728 merito
1163 669 1223 730 lau·

224 752 306 812 datur
321 750 448 811 brevitas
464 752 592 828 integrm
615 752 668 812 sed
687 770 721 812 ea
736 753 827 811 minus
842 760 988 830 praestat,
1006 753 1139 829 quotiens
1154 752 1224 812 nihil

224 835 302 911 dicit,
318 836 372 893 nisi
387 836 465 911 quod
483 853 607 895 necesse
625 844 680 911 est,
698 835 909 916 (βραχυλογίαν
930 844 1052 910 vocant,
1068 853 1142 913 quae
1158 836 1223 896 red·

224 918 307 978 detur
323 920 397 977 inter
411 917 579 999 schemata)
598 928 643 978 εει
659 936 731 979 vero
747 918 959 997 pulcherrima,
976 936 1040 978 cum
1055 919 1139 997 plura
1154 937 1222 999 pau-

225 1003 266 1061 cis
288 1001 507 1080 complectitur:
535 1002 620 1081 quale
647 1003 777 1063 Sallustii
796 1011 857 1081 est,
879 999 1075 1064 Mithridates
1095 1022 1223 1081 corpore

222 1086 345 1164 imperati,
357 1086 490 1165 proinde
503 1095 652 1148 armatus.
688 1085 753 1146 Hoc
772 1085 847 1146 male
868 1087 1011 1146 imitantes
1026 1087 1157 1165 sequitur
1173 1085 1222 1146 oh·

223 1170 354 1228 scuritas.

181 1265 217 1322 33
307 1250 411 1311 Vicina
437 1252 603 1330 praedictae
632 1250 686 1311 sed
708 1251 830 1330 amplior
854 1253 943 1312 virtus
971 1261 1016 1312 est
1047 1251 1221 1330 ἔμφασις,

224 1335 358 1395 altiorem
372 1335 519 1414 praehens
538 1335 718 1396 intellectum
741 1353 824 1414 quam
840 1353 925 1413 quern
939 1335 1029 1395 verba
1043 1354 1097 1415 per
1112 1354 1145 1395 se
1161 1337 1223 1413 ipsa

225 1417 384 1479 declarant.
417 1417 488 1478 Eius
504 1419 578 1479 duae
594 1427 659 1478 sunt
674 1420 806 1498 species:
829 1418 937 1494 altera,
958 1436 1032 1498 quae
1050 1419 1116 1497 plus
1135 1420 1222 1495 signi·

181 1501 292 1570 othcat
308 1519 392 1580 quam
404 1501 486 1570 dicim
509 1502 612 1578 altera,
628 1519 703 1580 quae
718 1502 857 1578 etiamid,
873 1502 951 1581 quod
967 1518 1025 1562 non
1036 1502 1113 1562 dicit.
1142 1500 1224 1562 Prior

225 1593 269 1643 est
289 1593 318 1643 et
335 1583 411 1662 apud
434 1584 603 1662 Homerum,
626 1604 690 1646 cum
705 1585 854 1645 Menelaus
870 1585 971 1646 Graios
993 1587 1022 1646 in
1042 1603 1146 1664 equum
1173 1587 1223 1647 de·

129 1689 132 1692 ⁴
224 1669 383 1730 accedisse
405 1669 458 1738 ait;
480 1687 545 1730 narn
564 1668 655 1729 verbo
679 1686 735 1728 uno
756 1669 977 1746 magnitudinem
998 1671 1060 1730 eius
1081 1670 1222 1737 ostendit;

225 1753 256 1812 'et
270 1749 346 1830 apud
367 1751 544 1828 Vergilium:
567 1751 739 1815 Demissam
759 1754 841 1831 lapsi
860 1772 920 1832 per
938 1755 1064 1832 funem
1088 1769 1152 1812 nam
1181 1754 1224 1811 sic

225 1851 341 1913 quoqne
354 1834 474 1895 altitudo
490 1836 683 1896 demonstrata
697 1845 750 1895 εει.
774 1835 864 1912 Idem,
878 1834 1009 1915 Cyclopa
1022 1854 1085 1897 cum
1098 1837 1224 1896 iacuisse

224 1919 295 1978 dixit
308 1937 370 1996 per
385 1928 516 1996 antrum,
534 1920 732 1998 prodigiosum
752 1919 822 1980 illud
838 1936 945 1998 corpus
961 1922 1055 1998 spatio
1070 1920 1129 1980 loci
1145 1937 1223 1978 men·

183 2016 273 2071 ffisus
289 2011 343 2061 εει.
383 2003 516 2081 Sequens
536 2005 632 2080 posita
653 2011 698 2062 est
721 2004 750 2063 in
766 2019 842 2063 voce
861 2012 909 2063 aut
931 2005 1044 2064 omnino
1065 2019 1224 2081 suppressa

225 2094 272 2145 aut
293 2086 378 2145 etiam
400 2086 524 2146 abscisa.
569 2085 761 2165 supprimitur
782 2104 857 2163 vox,
885 2095 916 2146 nt
938 2087 1009 2148 iecit
1030 2103 1084 2166 pro
1108 2085 1223 2163 Ligario

226 2166 348 2228 Cicero:
372 2167 488 2241 Quodsi
500 2170 533 2231 in
547 2170 608 2233 hoc
621 2177 708 2233 tantu
722 2171 848 2249 [ortana
863 2170 983 2233 bonitas
999 2178 1086 2233 tanto
1099 2190 1160 2232 coo
1176 2189 1224 2230 εε-

223 2260 280 2329 εει,
297 2267 389 2330 quam
405 2261 436 2314 tu
447 2271 508 2332 per
522 2261 560 2329 ιε,
573 2260 676 2334 perte
691 2256 826 2332 inquam,
842 2254 976 2316 obtineo:
989 2255 1131 2334 intelligo,
1150 2253 1226 2331 quid

223 2336 343 2413 loquar.
377 2336 479 2397 'lacuit
495 2339 569 2397 enim
583 2337 664 2413 illud,
682 2338 758 2417 quod
774 2336 954 2398 nihilominus
972 2339 1146 2416 accipimus,
1167 2353 1224 2395 non

224 2419 330 2479 deesse
345 2420 491 2495 homines,
509 2423 557 2499 qui
575 2422 611 2482 ad
627 2421 825 2482 crudelitatem
842 2439 907 2481 eum
921 2420 1079 2499 impellant.
1119 2419 1223 2479 Absci-

224 2502 300 2562 ditur
314 2520 368 2580 per
385 2495 603 2582 ἀποσιώπησιν·
625 2522 720 2583 quae,
744 2506 877 2583 quoniam
898 2513 943 2564 est
957 2503 1064 2581 figura,
1086 2503 1224 2563 reddetur

181 2598 276 2653 saeuo
295 2586 373 2645 loco.
400 2585 454 2646 Est
469 2588 496 2645 in
507 2586 676 2663 vulgaribus
688 2605 805 2666 quoque
820 2587 920 2647 verbis
936 2587 1096 2666 emphasis:
1118 2584 1224 2647 Virum

223 2687 289 2729 aare
304 2678 436 2748 oportet,
459 2679 489 2729 et
502 2668 597 2732 Homo
612 2680 656 2731 εει
671 2672 737 2748 ille,
761 2680 791 2730 ει
811 2670 976 2733 Viocndum
997 2681 1048 2734 est.
1085 2670 1169 2730 Adeo
1186 2670 1223 2728 si·

222 2751 297 2812 milis
314 2760 359 2811 est
374 2753 427 2812 arti
442 2751 612 2831 plerumque
627 2763 736 2814 natura.

307 2834 373 2894 Non
394 2843 489 2894 tamen
510 2839 580 2896 satis
604 2837 788 2914 eloquentiae
810 2846 871 2915 est,
890 2855 940 2913 ea,
958 2836 1113 2916 dequibus
1135 2834 1222 2912 dicat,

225 2917 303 2977 clare
320 2927 406 2996 atque
422 2920 572 2979 evidenter
587 2921 760 2989 ostendare;
782 2920 836 2981 sed
852 2930 918 2980 sunt
932 2921 1013 2981 multi
1030 2938 1065 2980 ao
1083 2921 1156 2978 varii
1172 2936 1222 2977 ex·

180 3012 215 3070 87
224 3001 366 3061 colendae
382 3004 521 3062 orationis
536 3003 622 3062 modi.
660 3003 732 3063 Nam
754 3005 817 3082 ipsa
839 3004 889 3064 illa
908 2995 1028 3080 ἀφέλεια
1048 3002 1173 3081 simplex
1195 3010 1224 3061 et

224 3085 389 3145 inallectata
416 3085 504 3145 hahet
526 3087 667 3164 quendam
689 3104 805 3165 purum,
835 3087 928 3165 qualis
949 3089 1034 3146 etiam
1059 3089 1087 3146 in
1109 3086 1223 3145 leminis

224 3175 350 3244 amatur,
375 3177 521 3245 ornatum,
544 3178 573 3229 et
594 3179 660 3229 sunt
683 3171 823 3247 quaedam
844 3170 925 3230 velut
947 3171 1059 3230 etenui
1075 3168 1224 3245 diligentia

225 3250 303 3310 circa
321 3253 529 3331 proprietatem
544 3252 840 3331 significationemque
855 3253 1017 3313 munditiae.
1054 3252 1121 3312 Alia
1136 3253 1224 3329 copia

182 3331 370 3410 ffllocuples,
387 3335 444 3396 alia
459 3335 578 3395 floribus
594 3335 680 3396 laeta.
719 3335 829 3396 Virium
844 3353 901 3396 non
916 3354 1001 3396 unum
1016 3354 1123 3413 genus;
1146 3352 1222 3409 nam,

224 3415 360 3493 quidquid
377 3419 406 3477 in
422 3435 475 3478 suo
492 3437 602 3496 genere
617 3421 687 3480 satis
703 3420 839 3480 ellectum
854 3429 914 3496 est,
937 3420 1025 3480 valet.
1062 3419 1222 3496 Praecipua
