<?xml version="1.0" encoding="UTF-8"?>
<!DOCTYPE html PUBLIC "-//W3C//DTD XHTML 1.0 Transitional//EN"
    "http://www.w3.org/TR/xhtml1/DTD/xhtml1-transitional.dtd">
<html xmlns="http://www.w3.org/1999/xhtml" xml:lang="en" lang="en">
 <head>
  <title>
</title>
<meta http-equiv="Content-Type" content="text/html;charset=utf-8" />
  <meta name='ocr-system' content='tesseract 3.04.00' />
  <meta name='ocr-capabilities' content='ocr_page ocr_carea ocr_par ocr_line ocrx_word'/>
</head>
<body>
  <div class='ocr_page' id='page_1' title='image "./mfabiiquintilia00bonngoog/mfabiiquintilia00bonngoog_0164.png"; bbox 0 0 2566 4026; ppageno 0'>
   <div class='ocr_carea' id='block_1_1' title="bbox 357 154 1078 233">
    <p class='ocr_par' dir='ltr' id='par_1_1' title="bbox 357 154 1078 233">
     <span class='ocr_line' id='line_1_1' title="bbox 357 154 1078 233; baseline 0.006 -20"><span class='ocrx_word' id='word_1_1' title='bbox 357 162 797 233; x_wconf 78' lang='lat' dir='ltr'>rxsu.oanrou.r.1u.111,e.</span> <span class='ocrx_word' id='word_1_2' title='bbox 1020 154 1078 217; x_wconf 85' lang='grc'>137</span> 
     </span>
    </p>
   </div>
   <div class='ocr_carea' id='block_1_2' title="bbox 76 319 1124 1492">
    <p class='ocr_par' dir='ltr' id='par_1_2' title="bbox 76 319 1124 1492">
     <span class='ocr_line' id='line_1_2' title="bbox 76 319 1080 401; baseline 0.001 -16"><span class='ocrx_word' id='word_1_3' title='bbox 76 324 145 385; x_wconf 91' lang='lat' dir='ltr'>duci</span> <span class='ocrx_word' id='word_1_4' title='bbox 157 323 325 401; x_wconf 80' lang='lat' dir='ltr'>frequenter</span> <span class='ocrx_word' id='word_1_5' title='bbox 344 323 372 381; x_wconf 92' lang='lat' dir='ltr'>in</span> <span class='ocrx_word' id='word_1_6' title='bbox 392 321 520 381; x_wconf 92' lang='lat' dir='ltr'>consiliis</span> <span class='ocrx_word' id='word_1_7' title='bbox 537 319 697 397; x_wconf 81' lang='lat' dir='ltr'><strong>exordium,</strong></span> <span class='ocrx_word' id='word_1_8' title='bbox 716 322 798 399; x_wconf 84' lang='lat' dir='ltr'>quasi</span> <span class='ocrx_word' id='word_1_9' title='bbox 815 323 1006 383; x_wconf 75' lang='lat' dir='ltr'><strong>mutuantibus</strong></span> <span class='ocrx_word' id='word_1_10' title='bbox 1021 324 1080 386; x_wconf 87' lang='lat' dir='ltr'>hoo</span> 
     </span>
     <span class='ocr_line' id='line_1_3' title="bbox 76 405 1078 483; baseline 0.001 -16"><span class='ocrx_word' id='word_1_11' title='bbox 76 407 163 467; x_wconf 91' lang='lat' dir='ltr'>nobis</span> <span class='ocrx_word' id='word_1_12' title='bbox 187 425 203 466; x_wconf 98' lang='lat' dir='ltr'>a</span> <span class='ocrx_word' id='word_1_13' title='bbox 227 405 352 467; x_wconf 89' lang='lat' dir='ltr'>iudiciali</span> <span class='ocrx_word' id='word_1_14' title='bbox 373 423 498 483; x_wconf 82' lang='lat' dir='ltr'>genere,</span> <span class='ocrx_word' id='word_1_15' title='bbox 522 422 722 481; x_wconf 89' lang='lat' dir='ltr'>nonnunquam</span> <span class='ocrx_word' id='word_1_16' title='bbox 744 405 845 481; x_wconf 88' lang='lat' dir='ltr'>etiam,</span> <span class='ocrx_word' id='word_1_17' title='bbox 865 415 896 465; x_wconf 93' lang='lat' dir='ltr'>ut</span> <span class='ocrx_word' id='word_1_18' title='bbox 916 409 1009 467; x_wconf 91' lang='lat' dir='ltr'>minor</span> <span class='ocrx_word' id='word_1_19' title='bbox 1031 426 1078 468; x_wconf 87' lang='lat' dir='ltr'>res</span> 
     </span>
     <span class='ocr_line' id='line_1_4' title="bbox 77 488 1079 566; baseline 0 -15"><span class='ocrx_word' id='word_1_20' title='bbox 77 493 207 551; x_wconf 92' lang='lat' dir='ltr'>maiorve</span> <span class='ocrx_word' id='word_1_21' title='bbox 225 490 374 557; x_wconf 88' lang='lat' dir='ltr'>videatur;</span> <span class='ocrx_word' id='word_1_22' title='bbox 395 491 423 547; x_wconf 94' lang='lat' dir='ltr'>in</span> <span class='ocrx_word' id='word_1_23' title='bbox 442 488 674 549; x_wconf 78' lang='lat' dir='ltr'>demonstrativis</span> <span class='ocrx_word' id='word_1_24' title='bbox 690 505 762 548; x_wconf 92' lang='lat' dir='ltr'>vero</span> <span class='ocrx_word' id='word_1_25' title='bbox 775 491 925 566; x_wconf 86' lang='lat' dir='ltr'>prooemia</span> <span class='ocrx_word' id='word_1_26' title='bbox 942 507 1009 550; x_wconf 88' lang='lat' dir='ltr'>esse</span> <span class='ocrx_word' id='word_1_27' title='bbox 1021 510 1079 552; x_wconf 91' lang='lat' dir='ltr'>ma·</span> 
     </span>
     <span class='ocr_line' id='line_1_5' title="bbox 76 570 1109 649; baseline 0.001 -14"><span class='ocrx_word' id='word_1_28' title='bbox 76 578 156 636; x_wconf 87' lang='lat' dir='ltr'>xime</span> <span class='ocrx_word' id='word_1_29' title='bbox 179 574 271 634; x_wconf 90' lang='lat' dir='ltr'>libera</span> <span class='ocrx_word' id='word_1_30' title='bbox 294 575 447 633; x_wconf 90' lang='lat' dir='ltr'>existimat.</span> <span class='ocrx_word' id='word_1_31' title='bbox 486 571 557 632; x_wconf 90' lang='lat' dir='ltr'>Nam</span> <span class='ocrx_word' id='word_1_32' title='bbox 580 580 609 630; x_wconf 91' lang='lat' dir='ltr'>et</span> <span class='ocrx_word' id='word_1_33' title='bbox 626 570 714 648; x_wconf 81' lang='lat' dir='ltr'>longe</span> <span class='ocrx_word' id='word_1_34' title='bbox 729 590 745 632; x_wconf 95' lang='lat' dir='ltr'>a</span> <span class='ocrx_word' id='word_1_35' title='bbox 761 574 880 633; x_wconf 91' lang='lat' dir='ltr'>materia</span> <span class='ocrx_word' id='word_1_36' title='bbox 903 572 980 649; x_wconf 90' lang='lat' dir='ltr'>duci,</span> <span class='ocrx_word' id='word_1_37' title='bbox 1004 584 1033 634; x_wconf 93' lang='lat' dir='ltr'>ut</span> <span class='ocrx_word' id='word_1_38' title='bbox 1052 577 1109 638; x_wconf 83' lang='lat' dir='ltr'>in9</span> 
     </span>
     <span class='ocr_line' id='line_1_6' title="bbox 77 656 1078 734; baseline -0.002 -15"><span class='ocrx_word' id='word_1_39' title='bbox 77 659 209 719; x_wconf 85' lang='lat' dir='ltr'>Helenae</span> <span class='ocrx_word' id='word_1_40' title='bbox 233 658 319 718; x_wconf 93' lang='lat' dir='ltr'>laude</span> <span class='ocrx_word' id='word_1_41' title='bbox 341 656 487 717; x_wconf 90' lang='lat' dir='ltr'>Isocrates</span> <span class='ocrx_word' id='word_1_42' title='bbox 509 657 628 723; x_wconf 84' lang='lat' dir='ltr'>iecerit3</span> <span class='ocrx_word' id='word_1_43' title='bbox 659 665 688 714; x_wconf 92' lang='lat' dir='ltr'>et</span> <span class='ocrx_word' id='word_1_44' title='bbox 717 674 753 715; x_wconf 92' lang='lat' dir='ltr'>ex</span> <span class='ocrx_word' id='word_1_45' title='bbox 777 657 871 734; x_wconf 88' lang='lat' dir='ltr'>aliqua</span> <span class='ocrx_word' id='word_1_46' title='bbox 896 659 940 717; x_wconf 91' lang='lat' dir='ltr'>rei</span> <span class='ocrx_word' id='word_1_47' title='bbox 962 658 1078 734; x_wconf 87' lang='lat' dir='ltr'>uicinia,</span> 
     </span>
     <span class='ocr_line' id='line_1_7' title="bbox 78 740 1080 819; baseline -0.001 -17"><span class='ocrx_word' id='word_1_48' title='bbox 78 752 109 802; x_wconf 93' lang='lat' dir='ltr'>ut</span> <span class='ocrx_word' id='word_1_49' title='bbox 127 744 201 802; x_wconf 92' lang='lat' dir='ltr'>idem</span> <span class='ocrx_word' id='word_1_50' title='bbox 219 744 247 801; x_wconf 95' lang='lat' dir='ltr'>in</span> <span class='ocrx_word' id='word_1_51' title='bbox 259 741 452 818; x_wconf 74' lang='lat' dir='ltr'>Panegyrico,</span> <span class='ocrx_word' id='word_1_52' title='bbox 475 758 539 800; x_wconf 92' lang='lat' dir='ltr'>cum</span> <span class='ocrx_word' id='word_1_53' title='bbox 557 741 686 817; x_wconf 88' lang='lat' dir='ltr'>queritur</span> <span class='ocrx_word' id='word_1_54' title='bbox 703 740 769 818; x_wconf 89' lang='lat' dir='ltr'>plus</span> <span class='ocrx_word' id='word_1_55' title='bbox 787 740 905 800; x_wconf 90' lang='lat' dir='ltr'>honoris</span> <span class='ocrx_word' id='word_1_56' title='bbox 925 757 1080 819; x_wconf 90' lang='lat' dir='ltr'>corporum</span> 
     </span>
     <span class='ocr_line' id='line_1_8' title="bbox 80 821 1079 905; baseline -0.003 -19"><span class='ocrx_word' id='word_1_57' title='bbox 80 845 165 905; x_wconf 89' lang='lat' dir='ltr'>quam</span> <span class='ocrx_word' id='word_1_58' title='bbox 177 828 335 886; x_wconf 92' lang='lat' dir='ltr'>animorum</span> <span class='ocrx_word' id='word_1_59' title='bbox 353 824 505 883; x_wconf 90' lang='lat' dir='ltr'>uirtutibus</span> <span class='ocrx_word' id='word_1_60' title='bbox 525 824 600 891; x_wconf 75' lang='lat' dir='ltr'>dari:</span> <span class='ocrx_word' id='word_1_61' title='bbox 623 832 651 882; x_wconf 91' lang='lat' dir='ltr'>et</span> <span class='ocrx_word' id='word_1_62' title='bbox 665 821 788 901; x_wconf 84' lang='lat' dir='ltr'>Gorgias</span> <span class='ocrx_word' id='word_1_63' title='bbox 809 825 837 883; x_wconf 91' lang='lat' dir='ltr'>in</span> <span class='ocrx_word' id='word_1_64' title='bbox 850 823 1002 903; x_wconf 75' lang='lat' dir='ltr'>Olympico</span> <span class='ocrx_word' id='word_1_65' title='bbox 1018 824 1079 885; x_wconf 92' lang='lat' dir='ltr'>lau·</span> 
     </span>
     <span class='ocr_line' id='line_1_9' title="bbox 78 907 1079 987; baseline -0.004 -16"><span class='ocrx_word' id='word_1_66' title='bbox 78 910 149 971; x_wconf 91' lang='lat' dir='ltr'>dans</span> <span class='ocrx_word' id='word_1_67' title='bbox 171 927 241 984; x_wconf 92' lang='lat' dir='ltr'>eos,</span> <span class='ocrx_word' id='word_1_68' title='bbox 267 911 315 987; x_wconf 89' lang='lat' dir='ltr'>qui</span> <span class='ocrx_word' id='word_1_69' title='bbox 338 909 420 987; x_wconf 92' lang='lat' dir='ltr'>primi</span> <span class='ocrx_word' id='word_1_70' title='bbox 440 909 514 967; x_wconf 90' lang='lat' dir='ltr'>tales</span> <span class='ocrx_word' id='word_1_71' title='bbox 537 908 709 967; x_wconf 77' lang='lat' dir='ltr'>instituerint</span> <span class='ocrx_word' id='word_1_72' title='bbox 727 917 894 967; x_wconf 86' lang='lat' dir='ltr'>conuentus.</span> <span class='ocrx_word' id='word_1_73' title='bbox 930 907 1010 982; x_wconf 81' lang='lat' dir='ltr'>Quos</span> <span class='ocrx_word' id='word_1_74' title='bbox 1033 927 1079 968; x_wconf 90' lang='lat' dir='ltr'>se·</span> 
     </span>
     <span class='ocr_line' id='line_1_10' title="bbox 79 988 1080 1069; baseline -0.003 -15"><span class='ocrx_word' id='word_1_75' title='bbox 79 1004 162 1054; x_wconf 91' lang='lat' dir='ltr'>cutus</span> <span class='ocrx_word' id='word_1_76' title='bbox 187 993 326 1053; x_wconf 81' lang='lat' dir='ltr'>videlicet</span> <span class='ocrx_word' id='word_1_77' title='bbox 351 991 383 1052; x_wconf 84' lang='lat' dir='ltr'>G.</span> <span class='ocrx_word' id='word_1_78' title='bbox 407 992 561 1052; x_wconf 86' lang='lat' dir='ltr'>Sallustius</span> <span class='ocrx_word' id='word_1_79' title='bbox 584 992 612 1049; x_wconf 93' lang='lat' dir='ltr'>in</span> <span class='ocrx_word' id='word_1_80' title='bbox 634 990 714 1050; x_wconf 93' lang='lat' dir='ltr'>bello</span> <span class='ocrx_word' id='word_1_81' title='bbox 737 990 906 1069; x_wconf 86' lang='lat' dir='ltr'>Iugurthino</span> <span class='ocrx_word' id='word_1_82' title='bbox 929 1001 958 1051; x_wconf 92' lang='lat' dir='ltr'>et</span> <span class='ocrx_word' id='word_1_83' title='bbox 982 988 1080 1052; x_wconf 82' lang='lat' dir='ltr'>Catili-</span> 
     </span>
     <span class='ocr_line' id='line_1_11' title="bbox 78 1074 1079 1154; baseline -0.004 -16"><span class='ocrx_word' id='word_1_84' title='bbox 78 1096 133 1138; x_wconf 90' lang='lat' dir='ltr'>nae</span> <span class='ocrx_word' id='word_1_85' title='bbox 164 1077 234 1137; x_wconf 94' lang='lat' dir='ltr'>nihil</span> <span class='ocrx_word' id='word_1_86' title='bbox 265 1077 300 1136; x_wconf 93' lang='lat' dir='ltr'>ad</span> <span class='ocrx_word' id='word_1_87' title='bbox 330 1076 478 1135; x_wconf 86' lang='lat' dir='ltr'>historiam</span> <span class='ocrx_word' id='word_1_88' title='bbox 508 1074 716 1154; x_wconf 90' lang='lat' dir='ltr'>pcrtinentibus</span> <span class='ocrx_word' id='word_1_89' title='bbox 743 1076 892 1154; x_wconf 85' lang='lat' dir='ltr'>principiis</span> <span class='ocrx_word' id='word_1_90' title='bbox 917 1092 1001 1136; x_wconf 88' lang='lat' dir='ltr'>orsus</span> <span class='ocrx_word' id='word_1_91' title='bbox 1024 1084 1079 1136; x_wconf 91' lang='lat' dir='ltr'>est.</span> 
     </span>
     <span class='ocr_line' id='line_1_12' title="bbox 78 1159 1124 1238; baseline 0 -16"><span class='ocrx_word' id='word_1_92' title='bbox 78 1163 138 1222; x_wconf 87' lang='lat' dir='ltr'>Sed</span> <span class='ocrx_word' id='word_1_93' title='bbox 159 1179 234 1220; x_wconf 92' lang='lat' dir='ltr'>nunc</span> <span class='ocrx_word' id='word_1_94' title='bbox 257 1160 293 1220; x_wconf 95' lang='lat' dir='ltr'>ad</span> <span class='ocrx_word' id='word_1_95' title='bbox 316 1161 491 1235; x_wconf 77' lang='lat' dir='ltr'>suasoriam,</span> <span class='ocrx_word' id='word_1_96' title='bbox 515 1161 542 1218; x_wconf 93' lang='lat' dir='ltr'>in</span> <span class='ocrx_word' id='word_1_97' title='bbox 567 1177 638 1237; x_wconf 88' lang='lat' dir='ltr'>qua,</span> <span class='ocrx_word' id='word_1_98' title='bbox 663 1159 749 1217; x_wconf 89' lang='lat' dir='ltr'>etiam</span> <span class='ocrx_word' id='word_1_99' title='bbox 772 1177 835 1218; x_wconf 90' lang='lat' dir='ltr'>oum</span> <span class='ocrx_word' id='word_1_100' title='bbox 854 1161 1005 1238; x_wconf 93' lang='lat' dir='ltr'>prooemio</span> <span class='ocrx_word' id='word_1_101' title='bbox 1029 1162 1124 1223; x_wconf 87' lang='lat' dir='ltr'>uti-10</span> 
     </span>
     <span class='ocr_line' id='line_1_13' title="bbox 78 1242 1080 1320; baseline -0.003 -15"><span class='ocrx_word' id='word_1_102' title='bbox 78 1264 151 1319; x_wconf 92' lang='lat' dir='ltr'>mur,</span> <span class='ocrx_word' id='word_1_103' title='bbox 172 1244 309 1304; x_wconf 89' lang='lat' dir='ltr'>breviore</span> <span class='ocrx_word' id='word_1_104' title='bbox 324 1253 419 1303; x_wconf 89' lang='lat' dir='ltr'>tamen</span> <span class='ocrx_word' id='word_1_105' title='bbox 443 1252 471 1302; x_wconf 89' lang='lat' dir='ltr'>et</span> <span class='ocrx_word' id='word_1_106' title='bbox 493 1243 573 1303; x_wconf 88' lang='lat' dir='ltr'>uelut</span> <span class='ocrx_word' id='word_1_107' title='bbox 594 1242 717 1320; x_wconf 85' lang='lat' dir='ltr'>quodam</span> <span class='ocrx_word' id='word_1_108' title='bbox 735 1243 832 1320; x_wconf 90' lang='lat' dir='ltr'>capite</span> <span class='ocrx_word' id='word_1_109' title='bbox 853 1251 961 1303; x_wconf 88' lang='lat' dir='ltr'>tantum</span> <span class='ocrx_word' id='word_1_110' title='bbox 984 1252 1013 1303; x_wconf 92' lang='lat' dir='ltr'>et</span> <span class='ocrx_word' id='word_1_111' title='bbox 1029 1245 1080 1302; x_wconf 93' lang='lat' dir='ltr'>ini·</span> 
     </span>
     <span class='ocr_line' id='line_1_14' title="bbox 78 1326 1081 1406; baseline -0.002 -17"><span class='ocrx_word' id='word_1_112' title='bbox 78 1332 119 1389; x_wconf 91' lang='lat' dir='ltr'>tio</span> <span class='ocrx_word' id='word_1_113' title='bbox 132 1328 271 1389; x_wconf 90' lang='lat' dir='ltr'>debemus</span> <span class='ocrx_word' id='word_1_114' title='bbox 284 1346 351 1387; x_wconf 90' lang='lat' dir='ltr'>esse</span> <span class='ocrx_word' id='word_1_115' title='bbox 367 1329 504 1387; x_wconf 91' lang='lat' dir='ltr'>contenti.</span> <span class='ocrx_word' id='word_1_116' title='bbox 538 1326 738 1386; x_wconf 90' lang='lat' dir='ltr'>Narrationem</span> <span class='ocrx_word' id='word_1_117' title='bbox 750 1343 822 1386; x_wconf 86' lang='lat' dir='ltr'>uero</span> <span class='ocrx_word' id='word_1_118' title='bbox 834 1344 976 1406; x_wconf 85' lang='lat' dir='ltr'>uunquam</span> <span class='ocrx_word' id='word_1_119' title='bbox 989 1328 1081 1404; x_wconf 78' lang='lat' dir='ltr'>exigit</span> 
     </span>
     <span class='ocr_line' id='line_1_15' title="bbox 78 1408 1079 1492; baseline -0.003 -20"><span class='ocrx_word' id='word_1_120' title='bbox 78 1414 191 1492; x_wconf 90' lang='lat' dir='ltr'>privata</span> <span class='ocrx_word' id='word_1_121' title='bbox 213 1412 403 1487; x_wconf 87' lang='lat' dir='ltr'>deliberatio,</span> <span class='ocrx_word' id='word_1_122' title='bbox 428 1413 490 1470; x_wconf 92' lang='lat' dir='ltr'>eius</span> <span class='ocrx_word' id='word_1_123' title='bbox 509 1411 646 1471; x_wconf 87' lang='lat' dir='ltr'>duntaxat</span> <span class='ocrx_word' id='word_1_124' title='bbox 664 1410 716 1485; x_wconf 91' lang='lat' dir='ltr'>rei,</span> <span class='ocrx_word' id='word_1_125' title='bbox 740 1408 777 1468; x_wconf 87' lang='lat' dir='ltr'>de</span> <span class='ocrx_word' id='word_1_126' title='bbox 800 1427 855 1488; x_wconf 86' lang='lat' dir='ltr'>qua</span> <span class='ocrx_word' id='word_1_127' title='bbox 877 1410 999 1471; x_wconf 89' lang='lat' dir='ltr'>dicenda</span> <span class='ocrx_word' id='word_1_128' title='bbox 1014 1418 1079 1470; x_wconf 82' lang='lat' dir='ltr'>s&#39;en·</span> 
     </span>
    </p>
   </div>
   <div class='ocr_carea' id='block_1_3' title="bbox 78 1493 1223 1574">
    <p class='ocr_par' dir='ltr' id='par_1_3' title="bbox 78 1493 1223 1574">
     <span class='ocr_line' id='line_1_16' title="bbox 78 1493 1223 1574; baseline -0.001 -17"><span class='ocrx_word' id='word_1_129' title='bbox 78 1497 167 1557; x_wconf 88' lang='lat' dir='ltr'>tentia</span> <span class='ocrx_word' id='word_1_130' title='bbox 184 1505 243 1564; x_wconf 78' lang='lat' dir='ltr'>esu</span> <span class='ocrx_word' id='word_1_131' title='bbox 268 1499 334 1574; x_wconf 89' lang='lat' dir='ltr'>quia</span> <span class='ocrx_word' id='word_1_132' title='bbox 349 1513 433 1554; x_wconf 91' lang='lat' dir='ltr'>nemo</span> <span class='ocrx_word' id='word_1_133' title='bbox 452 1496 566 1572; x_wconf 81' lang='lat' dir='ltr'>ignorat</span> <span class='ocrx_word' id='word_1_134' title='bbox 582 1493 610 1553; x_wconf 93' lang='lat' dir='ltr'>id</span> <span class='ocrx_word' id='word_1_135' title='bbox 632 1494 668 1554; x_wconf 93' lang='lat' dir='ltr'>de</span> <span class='ocrx_word' id='word_1_136' title='bbox 683 1509 741 1571; x_wconf 89' lang='lat' dir='ltr'>quo</span> <span class='ocrx_word' id='word_1_137' title='bbox 762 1493 896 1554; x_wconf 92' lang='lat' dir='ltr'>consulit.</span> <span class='ocrx_word' id='word_1_138' title='bbox 929 1493 1121 1561; x_wconf 74' lang='lat' dir='ltr'>Extrinsell</span> <span class='ocrx_word' id='word_1_139' title='bbox 1220 1506 1223 1511; x_wconf 85' lang='lat'>&#39;</span> 
     </span>
    </p>
   </div>
   <div class='ocr_carea' id='block_1_4' title="bbox 77 1577 1123 3496">
    <p class='ocr_par' dir='ltr' id='par_1_4' title="bbox 78 1577 1122 2640">
     <span class='ocr_line' id='line_1_17' title="bbox 79 1577 1080 1658; baseline -0.002 -18"><span class='ocrx_word' id='word_1_140' title='bbox 79 1599 130 1641; x_wconf 90' lang='lat' dir='ltr'>cus</span> <span class='ocrx_word' id='word_1_141' title='bbox 152 1589 274 1658; x_wconf 89' lang='lat' dir='ltr'>possunt</span> <span class='ocrx_word' id='word_1_142' title='bbox 295 1580 468 1658; x_wconf 86' lang='lat' dir='ltr'>pertinentia</span> <span class='ocrx_word' id='word_1_143' title='bbox 487 1579 523 1638; x_wconf 93' lang='lat' dir='ltr'>ad</span> <span class='ocrx_word' id='word_1_144' title='bbox 540 1577 779 1638; x_wconf 89' lang='lat' dir='ltr'>deliberationem</span> <span class='ocrx_word' id='word_1_145' title='bbox 797 1577 885 1639; x_wconf 90' lang='lat' dir='ltr'>multa</span> <span class='ocrx_word' id='word_1_146' title='bbox 899 1581 1018 1639; x_wconf 91' lang='lat' dir='ltr'>narrari.</span> <span class='ocrx_word' id='word_1_147' title='bbox 1047 1577 1080 1638; x_wconf 93' lang='lat' dir='ltr'>ln</span> 
     </span>
     <span class='ocr_line' id='line_1_18' title="bbox 80 1662 1079 1741; baseline -0.001 -19"><span class='ocrx_word' id='word_1_148' title='bbox 80 1663 263 1724; x_wconf 90' lang='lat' dir='ltr'>contionibus</span> <span class='ocrx_word' id='word_1_149' title='bbox 289 1681 379 1741; x_wconf 86' lang='lat' dir='ltr'>saepe</span> <span class='ocrx_word' id='word_1_150' title='bbox 397 1672 442 1722; x_wconf 90' lang='lat' dir='ltr'>est</span> <span class='ocrx_word' id='word_1_151' title='bbox 469 1664 553 1722; x_wconf 89' lang='lat' dir='ltr'>etiam</span> <span class='ocrx_word' id='word_1_152' title='bbox 574 1662 640 1737; x_wconf 91' lang='lat' dir='ltr'>illa,</span> <span class='ocrx_word' id='word_1_153' title='bbox 663 1679 737 1739; x_wconf 89' lang='lat' dir='ltr'>quae</span> <span class='ocrx_word' id='word_1_154' title='bbox 761 1662 891 1722; x_wconf 89' lang='lat' dir='ltr'>ordinem</span> <span class='ocrx_word' id='word_1_155' title='bbox 912 1664 955 1721; x_wconf 91' lang='lat' dir='ltr'>rei</span> <span class='ocrx_word' id='word_1_156' title='bbox 981 1662 1079 1737; x_wconf 90' lang='lat' dir='ltr'>docet,</span> 
     </span>
     <span class='ocr_line' id='line_1_19' title="bbox 80 1745 1122 1823; baseline 0.001 -17"><span class='ocrx_word' id='word_1_157' title='bbox 80 1749 256 1808; x_wconf 90' lang='lat' dir='ltr'>necessaria.</span> <span class='ocrx_word' id='word_1_158' title='bbox 305 1747 436 1806; x_wconf 81' lang='lat' dir='ltr'>Affectus</span> <span class='ocrx_word' id='word_1_159' title='bbox 465 1755 495 1804; x_wconf 95' lang='lat' dir='ltr'>ut</span> <span class='ocrx_word' id='word_1_160' title='bbox 524 1763 598 1823; x_wconf 90' lang='lat' dir='ltr'>quae</span> <span class='ocrx_word' id='word_1_161' title='bbox 626 1747 749 1804; x_wconf 87' lang='lat' dir='ltr'>maxime</span> <span class='ocrx_word' id='word_1_162' title='bbox 776 1747 912 1822; x_wconf 88' lang='lat' dir='ltr'>postulat.</span> <span class='ocrx_word' id='word_1_163' title='bbox 958 1745 1030 1805; x_wconf 89' lang='lat' dir='ltr'>Nam</span> <span class='ocrx_word' id='word_1_164' title='bbox 1053 1753 1122 1809; x_wconf 74' lang='lat' dir='ltr'>etia</span> 
     </span>
     <span class='ocr_line' id='line_1_20' title="bbox 81 1829 1079 1906; baseline 0 -16"><span class='ocrx_word' id='word_1_165' title='bbox 81 1829 251 1890; x_wconf 89' lang='lat' dir='ltr'>concitanda</span> <span class='ocrx_word' id='word_1_166' title='bbox 272 1840 301 1889; x_wconf 95' lang='lat' dir='ltr'>et</span> <span class='ocrx_word' id='word_1_167' title='bbox 322 1830 455 1892; x_wconf 87' lang='lat' dir='ltr'>lenienda</span> <span class='ocrx_word' id='word_1_168' title='bbox 472 1830 641 1906; x_wconf 84' lang='lat' dir='ltr'>frequenter</span> <span class='ocrx_word' id='word_1_169' title='bbox 659 1838 704 1888; x_wconf 93' lang='lat' dir='ltr'>est</span> <span class='ocrx_word' id='word_1_170' title='bbox 720 1831 773 1904; x_wconf 92' lang='lat' dir='ltr'>ira,</span> <span class='ocrx_word' id='word_1_171' title='bbox 795 1837 825 1888; x_wconf 91' lang='lat' dir='ltr'>et</span> <span class='ocrx_word' id='word_1_172' title='bbox 842 1829 877 1890; x_wconf 92' lang='lat' dir='ltr'>ad</span> <span class='ocrx_word' id='word_1_173' title='bbox 895 1838 1011 1905; x_wconf 90' lang='lat' dir='ltr'>metum,</span> <span class='ocrx_word' id='word_1_174' title='bbox 1031 1848 1079 1890; x_wconf 90' lang='lat' dir='ltr'>cu·</span> 
     </span>
     <span class='ocr_line' id='line_1_21' title="bbox 79 1911 1080 1992; baseline -0.002 -19"><span class='ocrx_word' id='word_1_175' title='bbox 79 1914 238 1992; x_wconf 89' lang='lat' dir='ltr'>piditatem,</span> <span class='ocrx_word' id='word_1_176' title='bbox 258 1915 363 1988; x_wconf 92' lang='lat' dir='ltr'>odium,</span> <span class='ocrx_word' id='word_1_177' title='bbox 383 1912 625 1989; x_wconf 87' lang='lat' dir='ltr'>conciliationem,</span> <span class='ocrx_word' id='word_1_178' title='bbox 638 1911 805 1990; x_wconf 89' lang='lat' dir='ltr'>impellendi</span> <span class='ocrx_word' id='word_1_179' title='bbox 822 1914 914 1972; x_wconf 90' lang='lat' dir='ltr'>animi.</span> <span class='ocrx_word' id='word_1_180' title='bbox 944 1911 1080 1972; x_wconf 89' lang='lat' dir='ltr'>Nonnun-</span> 
     </span>
     <span class='ocr_line' id='line_1_22' title="bbox 80 1996 1079 2076; baseline -0.002 -19"><span class='ocrx_word' id='word_1_181' title='bbox 80 2015 165 2076; x_wconf 89' lang='lat' dir='ltr'>quam</span> <span class='ocrx_word' id='word_1_182' title='bbox 184 1998 269 2056; x_wconf 90' lang='lat' dir='ltr'>etiam</span> <span class='ocrx_word' id='word_1_183' title='bbox 289 1996 430 2056; x_wconf 92' lang='lat' dir='ltr'>movenda</span> <span class='ocrx_word' id='word_1_184' title='bbox 452 1999 617 2071; x_wconf 90' lang='lat' dir='ltr'>miseratio,</span> <span class='ocrx_word' id='word_1_185' title='bbox 638 1997 716 2069; x_wconf 92' lang='lat' dir='ltr'>sive,</span> <span class='ocrx_word' id='word_1_186' title='bbox 742 2005 772 2055; x_wconf 92' lang='lat' dir='ltr'>ut</span> <span class='ocrx_word' id='word_1_187' title='bbox 789 1996 925 2056; x_wconf 92' lang='lat' dir='ltr'>auxilium</span> <span class='ocrx_word' id='word_1_188' title='bbox 948 1996 1079 2056; x_wconf 86' lang='lat' dir='ltr'>obsessis</span> 
     </span>
     <span class='ocr_line' id='line_1_23' title="bbox 79 2079 1079 2159; baseline -0.002 -19"><span class='ocrx_word' id='word_1_189' title='bbox 79 2082 205 2156; x_wconf 91' lang='lat' dir='ltr'>leratur,</span> <span class='ocrx_word' id='word_1_190' title='bbox 228 2081 352 2140; x_wconf 88' lang='lat' dir='ltr'>suadere</span> <span class='ocrx_word' id='word_1_191' title='bbox 370 2079 533 2159; x_wconf 90' lang='lat' dir='ltr'>oportebit,</span> <span class='ocrx_word' id='word_1_192' title='bbox 558 2083 620 2140; x_wconf 89' lang='lat' dir='ltr'>sive</span> <span class='ocrx_word' id='word_1_193' title='bbox 638 2083 738 2139; x_wconf 91' lang='lat' dir='ltr'>sociae</span> <span class='ocrx_word' id='word_1_194' title='bbox 757 2080 880 2140; x_wconf 89' lang='lat' dir='ltr'>ciuitatis</span> <span class='ocrx_word' id='word_1_195' title='bbox 896 2081 1079 2141; x_wconf 87' lang='lat' dir='ltr'>eversionem</span> 
     </span>
     <span class='ocr_line' id='line_1_24' title="bbox 79 2160 1077 2242; baseline -0.004 -17"><span class='ocrx_word' id='word_1_196' title='bbox 79 2163 258 2225; x_wconf 82' lang='lat' dir='ltr'>debebimus.</span> <span class='ocrx_word' id='word_1_197' title='bbox 295 2164 381 2224; x_wconf 87' lang='lat' dir='ltr'>Valet</span> <span class='ocrx_word' id='word_1_198' title='bbox 409 2173 504 2223; x_wconf 90' lang='lat' dir='ltr'>autem</span> <span class='ocrx_word' id='word_1_199' title='bbox 533 2165 560 2223; x_wconf 91' lang='lat' dir='ltr'>in</span> <span class='ocrx_word' id='word_1_200' title='bbox 589 2163 717 2225; x_wconf 90' lang='lat' dir='ltr'>consiliis</span> <span class='ocrx_word' id='word_1_201' title='bbox 739 2160 895 2224; x_wconf 88' lang='lat' dir='ltr'>auctoritas</span> <span class='ocrx_word' id='word_1_202' title='bbox 917 2165 1077 2242; x_wconf 91' lang='lat' dir='ltr'>plurimum.</span> 
     </span>
     <span class='ocr_line' id='line_1_25' title="bbox 78 2247 1122 2326; baseline 0.001 -19"><span class='ocrx_word' id='word_1_203' title='bbox 78 2247 150 2308; x_wconf 91' lang='lat' dir='ltr'>Nam</span> <span class='ocrx_word' id='word_1_204' title='bbox 172 2256 200 2307; x_wconf 89' lang='lat' dir='ltr'>et</span> <span class='ocrx_word' id='word_1_205' title='bbox 228 2248 467 2325; x_wconf 89' lang='lat' dir='ltr'>prudentissimus</span> <span class='ocrx_word' id='word_1_206' title='bbox 491 2266 559 2307; x_wconf 90' lang='lat' dir='ltr'>esse</span> <span class='ocrx_word' id='word_1_207' title='bbox 587 2248 747 2325; x_wconf 86' lang='lat' dir='ltr'>haberique</span> <span class='ocrx_word' id='word_1_208' title='bbox 775 2256 805 2307; x_wconf 90' lang='lat' dir='ltr'>et</span> <span class='ocrx_word' id='word_1_209' title='bbox 834 2250 958 2326; x_wconf 89' lang='lat' dir='ltr'>optimus</span> <span class='ocrx_word' id='word_1_210' title='bbox 981 2248 1122 2323; x_wconf 82' lang='lat' dir='ltr'>debet,13</span> 
     </span>
     <span class='ocr_line' id='line_1_26' title="bbox 80 2330 1079 2409; baseline -0.001 -19"><span class='ocrx_word' id='word_1_211' title='bbox 80 2333 127 2409; x_wconf 92' lang='lat' dir='ltr'>qui</span> <span class='ocrx_word' id='word_1_212' title='bbox 145 2333 307 2391; x_wconf 90' lang='lat' dir='ltr'>sententiae</span> <span class='ocrx_word' id='word_1_213' title='bbox 324 2349 394 2391; x_wconf 92' lang='lat' dir='ltr'>suae</span> <span class='ocrx_word' id='word_1_214' title='bbox 411 2331 448 2391; x_wconf 92' lang='lat' dir='ltr'>de</span> <span class='ocrx_word' id='word_1_215' title='bbox 468 2331 584 2391; x_wconf 92' lang='lat' dir='ltr'>utilibus</span> <span class='ocrx_word' id='word_1_216' title='bbox 604 2340 691 2409; x_wconf 89' lang='lat' dir='ltr'>atque</span> <span class='ocrx_word' id='word_1_217' title='bbox 702 2330 831 2390; x_wconf 87' lang='lat' dir='ltr'>honestis</span> <span class='ocrx_word' id='word_1_218' title='bbox 845 2330 967 2391; x_wconf 88' lang='lat' dir='ltr'>credere</span> <span class='ocrx_word' id='word_1_219' title='bbox 979 2349 1079 2390; x_wconf 90' lang='lat' dir='ltr'>omnes</span> 
     </span>
     <span class='ocr_line' id='line_1_27' title="bbox 82 2412 1080 2492; baseline 0 -19"><span class='ocrx_word' id='word_1_220' title='bbox 82 2415 160 2474; x_wconf 79' lang='lat' dir='ltr'>uelit.</span> <span class='ocrx_word' id='word_1_221' title='bbox 194 2414 226 2474; x_wconf 98' lang='lat' dir='ltr'>ln</span> <span class='ocrx_word' id='word_1_222' title='bbox 248 2413 361 2475; x_wconf 91' lang='lat' dir='ltr'>iudiciis</span> <span class='ocrx_word' id='word_1_223' title='bbox 384 2417 458 2474; x_wconf 91' lang='lat' dir='ltr'>eninr</span> <span class='ocrx_word' id='word_1_224' title='bbox 478 2415 568 2492; x_wconf 84' lang='lat' dir='ltr'>vulgo</span> <span class='ocrx_word' id='word_1_225' title='bbox 591 2415 635 2474; x_wconf 85' lang='lat' dir='ltr'>ias</span> <span class='ocrx_word' id='word_1_226' title='bbox 657 2412 780 2472; x_wconf 93' lang='lat' dir='ltr'>habetur</span> <span class='ocrx_word' id='word_1_227' title='bbox 798 2413 950 2491; x_wconf 83' lang='lat' dir='ltr'>indulgere</span> <span class='ocrx_word' id='word_1_228' title='bbox 973 2414 1080 2492; x_wconf 89' lang='lat' dir='ltr'>aliquid</span> 
     </span>
     <span class='ocr_line' id='line_1_28' title="bbox 79 2497 1080 2576; baseline -0.002 -20"><span class='ocrx_word' id='word_1_229' title='bbox 79 2497 174 2558; x_wconf 90' lang='lat' dir='ltr'>studio</span> <span class='ocrx_word' id='word_1_230' title='bbox 198 2515 268 2566; x_wconf 90' lang='lat' dir='ltr'>suo;</span> <span class='ocrx_word' id='word_1_231' title='bbox 302 2499 422 2558; x_wconf 90' lang='lat' dir='ltr'>consilia</span> <span class='ocrx_word' id='word_1_232' title='bbox 448 2516 532 2559; x_wconf 91' lang='lat' dir='ltr'>nemo</span> <span class='ocrx_word' id='word_1_233' title='bbox 556 2507 601 2557; x_wconf 91' lang='lat' dir='ltr'>est</span> <span class='ocrx_word' id='word_1_234' title='bbox 623 2498 671 2576; x_wconf 88' lang='lat' dir='ltr'>qui</span> <span class='ocrx_word' id='word_1_235' title='bbox 693 2505 782 2573; x_wconf 84' lang='lat' dir='ltr'>neget</span> <span class='ocrx_word' id='word_1_236' title='bbox 804 2497 961 2556; x_wconf 88' lang='lat' dir='ltr'>secundum</span> <span class='ocrx_word' id='word_1_237' title='bbox 983 2514 1080 2555; x_wconf 87' lang='lat' dir='ltr'>mores</span> 
     </span>
     <span class='ocr_line' id='line_1_29' title="bbox 79 2582 149 2640; baseline -0.029 0"><span class='ocrx_word' id='word_1_238' title='bbox 79 2582 149 2640; x_wconf 86' lang='lat' dir='ltr'>dari.</span> 
     </span>
    </p>

    <p class='ocr_par' dir='ltr' id='par_1_5' title="bbox 77 2664 1123 3407">
     <span class='ocr_line' id='line_1_30' title="bbox 164 2664 1122 2746; baseline -0.002 -21"><span class='ocrx_word' id='word_1_239' title='bbox 164 2664 340 2725; x_wconf 84' lang='lat' dir='ltr'>Graecorum</span> <span class='ocrx_word' id='word_1_240' title='bbox 362 2668 477 2744; x_wconf 86' lang='lat' dir='ltr'>quidem</span> <span class='ocrx_word' id='word_1_241' title='bbox 501 2665 614 2746; x_wconf 91' lang='lat' dir='ltr'>plurimi</span> <span class='ocrx_word' id='word_1_242' title='bbox 637 2682 722 2724; x_wconf 93' lang='lat' dir='ltr'>omne</span> <span class='ocrx_word' id='word_1_243' title='bbox 744 2664 801 2724; x_wconf 93' lang='lat' dir='ltr'>hoc</span> <span class='ocrx_word' id='word_1_244' title='bbox 825 2664 952 2724; x_wconf 87' lang='lat' dir='ltr'>oldcium</span> <span class='ocrx_word' id='word_1_245' title='bbox 970 2664 1122 2723; x_wconf 77' lang='lat' dir='ltr'>contio-14</span> 
     </span>
     <span class='ocr_line' id='line_1_31' title="bbox 78 2747 1080 2827; baseline -0.002 -20"><span class='ocrx_word' id='word_1_246' title='bbox 78 2748 145 2808; x_wconf 88' lang='lat' dir='ltr'>nale</span> <span class='ocrx_word' id='word_1_247' title='bbox 168 2766 235 2808; x_wconf 91' lang='lat' dir='ltr'>esse</span> <span class='ocrx_word' id='word_1_248' title='bbox 253 2749 451 2810; x_wconf 84' lang='lat' dir='ltr'>iudicauerunt</span> <span class='ocrx_word' id='word_1_249' title='bbox 468 2754 540 2811; x_wconf 93' lang='lat' dir='ltr'>etin</span> <span class='ocrx_word' id='word_1_250' title='bbox 558 2749 622 2809; x_wconf 93' lang='lat' dir='ltr'>sola</span> <span class='ocrx_word' id='word_1_251' title='bbox 639 2747 819 2827; x_wconf 88' lang='lat' dir='ltr'>reipublicae</span> <span class='ocrx_word' id='word_1_252' title='bbox 836 2748 1080 2808; x_wconf 88' lang='lat' dir='ltr'>administratione</span> 
     </span>
     <span class='ocr_line' id='line_1_32' title="bbox 79 2831 1078 2909; baseline -0.002 -19"><span class='ocrx_word' id='word_1_253' title='bbox 79 2841 248 2908; x_wconf 87' lang='lat' dir='ltr'>posuerunt.</span> <span class='ocrx_word' id='word_1_254' title='bbox 290 2831 365 2906; x_wconf 81' lang='lat' dir='ltr'>Quin</span> <span class='ocrx_word' id='word_1_255' title='bbox 383 2844 412 2894; x_wconf 92' lang='lat' dir='ltr'>et</span> <span class='ocrx_word' id='word_1_256' title='bbox 436 2831 540 2895; x_wconf 83' lang='lat' dir='ltr'>Cicero</span> <span class='ocrx_word' id='word_1_257' title='bbox 564 2834 593 2892; x_wconf 93' lang='lat' dir='ltr'>in</span> <span class='ocrx_word' id='word_1_258' title='bbox 614 2832 669 2893; x_wconf 90' lang='lat' dir='ltr'>hac</span> <span class='ocrx_word' id='word_1_259' title='bbox 690 2833 812 2892; x_wconf 89' lang='lat' dir='ltr'>maxime</span> <span class='ocrx_word' id='word_1_260' title='bbox 837 2841 920 2909; x_wconf 90' lang='lat' dir='ltr'>parte</span> <span class='ocrx_word' id='word_1_261' title='bbox 936 2839 1078 2890; x_wconf 87' lang='lat' dir='ltr'>versatur.</span> 
     </span>
     <span class='ocr_line' id='line_1_33' title="bbox 78 2913 1079 2996; baseline 0 -23"><span class='ocrx_word' id='word_1_262' title='bbox 78 2913 208 2994; x_wconf 89' lang='lat' dir='ltr'>ldeoque</span> <span class='ocrx_word' id='word_1_263' title='bbox 225 2917 353 2976; x_wconf 88' lang='lat' dir='ltr'>suasuris</span> <span class='ocrx_word' id='word_1_264' title='bbox 373 2917 410 2977; x_wconf 91' lang='lat' dir='ltr'>de</span> <span class='ocrx_word' id='word_1_265' title='bbox 425 2936 510 2996; x_wconf 88' lang='lat' dir='ltr'>pace,</span> <span class='ocrx_word' id='word_1_266' title='bbox 527 2917 624 2992; x_wconf 89' lang='lat' dir='ltr'>bello,</span> <span class='ocrx_word' id='word_1_267' title='bbox 648 2918 758 2995; x_wconf 93' lang='lat' dir='ltr'>copiis,</span> <span class='ocrx_word' id='word_1_268' title='bbox 781 2916 930 2994; x_wconf 91' lang='lat' dir='ltr'>operibus,</span> <span class='ocrx_word' id='word_1_269' title='bbox 950 2915 1079 2991; x_wconf 83' lang='lat' dir='ltr'>uectiga-</span> 
     </span>
     <span class='ocr_line' id='line_1_34' title="bbox 79 2997 1080 3080; baseline -0.001 -24"><span class='ocrx_word' id='word_1_270' title='bbox 79 2997 153 3057; x_wconf 90' lang='lat' dir='ltr'>libus</span> <span class='ocrx_word' id='word_1_271' title='bbox 175 2999 249 3060; x_wconf 90' lang='lat' dir='ltr'>haee</span> <span class='ocrx_word' id='word_1_272' title='bbox 272 2999 328 3060; x_wconf 93' lang='lat' dir='ltr'>duo</span> <span class='ocrx_word' id='word_1_273' title='bbox 352 3018 420 3061; x_wconf 93' lang='lat' dir='ltr'>esse</span> <span class='ocrx_word' id='word_1_274' title='bbox 441 3004 600 3080; x_wconf 89' lang='lat' dir='ltr'>praecipue</span> <span class='ocrx_word' id='word_1_275' title='bbox 623 3008 690 3060; x_wconf 91' lang='lat' dir='ltr'>nota</span> <span class='ocrx_word' id='word_1_276' title='bbox 712 3000 818 3076; x_wconf 90' lang='lat' dir='ltr'>voluit,</span> <span class='ocrx_word' id='word_1_277' title='bbox 850 3001 928 3060; x_wconf 87' lang='lat' dir='ltr'>uires</span> <span class='ocrx_word' id='word_1_278' title='bbox 956 2998 1080 3059; x_wconf 86' lang='lat' dir='ltr'>civitatis</span> 
     </span>
     <span class='ocr_line' id='line_1_35' title="bbox 79 3081 1079 3163; baseline -0.001 -23"><span class='ocrx_word' id='word_1_279' title='bbox 79 3090 108 3140; x_wconf 94' lang='lat' dir='ltr'>et</span> <span class='ocrx_word' id='word_1_280' title='bbox 132 3099 247 3159; x_wconf 87' lang='lat' dir='ltr'>mores,</span> <span class='ocrx_word' id='word_1_281' title='bbox 279 3091 310 3142; x_wconf 92' lang='lat' dir='ltr'>ut</span> <span class='ocrx_word' id='word_1_282' title='bbox 340 3101 377 3143; x_wconf 92' lang='lat' dir='ltr'>ex</span> <span class='ocrx_word' id='word_1_283' title='bbox 397 3094 497 3146; x_wconf 89' lang='lat' dir='ltr'>natura</span> <span class='ocrx_word' id='word_1_284' title='bbox 527 3104 590 3146; x_wconf 93' lang='lat' dir='ltr'>cum</span> <span class='ocrx_word' id='word_1_285' title='bbox 611 3086 738 3163; x_wconf 89' lang='lat' dir='ltr'>ipsarum</span> <span class='ocrx_word' id='word_1_286' title='bbox 763 3100 859 3142; x_wconf 87' lang='lat' dir='ltr'>rerum</span> <span class='ocrx_word' id='word_1_287' title='bbox 883 3092 940 3143; x_wconf 94' lang='lat' dir='ltr'>tum</span> <span class='ocrx_word' id='word_1_288' title='bbox 963 3081 1079 3142; x_wconf 89' lang='lat' dir='ltr'>audien-</span> 
     </span>
     <span class='ocr_line' id='line_1_36' title="bbox 78 3165 1123 3229; baseline 0.004 -6"><span class='ocrx_word' id='word_1_289' title='bbox 78 3166 147 3225; x_wconf 94' lang='lat' dir='ltr'>tium</span> <span class='ocrx_word' id='word_1_290' title='bbox 174 3168 248 3227; x_wconf 93' lang='lat' dir='ltr'>ratio</span> <span class='ocrx_word' id='word_1_291' title='bbox 276 3166 416 3228; x_wconf 84' lang='lat' dir='ltr'>suadendi</span> <span class='ocrx_word' id='word_1_292' title='bbox 443 3170 608 3229; x_wconf 86' lang='lat' dir='ltr'>duceretur.</span> <span class='ocrx_word' id='word_1_293' title='bbox 653 3166 745 3227; x_wconf 86' lang='lat' dir='ltr'>Nobis</span> <span class='ocrx_word' id='word_1_294' title='bbox 766 3169 857 3226; x_wconf 88' lang='lat' dir='ltr'>maior</span> <span class='ocrx_word' id='word_1_295' title='bbox 882 3169 945 3227; x_wconf 88' lang='lat' dir='ltr'>iure</span> <span class='ocrx_word' id='word_1_296' title='bbox 966 3165 1080 3226; x_wconf 89' lang='lat' dir='ltr'>videtur</span> <span class='ocrx_word' id='word_1_297' title='bbox 1091 3175 1123 3228; x_wconf 80' lang='lat'>15</span> 
     </span>
     <span class='ocr_line' id='line_1_37' title="bbox 77 3250 1081 3329; baseline 0.002 -23"><span class='ocrx_word' id='word_1_298' title='bbox 77 3251 216 3324; x_wconf 86' lang='lat' dir='ltr'>varietas,</span> <span class='ocrx_word' id='word_1_299' title='bbox 239 3267 304 3311; x_wconf 89' lang='lat' dir='ltr'>nam</span> <span class='ocrx_word' id='word_1_300' title='bbox 325 3260 355 3310; x_wconf 89' lang='lat' dir='ltr'>et</span> <span class='ocrx_word' id='word_1_301' title='bbox 378 3253 600 3313; x_wconf 89' lang='lat' dir='ltr'>consultantium</span> <span class='ocrx_word' id='word_1_302' title='bbox 618 3261 648 3311; x_wconf 89' lang='lat' dir='ltr'>et</span> <span class='ocrx_word' id='word_1_303' title='bbox 668 3250 855 3311; x_wconf 90' lang='lat' dir='ltr'>consiliorum</span> <span class='ocrx_word' id='word_1_304' title='bbox 876 3251 997 3329; x_wconf 92' lang='lat' dir='ltr'>plurima</span> <span class='ocrx_word' id='word_1_305' title='bbox 1015 3258 1081 3309; x_wconf 92' lang='lat' dir='ltr'>sunt</span> 
     </span>
     <span class='ocr_line' id='line_1_38' title="bbox 77 3349 199 3407; baseline -0.016 -16"><span class='ocrx_word' id='word_1_306' title='bbox 77 3349 199 3407; x_wconf 73' lang='lat' dir='ltr'>genera.</span> 
     </span>
    </p>

    <p class='ocr_par' dir='ltr' id='par_1_6' title="bbox 164 3414 1079 3496">
     <span class='ocr_line' id='line_1_39' title="bbox 164 3414 1079 3496; baseline 0.002 -22"><span class='ocrx_word' id='word_1_307' title='bbox 164 3414 261 3488; x_wconf 82' lang='lat' dir='ltr'>Quare</span> <span class='ocrx_word' id='word_1_308' title='bbox 278 3417 306 3476; x_wconf 95' lang='lat' dir='ltr'>in</span> <span class='ocrx_word' id='word_1_309' title='bbox 324 3418 351 3476; x_wconf 96' lang='lat' dir='ltr'>in</span> <span class='ocrx_word' id='word_1_310' title='bbox 370 3417 517 3479; x_wconf 88' lang='lat' dir='ltr'>suadendo</span> <span class='ocrx_word' id='word_1_311' title='bbox 538 3427 568 3478; x_wconf 87' lang='lat' dir='ltr'>et</span> <span class='ocrx_word' id='word_1_312' title='bbox 586 3417 779 3478; x_wconf 91' lang='lat' dir='ltr'>dissuadendo</span> <span class='ocrx_word' id='word_1_313' title='bbox 801 3419 854 3477; x_wconf 89' lang='lat' dir='ltr'>tria</span> <span class='ocrx_word' id='word_1_314' title='bbox 874 3419 995 3496; x_wconf 93' lang='lat' dir='ltr'>primnm</span> <span class='ocrx_word' id='word_1_315' title='bbox 1013 3434 1079 3495; x_wconf 91' lang='lat' dir='ltr'>spe·</span> 
     </span>
    </p>
   </div>
   <div class='ocr_carea' id='block_1_5' title="bbox 0 0 1291 4026">
    <p class='ocr_par' dir='ltr' id='par_1_7' title="bbox 0 0 1291 4026">
     <span class='ocr_line' id='line_1_40' title="bbox 0 0 1291 4026; baseline 0 0"><span class='ocrx_word' id='word_1_316' title='bbox 0 0 1291 4026; x_wconf 95' lang='lat' dir='ltr'> </span> 
     </span>
    </p>
   </div>
  </div>
 </body>
</html>
