<?xml version="1.0" encoding="UTF-8"?>
<!DOCTYPE html PUBLIC "-//W3C//DTD XHTML 1.0 Transitional//EN"
    "http://www.w3.org/TR/xhtml1/DTD/xhtml1-transitional.dtd">
<html xmlns="http://www.w3.org/1999/xhtml" xml:lang="en" lang="en">
 <head>
  <title>
</title>
<meta http-equiv="Content-Type" content="text/html;charset=utf-8" />
  <meta name='ocr-system' content='tesseract 3.04.00' />
  <meta name='ocr-capabilities' content='ocr_page ocr_carea ocr_par ocr_line ocrx_word'/>
</head>
<body>
  <div class='ocr_page' id='page_1' title='image "./mfabiiquintilia00bonngoog/mfabiiquintilia00bonngoog_0302.png"; bbox 0 0 2566 4026; ppageno 0'>
   <div class='ocr_carea' id='block_1_1' title="bbox 332 192 1064 270">
    <p class='ocr_par' dir='ltr' id='par_1_1' title="bbox 332 192 1064 270">
     <span class='ocr_line' id='line_1_1' title="bbox 332 192 1064 270; baseline 0.005 -19"><span class='ocrx_word' id='word_1_1' title='bbox 332 205 422 252; x_wconf 76' lang='lat' dir='ltr'>rus-r.</span> <span class='ocrx_word' id='word_1_2' title='bbox 440 204 591 253; x_wconf 81' lang='lat' dir='ltr'>onnuon.</span> <span class='ocrx_word' id='word_1_3' title='bbox 608 204 679 251; x_wconf 81' lang='lat' dir='ltr'>nm.</span> <span class='ocrx_word' id='word_1_4' title='bbox 696 204 749 270; x_wconf 87' lang='lat' dir='ltr'>vr,</span> <span class='ocrx_word' id='word_1_5' title='bbox 764 199 790 253; x_wconf 83' lang='lat' dir='ltr'>a.</span> <span class='ocrx_word' id='word_1_6' title='bbox 1000 192 1064 256; x_wconf 81' lang='lat'>275</span> 
     </span>
    </p>
   </div>
   <div class='ocr_carea' id='block_1_2' title="bbox 57 357 1108 3126">
    <p class='ocr_par' dir='ltr' id='par_1_2' title="bbox 58 357 1107 1613">
     <span class='ocr_line' id='line_1_2' title="bbox 59 357 1065 439; baseline 0.001 -17"><span class='ocrx_word' id='word_1_7' title='bbox 59 361 147 435; x_wconf 86' lang='lat' dir='ltr'>tibus,</span> <span class='ocrx_word' id='word_1_8' title='bbox 168 361 245 439; x_wconf 84' lang='lat' dir='ltr'>quod</span> <span class='ocrx_word' id='word_1_9' title='bbox 261 361 469 438; x_wconf 80' lang='lat' dir='ltr'>sexagenarius</span> <span class='ocrx_word' id='word_1_10' title='bbox 488 357 639 419; x_wconf 84' lang='lat' dir='ltr'>Publiliam</span> <span class='ocrx_word' id='word_1_11' title='bbox 653 360 794 434; x_wconf 82' lang='lat' dir='ltr'>virginem</span> <span class='ocrx_word' id='word_1_12' title='bbox 809 358 957 436; x_wconf 85' lang='lat' dir='ltr'>duxisset,</span> <span class='ocrx_word' id='word_1_13' title='bbox 985 357 1065 423; x_wconf 85' lang='lat' dir='ltr'>Cras</span> 
     </span>
     <span class='ocr_line' id='line_1_3' title="bbox 58 442 1107 523; baseline -0.003 -15"><span class='ocrx_word' id='word_1_14' title='bbox 58 446 170 508; x_wconf 79' lang='lat' dir='ltr'>muter</span> <span class='ocrx_word' id='word_1_15' title='bbox 185 448 259 521; x_wconf 70' lang='lat' dir='ltr'>erit,</span> <span class='ocrx_word' id='word_1_16' title='bbox 280 447 380 523; x_wconf 88' lang='lat' dir='ltr'>inquit.</span> <span class='ocrx_word' id='word_1_17' title='bbox 415 442 480 501; x_wconf 90' lang='lat' dir='ltr'>Hoc</span> <span class='ocrx_word' id='word_1_18' title='bbox 499 460 592 520; x_wconf 90' lang='lat' dir='ltr'>genus</span> <span class='ocrx_word' id='word_1_19' title='bbox 615 443 683 503; x_wconf 90' lang='lat' dir='ltr'>dicti</span> <span class='ocrx_word' id='word_1_20' title='bbox 706 459 945 521; x_wconf 78' lang='lat' dir='ltr'>consequeus</span> <span class='ocrx_word' id='word_1_21' title='bbox 959 454 1107 513; x_wconf 74' lang='lat' dir='ltr'>vocanttfi</span> 
     </span>
     <span class='ocr_line' id='line_1_4' title="bbox 60 524 1064 608; baseline 0.003 -20"><span class='ocrx_word' id='word_1_22' title='bbox 60 529 186 608; x_wconf 79' lang='lat' dir='ltr'>quidam,</span> <span class='ocrx_word' id='word_1_23' title='bbox 203 538 289 606; x_wconf 88' lang='lat' dir='ltr'>atque</span> <span class='ocrx_word' id='word_1_24' title='bbox 306 528 350 587; x_wconf 90' lang='lat' dir='ltr'>illi</span> <span class='ocrx_word' id='word_1_25' title='bbox 365 527 474 602; x_wconf 89' lang='lat' dir='ltr'>simi-le,</span> <span class='ocrx_word' id='word_1_26' title='bbox 501 525 578 604; x_wconf 88' lang='lat' dir='ltr'>quod</span> <span class='ocrx_word' id='word_1_27' title='bbox 598 524 703 587; x_wconf 89' lang='lat' dir='ltr'>Cicero</span> <span class='ocrx_word' id='word_1_28' title='bbox 721 524 875 587; x_wconf 73' lang='lat' dir='ltr'><strong>Curionem</strong></span> <span class='ocrx_word' id='word_1_29' title='bbox 896 545 1013 608; x_wconf 79' lang='lat' dir='ltr'>semper</span> <span class='ocrx_word' id='word_1_30' title='bbox 1029 529 1064 591; x_wconf 89' lang='lat' dir='ltr'>ab</span> 
     </span>
     <span class='ocr_line' id='line_1_5' title="bbox 60 611 1065 690; baseline 0.002 -18"><span class='ocrx_word' id='word_1_31' title='bbox 60 613 251 673; x_wconf 83' lang='lat' dir='ltr'>excusatione</span> <span class='ocrx_word' id='word_1_32' title='bbox 267 615 370 672; x_wconf 89' lang='lat' dir='ltr'>aetatis</span> <span class='ocrx_word' id='word_1_33' title='bbox 385 613 586 690; x_wconf 81' lang='lat' dir='ltr'>incipientem,</span> <span class='ocrx_word' id='word_1_34' title='bbox 603 611 730 689; x_wconf 69' lang='lat' dir='ltr'>[acidus</span> <span class='ocrx_word' id='word_1_35' title='bbox 746 612 858 672; x_wconf 79' lang='lat' dir='ltr'>cotidie</span> <span class='ocrx_word' id='word_1_36' title='bbox 876 615 1065 690; x_wconf 81' lang='lat' dir='ltr'>prooemium</span> 
     </span>
     <span class='ocr_line' id='line_1_6' title="bbox 59 695 1063 774; baseline -0.004 -15"><span class='ocrx_word' id='word_1_37' title='bbox 59 697 187 772; x_wconf 85' lang='lat' dir='ltr'>babere,</span> <span class='ocrx_word' id='word_1_38' title='bbox 206 697 291 764; x_wconf 89' lang='lat' dir='ltr'>dixit;</span> <span class='ocrx_word' id='word_1_39' title='bbox 314 698 380 774; x_wconf 88' lang='lat' dir='ltr'>quia</span> <span class='ocrx_word' id='word_1_40' title='bbox 392 697 446 755; x_wconf 92' lang='lat' dir='ltr'>ista</span> <span class='ocrx_word' id='word_1_41' title='bbox 460 703 561 756; x_wconf 90' lang='lat' dir='ltr'>natura</span> <span class='ocrx_word' id='word_1_42' title='bbox 577 696 661 773; x_wconf 89' lang='lat' dir='ltr'>sequi</span> <span class='ocrx_word' id='word_1_43' title='bbox 680 701 709 754; x_wconf 92' lang='lat' dir='ltr'>et</span> <span class='ocrx_word' id='word_1_44' title='bbox 724 695 885 755; x_wconf 89' lang='lat' dir='ltr'>cohaerere</span> <span class='ocrx_word' id='word_1_45' title='bbox 901 695 1063 757; x_wconf 87' lang='lat' dir='ltr'>videantur.</span> 
     </span>
     <span class='ocr_line' id='line_1_7' title="bbox 59 779 1107 859; baseline -0.002 -17"><span class='ocrx_word' id='word_1_46' title='bbox 59 780 120 842; x_wconf 84' lang='lat' dir='ltr'>Sed</span> <span class='ocrx_word' id='word_1_47' title='bbox 139 779 272 840; x_wconf 89' lang='lat' dir='ltr'>elevandi</span> <span class='ocrx_word' id='word_1_48' title='bbox 293 797 386 858; x_wconf 86' lang='lat' dir='ltr'>genus</span> <span class='ocrx_word' id='word_1_49' title='bbox 412 786 457 838; x_wconf 90' lang='lat' dir='ltr'>est</span> <span class='ocrx_word' id='word_1_50' title='bbox 485 781 571 839; x_wconf 90' lang='lat' dir='ltr'>etiam</span> <span class='ocrx_word' id='word_1_51' title='bbox 595 797 787 838; x_wconf 90' lang='lat' dir='ltr'>causarum</span> <span class='ocrx_word' id='word_1_52' title='bbox 801 779 924 855; x_wconf 90' lang='lat' dir='ltr'>relatio,</span> <span class='ocrx_word' id='word_1_53' title='bbox 944 799 1000 859; x_wconf 87' lang='lat' dir='ltr'>qua</span> <span class='ocrx_word' id='word_1_54' title='bbox 1017 779 1107 849; x_wconf 77' lang='lat' dir='ltr'>Ci-tt</span> 
     </span>
     <span class='ocr_line' id='line_1_8' title="bbox 60 862 1092 940; baseline 0 -15"><span class='ocrx_word' id='word_1_55' title='bbox 60 881 132 925; x_wconf 89' lang='lat' dir='ltr'>cero</span> <span class='ocrx_word' id='word_1_56' title='bbox 153 873 199 923; x_wconf 89' lang='lat' dir='ltr'>est</span> <span class='ocrx_word' id='word_1_57' title='bbox 220 882 290 924; x_wconf 92' lang='lat' dir='ltr'>usus</span> <span class='ocrx_word' id='word_1_58' title='bbox 310 866 339 922; x_wconf 90' lang='lat' dir='ltr'>in</span> <span class='ocrx_word' id='word_1_59' title='bbox 357 863 511 923; x_wconf 79' lang='lat' dir='ltr'>Vatinium.</span> <span class='ocrx_word' id='word_1_60' title='bbox 550 862 605 936; x_wconf 83' lang='lat' dir='ltr'>Qui</span> <span class='ocrx_word' id='word_1_61' title='bbox 623 862 745 940; x_wconf 92' lang='lat' dir='ltr'>pedibus</span> <span class='ocrx_word' id='word_1_62' title='bbox 762 880 869 940; x_wconf 87' lang='lat' dir='ltr'>aeger,</span> <span class='ocrx_word' id='word_1_63' title='bbox 893 882 956 923; x_wconf 91' lang='lat' dir='ltr'>cum</span> <span class='ocrx_word' id='word_1_64' title='bbox 971 865 1065 925; x_wconf 86' lang='lat' dir='ltr'>vellet</span> <span class='ocrx_word' id='word_1_65' title='bbox 1090 929 1092 932; x_wconf 11' lang='grc' dir='ltr'><em>Α</em></span> 
     </span>
     <span class='ocr_line' id='line_1_9' title="bbox 59 947 1065 1023; baseline 0.001 -15"><span class='ocrx_word' id='word_1_66' title='bbox 59 948 153 1008; x_wconf 86' lang='lat' dir='ltr'>rideri</span> <span class='ocrx_word' id='word_1_67' title='bbox 169 948 372 1007; x_wconf 81' lang='lat' dir='ltr'>commodioris</span> <span class='ocrx_word' id='word_1_68' title='bbox 388 947 561 1007; x_wconf 89' lang='lat' dir='ltr'>valetudinis</span> <span class='ocrx_word' id='word_1_69' title='bbox 576 947 669 1006; x_wconf 87' lang='lat' dir='ltr'>factus</span> <span class='ocrx_word' id='word_1_70' title='bbox 688 956 716 1005; x_wconf 93' lang='lat' dir='ltr'>et</span> <span class='ocrx_word' id='word_1_71' title='bbox 731 947 857 1023; x_wconf 88' lang='lat' dir='ltr'>diceret,</span> <span class='ocrx_word' id='word_1_72' title='bbox 874 966 908 1007; x_wconf 87' lang='lat' dir='ltr'>sc</span> <span class='ocrx_word' id='word_1_73' title='bbox 925 948 981 1007; x_wconf 87' lang='lat' dir='ltr'>ianr</span> <span class='ocrx_word' id='word_1_74' title='bbox 997 949 1065 1011; x_wconf 89' lang='lat' dir='ltr'>bina</span> 
     </span>
     <span class='ocr_line' id='line_1_10' title="bbox 58 1029 1065 1111; baseline 0.002 -18"><span class='ocrx_word' id='word_1_75' title='bbox 58 1032 138 1093; x_wconf 87' lang='lat' dir='ltr'>milia</span> <span class='ocrx_word' id='word_1_76' title='bbox 153 1049 289 1110; x_wconf 88' lang='lat' dir='ltr'>passuum</span> <span class='ocrx_word' id='word_1_77' title='bbox 305 1031 469 1106; x_wconf 91' lang='lat' dir='ltr'>ambulare,</span> <span class='ocrx_word' id='word_1_78' title='bbox 484 1029 560 1091; x_wconf 83' lang='lat' dir='ltr'>Dr&#39;er</span> <span class='ocrx_word' id='word_1_79' title='bbox 575 1031 672 1108; x_wconf 76' lang='lat' dir='ltr'>cuim,</span> <span class='ocrx_word' id='word_1_80' title='bbox 693 1032 800 1108; x_wconf 86' lang='lat' dir='ltr'>inquit,</span> <span class='ocrx_word' id='word_1_81' title='bbox 820 1033 972 1111; x_wconf 68' lang='lat' dir='ltr'>locutores</span> <span class='ocrx_word' id='word_1_82' title='bbox 984 1041 1065 1095; x_wconf 83' lang='lat' dir='ltr'>surtt.</span> 
     </span>
     <span class='ocr_line' id='line_1_11' title="bbox 60 1113 1065 1193; baseline 0.001 -18"><span class='ocrx_word' id='word_1_83' title='bbox 60 1114 98 1175; x_wconf 85' lang='lat' dir='ltr'>Et</span> <span class='ocrx_word' id='word_1_84' title='bbox 120 1115 271 1192; x_wconf 83' lang='lat' dir='ltr'>Augustus</span> <span class='ocrx_word' id='word_1_85' title='bbox 292 1114 485 1175; x_wconf 81' lang='lat' dir='ltr'>nuntiantibus</span> <span class='ocrx_word' id='word_1_86' title='bbox 507 1113 793 1191; x_wconf 74' lang='lat' dir='ltr'>Tarraconensibus,</span> <span class='ocrx_word' id='word_1_87' title='bbox 817 1115 940 1193; x_wconf 90' lang='lat' dir='ltr'>palmam</span> <span class='ocrx_word' id='word_1_88' title='bbox 964 1119 993 1176; x_wconf 91' lang='lat' dir='ltr'>in</span> <span class='ocrx_word' id='word_1_89' title='bbox 1015 1134 1065 1176; x_wconf 87' lang='lat' dir='ltr'>ara</span> 
     </span>
     <span class='ocr_line' id='line_1_12' title="bbox 61 1197 1064 1279; baseline 0.001 -19"><span class='ocrx_word' id='word_1_90' title='bbox 61 1202 123 1260; x_wconf 85' lang='lat' dir='ltr'>cius</span> <span class='ocrx_word' id='word_1_91' title='bbox 151 1210 278 1274; x_wconf 89' lang='lat' dir='ltr'>enatam,</span> <span class='ocrx_word' id='word_1_92' title='bbox 304 1197 458 1279; x_wconf 77' lang='lat' dir='ltr'>Apparet,</span> <span class='ocrx_word' id='word_1_93' title='bbox 492 1199 599 1277; x_wconf 84' lang='lat' dir='ltr'>inquit,</span> <span class='ocrx_word' id='word_1_94' title='bbox 632 1217 725 1276; x_wconf 85' lang='lat' dir='ltr'>quam</span> <span class='ocrx_word' id='word_1_95' title='bbox 753 1218 848 1278; x_wconf 85' lang='lat' dir='ltr'>saepe</span> <span class='ocrx_word' id='word_1_96' title='bbox 872 1202 1064 1262; x_wconf 80' lang='lat' dir='ltr'>accendatis.</span> 
     </span>
     <span class='ocr_line' id='line_1_13' title="bbox 60 1280 1107 1361; baseline 0 -17"><span class='ocrx_word' id='word_1_97' title='bbox 60 1282 273 1344; x_wconf 82' lang='lat' dir='ltr'>Transtulit</span> <span class='ocrx_word' id='word_1_98' title='bbox 296 1285 403 1342; x_wconf 89' lang='lat' dir='ltr'>crimen</span> <span class='ocrx_word' id='word_1_99' title='bbox 420 1281 538 1342; x_wconf 89' lang='lat' dir='ltr'>Cassius</span> <span class='ocrx_word' id='word_1_100' title='bbox 553 1282 691 1342; x_wconf 88' lang='lat' dir='ltr'>Severus.</span> <span class='ocrx_word' id='word_1_101' title='bbox 727 1280 800 1342; x_wconf 91' lang='lat' dir='ltr'>Nam</span> <span class='ocrx_word' id='word_1_102' title='bbox 816 1302 880 1343; x_wconf 91' lang='lat' dir='ltr'>cum</span> <span class='ocrx_word' id='word_1_103' title='bbox 895 1283 1107 1361; x_wconf 78' lang='lat' dir='ltr'>obiurgare-78</span> 
     </span>
     <span class='ocr_line' id='line_1_14' title="bbox 59 1365 1064 1446; baseline 0.001 -19"><span class='ocrx_word' id='word_1_104' title='bbox 59 1376 106 1427; x_wconf 88' lang='lat' dir='ltr'>tur</span> <span class='ocrx_word' id='word_1_105' title='bbox 121 1385 138 1427; x_wconf 94' lang='lat' dir='ltr'>a</span> <span class='ocrx_word' id='word_1_106' title='bbox 154 1375 308 1446; x_wconf 90' lang='lat' dir='ltr'>praetore,</span> <span class='ocrx_word' id='word_1_107' title='bbox 330 1367 408 1444; x_wconf 90' lang='lat' dir='ltr'>quod</span> <span class='ocrx_word' id='word_1_108' title='bbox 423 1366 556 1426; x_wconf 90' lang='lat' dir='ltr'>advocati</span> <span class='ocrx_word' id='word_1_109' title='bbox 578 1366 640 1425; x_wconf 91' lang='lat' dir='ltr'>eius</span> <span class='ocrx_word' id='word_1_110' title='bbox 658 1365 689 1425; x_wconf 87' lang='lat' dir='ltr'>b.</span> <span class='ocrx_word' id='word_1_111' title='bbox 706 1365 784 1426; x_wconf 88' lang='lat' dir='ltr'>Varo</span> <span class='ocrx_word' id='word_1_112' title='bbox 801 1366 967 1444; x_wconf 87' lang='lat' dir='ltr'>Epicureo,</span> <span class='ocrx_word' id='word_1_113' title='bbox 990 1365 1064 1428; x_wconf 90' lang='lat' dir='ltr'>Cac-</span> 
     </span>
     <span class='ocr_line' id='line_1_15' title="bbox 59 1447 1064 1529; baseline 0.004 -19"><span class='ocrx_word' id='word_1_114' title='bbox 59 1454 134 1511; x_wconf 90' lang='lat' dir='ltr'>saris</span> <span class='ocrx_word' id='word_1_115' title='bbox 155 1453 259 1526; x_wconf 89' lang='lat' dir='ltr'>amico,</span> <span class='ocrx_word' id='word_1_116' title='bbox 277 1452 437 1510; x_wconf 91' lang='lat' dir='ltr'>convicium</span> <span class='ocrx_word' id='word_1_117' title='bbox 449 1450 606 1527; x_wconf 86' lang='lat' dir='ltr'>fecissent,</span> <span class='ocrx_word' id='word_1_118' title='bbox 623 1447 752 1526; x_wconf 75' lang='lat' dir='ltr'>Nescio,</span> <span class='ocrx_word' id='word_1_119' title='bbox 768 1453 873 1529; x_wconf 84' lang='lat' dir='ltr'>inquit,</span> <span class='ocrx_word' id='word_1_120' title='bbox 891 1453 944 1529; x_wconf 80' lang='lat' dir='ltr'>qui</span> <span class='ocrx_word' id='word_1_121' title='bbox 959 1455 1064 1514; x_wconf 82' lang='lat' dir='ltr'>conai-</span> 
     </span>
     <span class='ocr_line' id='line_1_16' title="bbox 60 1533 607 1613; baseline 0.002 -16"><span class='ocrx_word' id='word_1_122' title='bbox 60 1535 135 1597; x_wconf 84' lang='lat' dir='ltr'>cr&#39;ati</span> <span class='ocrx_word' id='word_1_123' title='bbox 149 1537 219 1611; x_wconf 79' lang='lat' dir='ltr'>siut,</span> <span class='ocrx_word' id='word_1_124' title='bbox 236 1544 264 1596; x_wconf 85' lang='lat' dir='ltr'>et</span> <span class='ocrx_word' id='word_1_125' title='bbox 277 1545 350 1613; x_wconf 86' lang='lat' dir='ltr'>puto</span> <span class='ocrx_word' id='word_1_126' title='bbox 365 1533 485 1597; x_wconf 84' lang='lat' dir='ltr'>Stoicos</span> <span class='ocrx_word' id='word_1_127' title='bbox 501 1535 607 1613; x_wconf 79' lang='lat' dir='ltr'>fuisse.</span> 
     </span>
    </p>

    <p class='ocr_par' dir='ltr' id='par_1_3' title="bbox 57 1616 1108 3126">
     <span class='ocr_line' id='line_1_17' title="bbox 145 1616 1063 1696; baseline 0.001 -19"><span class='ocrx_word' id='word_1_128' title='bbox 145 1616 446 1695; x_wconf 84' lang='lat' dir='ltr'>Repercutiendl</span> <span class='ocrx_word' id='word_1_129' title='bbox 466 1618 554 1678; x_wconf 95' lang='lat' dir='ltr'>multa</span> <span class='ocrx_word' id='word_1_130' title='bbox 580 1626 644 1678; x_wconf 91' lang='lat' dir='ltr'>suot</span> <span class='ocrx_word' id='word_1_131' title='bbox 669 1636 795 1696; x_wconf 89' lang='lat' dir='ltr'>genera,</span> <span class='ocrx_word' id='word_1_132' title='bbox 819 1621 1063 1696; x_wconf 87' lang='lat' dir='ltr'>venustissimum,</span> 
     </span>
     <span class='ocr_line' id='line_1_18' title="bbox 61 1702 1063 1781; baseline -0.001 -18"><span class='ocrx_word' id='word_1_133' title='bbox 61 1702 139 1781; x_wconf 87' lang='lat' dir='ltr'>quod</span> <span class='ocrx_word' id='word_1_134' title='bbox 156 1705 241 1762; x_wconf 92' lang='lat' dir='ltr'>etiam</span> <span class='ocrx_word' id='word_1_135' title='bbox 257 1703 441 1765; x_wconf 84' lang='lat' dir='ltr'>similitudine</span> <span class='ocrx_word' id='word_1_136' title='bbox 461 1703 556 1781; x_wconf 86' lang='lat' dir='ltr'>aliqua</span> <span class='ocrx_word' id='word_1_137' title='bbox 571 1702 655 1762; x_wconf 87' lang='lat' dir='ltr'>verbi</span> <span class='ocrx_word' id='word_1_138' title='bbox 672 1703 837 1763; x_wconf 90' lang='lat' dir='ltr'>adiuvatur:</span> <span class='ocrx_word' id='word_1_139' title='bbox 860 1712 891 1763; x_wconf 95' lang='lat' dir='ltr'>ut</span> <span class='ocrx_word' id='word_1_140' title='bbox 904 1702 1063 1763; x_wconf 84' lang='lat' dir='ltr'>Trachalus</span> 
     </span>
     <span class='ocr_line' id='line_1_19' title="bbox 60 1786 1062 1864; baseline -0.002 -15"><span class='ocrx_word' id='word_1_141' title='bbox 60 1787 168 1849; x_wconf 86' lang='lat' dir='ltr'>dicenti</span> <span class='ocrx_word' id='word_1_142' title='bbox 185 1787 297 1862; x_wconf 89' lang='lat' dir='ltr'>Suelio,</span> <span class='ocrx_word' id='word_1_143' title='bbox 312 1786 348 1848; x_wconf 80' lang='lat' dir='ltr'>st</span> <span class='ocrx_word' id='word_1_144' title='bbox 360 1789 416 1849; x_wconf 85' lang='lat' dir='ltr'>boc</span> <span class='ocrx_word' id='word_1_145' title='bbox 431 1789 475 1848; x_wconf 81' lang='lat' dir='ltr'>ila</span> <span class='ocrx_word' id='word_1_146' title='bbox 491 1796 552 1863; x_wconf 85' lang='lat' dir='ltr'>cst,</span> <span class='ocrx_word' id='word_1_147' title='bbox 571 1788 601 1848; x_wconf 79' lang='lat' dir='ltr'>is</span> <span class='ocrx_word' id='word_1_148' title='bbox 613 1790 646 1848; x_wconf 80' lang='lat' dir='ltr'>im</span> <span class='ocrx_word' id='word_1_149' title='bbox 659 1789 802 1855; x_wconf 68' lang='lat' dir='ltr'>acilium</span> <span class='ocrx_word' id='word_1_150' title='bbox 821 1788 850 1848; x_wconf 80' lang='grc' dir='ltr'>εἰ</span> <span class='ocrx_word' id='word_1_151' title='bbox 869 1807 930 1850; x_wconf 85' lang='lat' dir='ltr'>mort</span> <span class='ocrx_word' id='word_1_152' title='bbox 948 1795 992 1849; x_wconf 82' lang='lat' dir='ltr'>cot</span> <span class='ocrx_word' id='word_1_153' title='bbox 1006 1789 1062 1864; x_wconf 82' lang='lat' dir='ltr'>itu,</span> 
     </span>
     <span class='ocr_line' id='line_1_20' title="bbox 59 1869 1105 1950; baseline -0.001 -18"><span class='ocrx_word' id='word_1_154' title='bbox 59 1872 163 1946; x_wconf 78' lang='lat' dir='ltr'>redis,</span> <span class='ocrx_word' id='word_1_155' title='bbox 186 1873 286 1948; x_wconf 87' lang='lat' dir='ltr'>inquit.</span> <span class='ocrx_word' id='word_1_156' title='bbox 325 1870 447 1930; x_wconf 88' lang='lat' dir='ltr'>Elusit</span> <span class='ocrx_word' id='word_1_157' title='bbox 468 1869 586 1931; x_wconf 90' lang='lat' dir='ltr'>Cassius</span> <span class='ocrx_word' id='word_1_158' title='bbox 607 1872 735 1931; x_wconf 87' lang='lat' dir='ltr'>Sevcms</span> <span class='ocrx_word' id='word_1_159' title='bbox 758 1871 914 1931; x_wconf 91' lang='lat' dir='ltr'>obiiciente</span> <span class='ocrx_word' id='word_1_160' title='bbox 929 1872 1105 1950; x_wconf 81' lang='lat' dir='ltr'>quodam,79</span> 
     </span>
     <span class='ocr_line' id='line_1_21' title="bbox 61 1955 1062 2034; baseline -0.001 -20"><span class='ocrx_word' id='word_1_161' title='bbox 61 1955 139 2033; x_wconf 89' lang='lat' dir='ltr'>quod</span> <span class='ocrx_word' id='word_1_162' title='bbox 162 1955 188 2014; x_wconf 90' lang='lat' dir='ltr'>ei</span> <span class='ocrx_word' id='word_1_163' title='bbox 211 1955 296 2014; x_wconf 93' lang='lat' dir='ltr'>domo</span> <span class='ocrx_word' id='word_1_164' title='bbox 320 1974 371 2015; x_wconf 92' lang='lat' dir='ltr'>sua</span> <span class='ocrx_word' id='word_1_165' title='bbox 403 1955 573 2015; x_wconf 90' lang='lat' dir='ltr'>Proculeius</span> <span class='ocrx_word' id='word_1_166' title='bbox 604 1956 819 2030; x_wconf 85' lang='lat' dir='ltr'>interdixisset,</span> <span class='ocrx_word' id='word_1_167' title='bbox 845 1955 1062 2034; x_wconf 90' lang='lat' dir='ltr'>respondendo,</span> 
     </span>
     <span class='ocr_line' id='line_1_22' title="bbox 58 2036 1064 2116; baseline -0.001 -18"><span class='ocrx_word' id='word_1_168' title='bbox 58 2036 216 2116; x_wconf 76' lang='lat' dir='ltr'>Numquid</span> <span class='ocrx_word' id='word_1_169' title='bbox 231 2058 302 2116; x_wconf 81' lang='lat' dir='ltr'>erpo</span> <span class='ocrx_word' id='word_1_170' title='bbox 316 2041 389 2101; x_wconf 80' lang='lat' dir='ltr'>illuc</span> <span class='ocrx_word' id='word_1_171' title='bbox 404 2041 542 2100; x_wconf 80' lang='lat' dir='ltr'>accedo?</span> <span class='ocrx_word' id='word_1_172' title='bbox 571 2039 620 2099; x_wconf 90' lang='lat' dir='ltr'>Sic</span> <span class='ocrx_word' id='word_1_173' title='bbox 640 2039 765 2100; x_wconf 91' lang='lat' dir='ltr'>eluditur</span> <span class='ocrx_word' id='word_1_174' title='bbox 784 2048 813 2099; x_wconf 90' lang='lat' dir='ltr'>et</span> <span class='ocrx_word' id='word_1_175' title='bbox 831 2038 983 2099; x_wconf 87' lang='lat' dir='ltr'>ridiculum</span> <span class='ocrx_word' id='word_1_176' title='bbox 997 2039 1064 2098; x_wconf 91' lang='lat' dir='ltr'>ridi·</span> 
     </span>
     <span class='ocr_line' id='line_1_23' title="bbox 61 2120 1063 2200; baseline -0.002 -17"><span class='ocrx_word' id='word_1_177' title='bbox 61 2120 146 2183; x_wconf 89' lang='lat' dir='ltr'>culo:</span> <span class='ocrx_word' id='word_1_178' title='bbox 171 2131 201 2180; x_wconf 93' lang='lat' dir='ltr'>ut</span> <span class='ocrx_word' id='word_1_179' title='bbox 218 2122 299 2181; x_wconf 91' lang='lat' dir='ltr'>divus</span> <span class='ocrx_word' id='word_1_180' title='bbox 314 2122 480 2200; x_wconf 81' lang='lat' dir='ltr'>Augustus,</span> <span class='ocrx_word' id='word_1_181' title='bbox 498 2141 562 2182; x_wconf 90' lang='lat' dir='ltr'>cum</span> <span class='ocrx_word' id='word_1_182' title='bbox 582 2125 609 2181; x_wconf 92' lang='lat' dir='ltr'>ei</span> <span class='ocrx_word' id='word_1_183' title='bbox 626 2122 700 2183; x_wconf 87' lang='lat' dir='ltr'>Galli</span> <span class='ocrx_word' id='word_1_184' title='bbox 715 2132 848 2200; x_wconf 88' lang='lat' dir='ltr'>torquem</span> <span class='ocrx_word' id='word_1_185' title='bbox 863 2140 981 2182; x_wconf 89' lang='lat' dir='ltr'>aureum</span> <span class='ocrx_word' id='word_1_186' title='bbox 997 2141 1063 2181; x_wconf 91' lang='lat' dir='ltr'>cen·</span> 
     </span>
     <span class='ocr_line' id='line_1_24' title="bbox 58 2204 1065 2285; baseline -0.001 -19"><span class='ocrx_word' id='word_1_187' title='bbox 58 2216 119 2266; x_wconf 88' lang='lat' dir='ltr'>tum</span> <span class='ocrx_word' id='word_1_188' title='bbox 134 2206 231 2284; x_wconf 93' lang='lat' dir='ltr'>pondo</span> <span class='ocrx_word' id='word_1_189' title='bbox 250 2207 407 2280; x_wconf 85' lang='lat' dir='ltr'>dedissent,</span> <span class='ocrx_word' id='word_1_190' title='bbox 421 2215 449 2264; x_wconf 89' lang='lat' dir='ltr'>et</span> <span class='ocrx_word' id='word_1_191' title='bbox 464 2204 620 2265; x_wconf 89' lang='lat' dir='ltr'>Dolabella</span> <span class='ocrx_word' id='word_1_192' title='bbox 636 2223 690 2284; x_wconf 94' lang='lat' dir='ltr'>per</span> <span class='ocrx_word' id='word_1_193' title='bbox 704 2207 800 2265; x_wconf 91' lang='lat' dir='ltr'>iocum</span> <span class='ocrx_word' id='word_1_194' title='bbox 814 2215 957 2285; x_wconf 89' lang='lat' dir='ltr'>temptans</span> <span class='ocrx_word' id='word_1_195' title='bbox 969 2213 1065 2265; x_wconf 89' lang='lat' dir='ltr'>tamen</span> 
     </span>
     <span class='ocr_line' id='line_1_25' title="bbox 58 2287 1064 2367; baseline -0.001 -18"><span class='ocrx_word' id='word_1_196' title='bbox 58 2291 117 2351; x_wconf 89' lang='lat' dir='ltr'>ioci</span> <span class='ocrx_word' id='word_1_197' title='bbox 133 2291 178 2351; x_wconf 91' lang='lat' dir='ltr'>sui</span> <span class='ocrx_word' id='word_1_198' title='bbox 198 2300 330 2350; x_wconf 89' lang='lat' dir='ltr'>eventum</span> <span class='ocrx_word' id='word_1_199' title='bbox 346 2291 477 2364; x_wconf 88' lang='lat' dir='ltr'>dixisset,</span> <span class='ocrx_word' id='word_1_200' title='bbox 493 2287 678 2366; x_wconf 82' lang='lat' dir='ltr'>Imperator,</span> <span class='ocrx_word' id='word_1_201' title='bbox 695 2297 801 2367; x_wconf 83' lang='lat' dir='ltr'>torque</span> <span class='ocrx_word' id='word_1_202' title='bbox 818 2309 865 2351; x_wconf 85' lang='lat' dir='ltr'>me</span> <span class='ocrx_word' id='word_1_203' title='bbox 882 2292 982 2351; x_wconf 83' lang='lat' dir='ltr'>dona:</span> <span class='ocrx_word' id='word_1_204' title='bbox 997 2287 1064 2349; x_wconf 84' lang='lat' dir='ltr'>Ma-</span> 
     </span>
     <span class='ocr_line' id='line_1_26' title="bbox 58 2371 1108 2452; baseline -0.003 -16"><span class='ocrx_word' id='word_1_205' title='bbox 58 2375 98 2451; x_wconf 83' lang='lat' dir='ltr'>la,</span> <span class='ocrx_word' id='word_1_206' title='bbox 115 2374 217 2451; x_wconf 88' lang='lat' dir='ltr'>inquit,</span> <span class='ocrx_word' id='word_1_207' title='bbox 235 2384 281 2435; x_wconf 84' lang='lat' dir='ltr'>ter</span> <span class='ocrx_word' id='word_1_208' title='bbox 297 2375 397 2434; x_wconf 80' lang='lat' dir='ltr'>ciuica</span> <span class='ocrx_word' id='word_1_209' title='bbox 415 2375 554 2442; x_wconf 85' lang='lat' dir='ltr'>douare‚·</span> <span class='ocrx_word' id='word_1_210' title='bbox 569 2373 748 2432; x_wconf 92' lang='lat' dir='ltr'>mendacium</span> <span class='ocrx_word' id='word_1_211' title='bbox 768 2389 886 2452; x_wconf 88' lang='lat' dir='ltr'>quoque</span> <span class='ocrx_word' id='word_1_212' title='bbox 902 2371 1108 2447; x_wconf 65' lang='lat' dir='ltr'>mendacioso</span> 
     </span>
     <span class='ocr_line' id='line_1_27' title="bbox 58 2455 1063 2536; baseline -0.004 -19"><span class='ocrx_word' id='word_1_213' title='bbox 58 2467 89 2517; x_wconf 86' lang='lat' dir='ltr'>ut</span> <span class='ocrx_word' id='word_1_214' title='bbox 107 2455 214 2532; x_wconf 87' lang='lat' dir='ltr'>Galba,</span> <span class='ocrx_word' id='word_1_215' title='bbox 232 2459 346 2518; x_wconf 90' lang='lat' dir='ltr'>dicente</span> <span class='ocrx_word' id='word_1_216' title='bbox 362 2457 501 2536; x_wconf 89' lang='lat' dir='ltr'>quodam,</span> <span class='ocrx_word' id='word_1_217' title='bbox 526 2457 680 2516; x_wconf 90' lang='lat' dir='ltr'>victoriato</span> <span class='ocrx_word' id='word_1_218' title='bbox 699 2475 731 2516; x_wconf 89' lang='lat' dir='ltr'>se</span> <span class='ocrx_word' id='word_1_219' title='bbox 748 2474 805 2516; x_wconf 90' lang='lat' dir='ltr'>uuo</span> <span class='ocrx_word' id='word_1_220' title='bbox 821 2458 849 2514; x_wconf 91' lang='lat' dir='ltr'>iu</span> <span class='ocrx_word' id='word_1_221' title='bbox 865 2456 964 2517; x_wconf 90' lang='lat' dir='ltr'>Sicilia</span> <span class='ocrx_word' id='word_1_222' title='bbox 983 2456 1063 2532; x_wconf 86' lang='lat' dir='ltr'>quiu-</span> 
     </span>
     <span class='ocr_line' id='line_1_28' title="bbox 59 2540 1063 2621; baseline -0.002 -20"><span class='ocrx_word' id='word_1_223' title='bbox 59 2560 116 2621; x_wconf 89' lang='lat' dir='ltr'>que</span> <span class='ocrx_word' id='word_1_224' title='bbox 138 2540 238 2620; x_wconf 88' lang='lat' dir='ltr'>pedes·</span> <span class='ocrx_word' id='word_1_225' title='bbox 255 2542 370 2619; x_wconf 86' lang='lat' dir='ltr'>longam</span> <span class='ocrx_word' id='word_1_226' title='bbox 385 2559 531 2601; x_wconf 91' lang='lat' dir='ltr'>murenam</span> <span class='ocrx_word' id='word_1_227' title='bbox 554 2542 674 2601; x_wconf 91' lang='lat' dir='ltr'>emisse:</span> <span class='ocrx_word' id='word_1_228' title='bbox 695 2540 793 2618; x_wconf 82' lang='lat' dir='ltr'>Nilu‘l,</span> <span class='ocrx_word' id='word_1_229' title='bbox 810 2541 917 2618; x_wconf 88' lang='lat' dir='ltr'>inquit,</span> <span class='ocrx_word' id='word_1_230' title='bbox 933 2540 1063 2609; x_wconf 85' lang='lat' dir='ltr'>mirum‚·</span> 
     </span>
     <span class='ocr_line' id='line_1_29' title="bbox 57 2625 1062 2705; baseline -0.003 -18"><span class='ocrx_word' id='word_1_231' title='bbox 57 2643 132 2687; x_wconf 84' lang='lat' dir='ltr'>uam</span> <span class='ocrx_word' id='word_1_232' title='bbox 145 2626 191 2688; x_wconf 76' lang='lat' dir='ltr'>iti</span> <span class='ocrx_word' id='word_1_233' title='bbox 205 2634 266 2687; x_wconf 89' lang='lat' dir='ltr'>tam</span> <span class='ocrx_word' id='word_1_234' title='bbox 279 2628 388 2705; x_wconf 73' lang='lat' dir='ltr'>lorsque</span> <span class='ocrx_word' id='word_1_235' title='bbox 402 2634 589 2702; x_wconf 84' lang='lat' dir='ltr'>nascuntur,</span> <span class='ocrx_word' id='word_1_236' title='bbox 609 2633 643 2686; x_wconf 87' lang='lat' dir='ltr'>ut</span> <span class='ocrx_word' id='word_1_237' title='bbox 656 2627 696 2687; x_wconf 85' lang='lat' dir='ltr'>r‘r‘s</span> <span class='ocrx_word' id='word_1_238' title='bbox 707 2629 883 2705; x_wconf 80' lang='lat' dir='ltr'>piscatores</span> <span class='ocrx_word' id='word_1_239' title='bbox 895 2642 954 2703; x_wconf 90' lang='lat' dir='ltr'>pro</span> <span class='ocrx_word' id='word_1_240' title='bbox 972 2625 1062 2684; x_wconf 79' lang='lat' dir='ltr'>resti-</span> 
     </span>
     <span class='ocr_line' id='line_1_30' title="bbox 58 2707 1103 2788; baseline -0.006 -16"><span class='ocrx_word' id='word_1_241' title='bbox 58 2711 118 2772; x_wconf 86' lang='lat' dir='ltr'>bus</span> <span class='ocrx_word' id='word_1_242' title='bbox 146 2711 354 2787; x_wconf 78' lang='lat' dir='ltr'>cingantur.</span> <span class='ocrx_word' id='word_1_243' title='bbox 402 2707 553 2770; x_wconf 79' lang='lat' dir='ltr'>Contraria</span> <span class='ocrx_word' id='word_1_244' title='bbox 584 2719 629 2769; x_wconf 88' lang='lat' dir='ltr'>est</span> <span class='ocrx_word' id='word_1_245' title='bbox 648 2713 765 2788; x_wconf 80' lang='lat' dir='ltr'>neganti</span> <span class='ocrx_word' id='word_1_246' title='bbox 794 2708 1103 2770; x_wconf 77' lang='lat' dir='ltr'>confessionisffl</span> 
     </span>
     <span class='ocr_line' id='line_1_31' title="bbox 57 2791 1064 2873; baseline -0.003 -21"><span class='ocrx_word' id='word_1_247' title='bbox 57 2792 219 2868; x_wconf 87' lang='lat' dir='ltr'>simulatio,</span> <span class='ocrx_word' id='word_1_248' title='bbox 247 2794 300 2854; x_wconf 91' lang='lat' dir='ltr'>scd</span> <span class='ocrx_word' id='word_1_249' title='bbox 321 2796 384 2872; x_wconf 90' lang='lat' dir='ltr'>ipsa</span> <span class='ocrx_word' id='word_1_250' title='bbox 406 2812 523 2873; x_wconf 87' lang='lat' dir='ltr'>quoque</span> <span class='ocrx_word' id='word_1_251' title='bbox 543 2794 660 2854; x_wconf 90' lang='lat' dir='ltr'>multum</span> <span class='ocrx_word' id='word_1_252' title='bbox 686 2794 773 2855; x_wconf 92' lang='lat' dir='ltr'>babet</span> <span class='ocrx_word' id='word_1_253' title='bbox 797 2793 975 2854; x_wconf 91' lang='lat' dir='ltr'>urbanitatis.</span> <span class='ocrx_word' id='word_1_254' title='bbox 1015 2791 1064 2850; x_wconf 87' lang='lat' dir='ltr'>Sic</span> 
     </span>
     <span class='ocr_line' id='line_1_32' title="bbox 58 2874 1064 2956; baseline -0.005 -19"><span class='ocrx_word' id='word_1_255' title='bbox 58 2877 143 2953; x_wconf 81' lang='lat' dir='ltr'>dier,</span> <span class='ocrx_word' id='word_1_256' title='bbox 163 2895 227 2936; x_wconf 92' lang='lat' dir='ltr'>cum</span> <span class='ocrx_word' id='word_1_257' title='bbox 243 2887 345 2956; x_wconf 91' lang='lat' dir='ltr'>ageret</span> <span class='ocrx_word' id='word_1_258' title='bbox 362 2887 463 2938; x_wconf 91' lang='lat' dir='ltr'>contra</span> <span class='ocrx_word' id='word_1_259' title='bbox 478 2878 612 2938; x_wconf 89' lang='lat' dir='ltr'>libertum</span> <span class='ocrx_word' id='word_1_260' title='bbox 629 2875 742 2940; x_wconf 78' lang='lat' dir='ltr'>Claudii</span> <span class='ocrx_word' id='word_1_261' title='bbox 758 2877 905 2952; x_wconf 89' lang='lat' dir='ltr'>Caesaris,</span> <span class='ocrx_word' id='word_1_262' title='bbox 926 2884 954 2935; x_wconf 92' lang='lat' dir='ltr'>et</span> <span class='ocrx_word' id='word_1_263' title='bbox 970 2893 1008 2934; x_wconf 84' lang='lat' dir='ltr'>ex</span> <span class='ocrx_word' id='word_1_264' title='bbox 1023 2874 1064 2933; x_wconf 93' lang='lat' dir='ltr'>di-</span> 
     </span>
     <span class='ocr_line' id='line_1_33' title="bbox 57 2962 1063 3039; baseline -0.003 -20"><span class='ocrx_word' id='word_1_265' title='bbox 57 2977 147 3022; x_wconf 85' lang='lat' dir='ltr'>verso</span> <span class='ocrx_word' id='word_1_266' title='bbox 165 2962 279 3039; x_wconf 90' lang='lat' dir='ltr'>quidam</span> <span class='ocrx_word' id='word_1_267' title='bbox 301 2962 480 3023; x_wconf 90' lang='lat' dir='ltr'>condicionis</span> <span class='ocrx_word' id='word_1_268' title='bbox 502 2962 647 3038; x_wconf 91' lang='lat' dir='ltr'>eiusdem,</span> <span class='ocrx_word' id='word_1_269' title='bbox 672 2965 753 3023; x_wconf 90' lang='lat' dir='ltr'>cuius</span> <span class='ocrx_word' id='word_1_270' title='bbox 770 2973 831 3023; x_wconf 92' lang='lat' dir='ltr'>erat</span> <span class='ocrx_word' id='word_1_271' title='bbox 849 2962 994 3038; x_wconf 84' lang='lat' dir='ltr'>litigator,</span> <span class='ocrx_word' id='word_1_272' title='bbox 1013 2976 1063 3017; x_wconf 84' lang='lat' dir='ltr'>ex-</span> 
     </span>
     <span class='ocr_line' id='line_1_34' title="bbox 59 3043 1064 3126; baseline -0.003 -21"><span class='ocrx_word' id='word_1_273' title='bbox 59 3045 229 3121; x_wconf 88' lang='lat' dir='ltr'>clamasset,</span> <span class='ocrx_word' id='word_1_274' title='bbox 247 3046 415 3110; x_wconf 84' lang='lat' dir='ltr'>Praeteroa</span> <span class='ocrx_word' id='word_1_275' title='bbox 430 3055 462 3108; x_wconf 88' lang='lat' dir='ltr'>tu</span> <span class='ocrx_word' id='word_1_276' title='bbox 476 3065 598 3126; x_wconf 83' lang='lat' dir='ltr'>semper</span> <span class='ocrx_word' id='word_1_277' title='bbox 612 3048 645 3108; x_wconf 86' lang='lat' dir='ltr'>r&#39;u</span> <span class='ocrx_word' id='word_1_278' title='bbox 659 3049 784 3109; x_wconf 81' lang='lat' dir='ltr'>libertos</span> <span class='ocrx_word' id='word_1_279' title='bbox 801 3044 949 3107; x_wconf 78' lang='lat' dir='ltr'>Caesaris</span> <span class='ocrx_word' id='word_1_280' title='bbox 967 3043 1064 3105; x_wconf 79' lang='lat' dir='ltr'>dicis:</span> 
     </span>
    </p>
   </div>
   <div class='ocr_carea' id='block_1_3' title="bbox 57 3127 1106 3463">
    <p class='ocr_par' dir='ltr' id='par_1_4' title="bbox 57 3127 1106 3463">
     <span class='ocr_line' id='line_1_35' title="bbox 57 3127 1064 3211; baseline -0.005 -21"><span class='ocrx_word' id='word_1_281' title='bbox 57 3127 125 3191; x_wconf 85' lang='lat' dir='ltr'>Nec</span> <span class='ocrx_word' id='word_1_282' title='bbox 145 3131 334 3208; x_wconf 72' lang='lat' dir='ltr'>mehercule,</span> <span class='ocrx_word' id='word_1_283' title='bbox 360 3133 467 3208; x_wconf 87' lang='lat' dir='ltr'>inquit,</span> <span class='ocrx_word' id='word_1_284' title='bbox 493 3134 656 3209; x_wconf 82' lang='lat' dir='ltr'>quicquum</span> <span class='ocrx_word' id='word_1_285' title='bbox 676 3133 815 3211; x_wconf 68' lang='lat' dir='ltr'>proficio.</span> <span class='ocrx_word' id='word_1_286' title='bbox 862 3128 915 3190; x_wconf 92' lang='lat' dir='ltr'>Cui</span> <span class='ocrx_word' id='word_1_287' title='bbox 939 3128 1064 3188; x_wconf 89' lang='lat' dir='ltr'>vicinum</span> 
     </span>
     <span class='ocr_line' id='line_1_36' title="bbox 59 3213 1065 3294; baseline -0.005 -20"><span class='ocrx_word' id='word_1_288' title='bbox 59 3223 177 3274; x_wconf 85' lang='lat' dir='ltr'>estnon</span> <span class='ocrx_word' id='word_1_289' title='bbox 193 3233 319 3292; x_wconf 90' lang='lat' dir='ltr'>negare,</span> <span class='ocrx_word' id='word_1_290' title='bbox 337 3215 414 3293; x_wconf 86' lang='lat' dir='ltr'>quod</span> <span class='ocrx_word' id='word_1_291' title='bbox 433 3214 585 3290; x_wconf 90' lang='lat' dir='ltr'>obiicitur,</span> <span class='ocrx_word' id='word_1_292' title='bbox 611 3233 674 3274; x_wconf 91' lang='lat' dir='ltr'>cum</span> <span class='ocrx_word' id='word_1_293' title='bbox 697 3225 727 3276; x_wconf 90' lang='lat' dir='ltr'>et</span> <span class='ocrx_word' id='word_1_294' title='bbox 745 3217 773 3277; x_wconf 90' lang='lat' dir='ltr'>id</span> <span class='ocrx_word' id='word_1_295' title='bbox 789 3215 884 3294; x_wconf 91' lang='lat' dir='ltr'>palam</span> <span class='ocrx_word' id='word_1_296' title='bbox 899 3213 1003 3273; x_wconf 87' lang='lat' dir='ltr'>falsum</span> <span class='ocrx_word' id='word_1_297' title='bbox 1018 3219 1065 3270; x_wconf 89' lang='lat' dir='ltr'>cst</span> 
     </span>
     <span class='ocr_line' id='line_1_37' title="bbox 59 3295 1063 3377; baseline -0.005 -19"><span class='ocrx_word' id='word_1_298' title='bbox 59 3307 89 3358; x_wconf 90' lang='lat' dir='ltr'>et</span> <span class='ocrx_word' id='word_1_299' title='bbox 102 3299 168 3358; x_wconf 92' lang='lat' dir='ltr'>inde</span> <span class='ocrx_word' id='word_1_300' title='bbox 185 3301 302 3358; x_wconf 90' lang='lat' dir='ltr'>materia</span> <span class='ocrx_word' id='word_1_301' title='bbox 324 3299 400 3359; x_wconf 91' lang='lat' dir='ltr'>bene</span> <span class='ocrx_word' id='word_1_302' title='bbox 421 3298 617 3377; x_wconf 86' lang='lat' dir='ltr'>respondendi</span> <span class='ocrx_word' id='word_1_303' title='bbox 635 3300 734 3360; x_wconf 89' lang='lat' dir='ltr'>datur:</span> <span class='ocrx_word' id='word_1_304' title='bbox 760 3309 791 3359; x_wconf 93' lang='lat' dir='ltr'>ut</span> <span class='ocrx_word' id='word_1_305' title='bbox 816 3297 935 3358; x_wconf 82' lang='lat' dir='ltr'>Catulus</span> <span class='ocrx_word' id='word_1_306' title='bbox 957 3295 1063 3357; x_wconf 84' lang='lat' dir='ltr'>dicenti</span> 
     </span>
     <span class='ocr_line' id='line_1_38' title="bbox 59 3380 1106 3463; baseline 0 -22"><span class='ocrx_word' id='word_1_307' title='bbox 59 3381 209 3460; x_wconf 88' lang='lat' dir='ltr'>Philippo,</span> <span class='ocrx_word' id='word_1_308' title='bbox 234 3382 315 3456; x_wconf 81' lang='lat' dir='ltr'>Ouid</span> <span class='ocrx_word' id='word_1_309' title='bbox 334 3385 455 3446; x_wconf 81' lang='lat' dir='ltr'>lutras?</span> <span class='ocrx_word' id='word_1_310' title='bbox 472 3380 584 3447; x_wconf 79' lang='lat' dir='ltr'>Furem</span> <span class='ocrx_word' id='word_1_311' title='bbox 604 3385 704 3461; x_wconf 79' lang='lat' dir='ltr'>video,</span> <span class='ocrx_word' id='word_1_312' title='bbox 727 3386 828 3463; x_wconf 68' lang='lat' dir='ltr'>inquit·</span> <span class='ocrx_word' id='word_1_313' title='bbox 867 3381 900 3441; x_wconf 95' lang='lat' dir='ltr'>lu</span> <span class='ocrx_word' id='word_1_314' title='bbox 914 3401 948 3441; x_wconf 88' lang='lat' dir='ltr'>se</span> <span class='ocrx_word' id='word_1_315' title='bbox 963 3380 1106 3441; x_wconf 70' lang='lat' dir='ltr'>dicereffl</span> 
     </span>
    </p>
   </div>
   <div class='ocr_carea' id='block_1_4' title="bbox 58 3466 1062 3611">
    <p class='ocr_par' dir='ltr' id='par_1_5' title="bbox 58 3466 1062 3611">
     <span class='ocr_line' id='line_1_39' title="bbox 58 3466 1062 3611; baseline -0.003 -86"><span class='ocrx_word' id='word_1_316' title='bbox 58 3483 117 3525; x_wconf 92' lang='lat' dir='ltr'>non</span> <span class='ocrx_word' id='word_1_317' title='bbox 132 3467 196 3527; x_wconf 86' lang='lat' dir='ltr'>fere</span> <span class='ocrx_word' id='word_1_318' title='bbox 214 3476 259 3525; x_wconf 91' lang='lat' dir='ltr'>est</span> <span class='ocrx_word' id='word_1_319' title='bbox 274 3468 327 3526; x_wconf 89' lang='lat' dir='ltr'>nisi</span> <span class='ocrx_word' id='word_1_320' title='bbox 343 3486 507 3527; x_wconf 90' lang='lat' dir='ltr'>scurrarum</span> <span class='ocrx_word' id='word_1_321' title='bbox 526 3476 555 3527; x_wconf 89' lang='lat' dir='ltr'>ct</span> <span class='ocrx_word' id='word_1_322' title='bbox 575 3467 604 3526; x_wconf 89' lang='lat' dir='ltr'>in</span> <span class='ocrx_word' id='word_1_323' title='bbox 620 3478 738 3529; x_wconf 88' lang='lat' dir='ltr'>oratore</span> <span class='ocrx_word' id='word_1_324' title='bbox 752 3466 980 3611; x_wconf 63' lang='lat' dir='ltr'>utiquesnpioime</span> <span class='ocrx_word' id='word_1_325' title='bbox 995 3479 1062 3543; x_wconf 85' lang='lat' dir='ltr'>pro·</span> 
     </span>
    </p>
   </div>
   <div class='ocr_carea' id='block_1_5' title="bbox 0 0 1288 4026">
    <p class='ocr_par' dir='ltr' id='par_1_6' title="bbox 0 0 1288 4026">
     <span class='ocr_line' id='line_1_40' title="bbox 0 0 1288 4026; baseline 0 0"><span class='ocrx_word' id='word_1_326' title='bbox 0 0 1288 4026; x_wconf 95' lang='lat' dir='ltr'> </span> 
     </span>
    </p>
   </div>
  </div>
 </body>
</html>
