2566 4026
386 167 475 218 rusa.
495 167 733 217 ontinenam.
753 169 792 216 1x
798 201 807 236 ‚
822 165 850 219 3.
1064 162 1122 222 11³

114 322 245 397 Quorum
266 320 369 381 similia
394 321 469 399 apud
483 331 602 382 veteres
621 324 750 401 tragicos
768 324 956 403 comicosque
974 335 1039 386 sunt
1060 328 1124 406 plu«

114 408 196 467 rima.
230 404 304 465 lllud
320 413 350 464 et
364 405 393 463 in
409 406 617 466 consuetudine
633 408 771 468 remansit
792 405 965 471 Enimuero.
999 409 1050 470 llis
1066 429 1124 472 am·
1133 423 1166 477 15

114 491 191 570 plius
209 488 285 568 apud
301 489 439 549 eundem:

241 569 322 634 Nam
350 575 419 652 qais
441 582 470 634 te
489 575 632 636 iuvenum
654 575 912 654 confidentissime
930 607 973 620 -

114 675 174 738 quo
190 657 333 717 sermonis
350 658 459 719 initium
475 657 516 719 lit.
553 657 594 719 Ει
653 712 663 728 ξ

160 740 235 804 Tam
249 742 350 820 napis
363 742 418 804 ilia
433 749 566 804 tremens
587 751 617 806 et
634 744 772 806 tristibus
786 745 882 828 effera
897 742 1039 822 flammis,

158 824 258 900 Quam
272 827 372 906 mapis
393 825 488 909 effuso
507 828 696 889 crudescunt
714 832 865 908 sanpnine
877 846 1012 909 pupnae.

115 908 201 984 Quod
220 918 265 969 est
275 927 393 970 versum
409 928 447 969 ex
462 910 530 972 illo:
555 909 654 985 Onam
668 913 768 991 :napis
782 932 934 975 aerumna
946 922 1045 993 serpet,
1062 922 1125 974 tam

113 995 214 1073 :napis
237 994 283 1054 ad
296 995 555 1072 malefaciendum
572 997 663 1074 aipei.
694 993 775 1056 Pleni
792 996 897 1057 talibus
913 999 1036 1076 antiqui:
1053 999 1168 1062 sicut16

115 1077 208 1156 {initio
223 1075 355 1136 Eunuchi
371 1077 524 1139 Terentius
543 1077 626 1153 Quid
639 1079 735 1158 ipitnr
746 1080 886 1158 faciam?
906 1081 1007 1160 inquit.
1038 1077 1124 1144 Alin-

113 1162 155 1222 sii
173 1162 297 1223 tandem
312 1162 401 1241 lena]
438 1160 569 1222 Catullus
591 1165 619 1222 in
638 1161 832 1241 Epithalamio

199 1279 242 1292 -
256 1243 340 1307 Dum
359 1248 490 1325 innupta
512 1255 629 1323 manet,
652 1247 726 1308 dnm
743 1264 822 1309 cara
842 1249 983 1327 saisost,

114 1346 179 1392 cum
200 1329 280 1409 prius
302 1331 375 1392 dnm
401 1329 546 1407 significet
572 1331 691 1409 quoad,
719 1348 847 1409 sequens
869 1348 968 1410 usqne
990 1349 1034 1394 eo.
1079 1332 1125 1393 lix
1133 1343 1165 1399 17

115 1414 230 1475 Graeco
251 1431 324 1474 vero
340 1414 480 1475 translata
494 1414 543 1474 vel
559 1414 688 1475 Sallustii
705 1414 844 1492 plurima,
864 1415 950 1493 quale
966 1426 1027 1477 est:
1052 1414 1122 1478 Vul-

111 1498 375 1578 promuscidem
395 1499 444 1559 vel
458 1498 585 1574 Horatii,
608 1516 672 1557 nam
687 1497 716 1558 id
731 1500 854 1558 manime
871 1498 991 1578 probat:
1051 1533 1054 1540 ·

198 1615 242 1628 -·
263 1581 329 1644 Nec
347 1585 476 1661 ciceris,
499 1603 557 1645 nec
579 1585 692 1662 lonpae
708 1583 819 1645 incidit
840 1601 970 1658 avenae,

113 1666 163 1726 vel
177 1665 318 1744 Vergilii:

321 1783 361 1791 -
385 1750 575 1831 Tyrrhenam
591 1752 720 1830 naoipat
738 1766 865 1830 aequor.

113 1834 153 1895 lit
170 1835 224 1894 iam
239 1834 386 1912 vulgatum
403 1837 475 1895 actis
492 1852 626 1914 quoque:
650 1835 786 1898 Saucius
797 1844 916 1915 pectas.
959 1834 1006 1895 lix
1021 1836 1122 1897 eadem
1131 1845 1163 1900 18

113 1927 198 1998 parte
221 1918 375 1995 ligurarum
396 1917 538 1979 additio
568 1928 597 1979 ει
617 1918 784 1980 abiectio
811 1929 866 1980 εει.
906 1918 1019 1999 lllaque
1040 1921 1121 2000 prior

112 2001 207 2062 videri
225 2010 323 2080 potest
338 2020 520 2080 supervacua
537 2002 663 2063 sednon
680 2006 742 2063 sine
757 2005 850 2082 gratia
869 2013 928 2064 est:

156 2082 237 2148 Nam
252 2101 351 2163 neque
372 2085 505 2148 Parnasi
524 2087 609 2149 vobis
628 2088 702 2165 inpa
717 2107 789 2149 nam
807 2104 905 2164 neque
926 2087 1017 2148 Pindi
1036 2123 1079 2132 -

113 2168 215 2231 Potest
231 2170 305 2229 enim
317 2169 423 2230 deesse
439 2171 560 2231 alterum
574 2189 655 2231 nam.
683 2169 720 2231 Ει
735 2169 810 2248 apud
821 2168 969 2230 Horatium
983 2170 1071 2231 illud:

526 2287 569 2299 -
589 2287 628 2297 -
652 2252 900 2330 Fabricianum,

279 2335 369 2400 Hane
390 2345 419 2400 et
439 2338 568 2398 intonsis
590 2335 717 2398 Cariam
738 2338 860 2415 capillis
875 2366 918 2376 -

114 2420 152 2481 lit
170 2420 381 2498 detractiones,
405 2439 479 2499 quae
500 2422 529 2479 in
546 2420 701 2500 complexu
724 2421 866 2480 sermonis
889 2429 937 2480 aut
953 2419 1051 2478 vitium
1070 2419 1119 2479 ha·

113 2504 184 2564 bent
199 2514 246 2565 aut
261 2505 397 2582 liguram:
419 2513 449 2564 ut
1128 2503 1132 2511 '

241 2585 366 2650 Accede
382 2589 426 2650 ad
440 2589 557 2666 ipncm,
573 2590 636 2649 iam
653 2590 790 2651 calesces
802 2589 875 2667 plns
888 2589 974 2648 satis.

114 2672 188 2734 Plus
203 2675 278 2733 enim
294 2689 386 2751 qnam
401 2675 478 2733 satis
493 2680 547 2731 est.
572 2671 644 2731 Nam
660 2672 696 2732 de
712 2671 821 2748 altera,
839 2689 914 2750 quae
930 2669 1120 2745 detractione,
1130 2670 1164 2726 19

113 2755 247 2836 pluribus
262 2757 453 2817 adiiciendum
472 2764 526 2815 est.
568 2754 680 2816 Utimur
693 2756 783 2834 vulgo
800 2764 831 2815 et
847 2755 1052 2834 comparativis
1068 2771 1121 2831 pro

114 2839 273 2916 absolutis,
296 2850 327 2900 ut
353 2859 416 2900 cum
433 2859 465 2899 se
482 2841 545 2918 quis
562 2840 760 2919 infirmiorem
775 2857 843 2900 esse
860 2841 952 2907 dicet;
976 2838 1032 2898 duo
1048 2839 1123 2898 inter

114 2940 149 2983 se
165 2927 362 3002 comparativa
378 2926 594 2985 committimus:
616 2924 652 2985 Si
668 2933 711 3001 te,
729 2921 876 2999 Catilina,
894 2923 1122 3002 comprehendi,

114 3008 144 3069 si
163 3008 296 3087 interfici
318 3010 455 3069 iussero:
478 3009 588 3085 credo,
617 3011 676 3070 erit
697 3010 864 3070 verendam
887 3008 977 3083 milri,
1004 3025 1043 3067 ne
1064 3024 1124 3068 non

115 3091 288 3171 enepotius
302 3111 405 3154 omnes
417 3094 488 3154 boni
501 3093 603 3153 serias
618 3112 639 3154 a
652 3111 700 3153 me
717 3108 809 3169 qnam
826 3093 988 3169 qnisquam
1009 3091 1123 3152 crude·

114 3176 175 3236 lias
194 3177 313 3254 factam
333 3196 399 3238 esse
415 3178 508 3238 dicat.
546 3176 618 3236 Sunt
634 3185 663 3234 et
684 3175 735 3235 illa
752 3193 809 3235 non
827 3175 927 3234 similia
944 3174 1122 3234 soloecismo
1130 3181 1167 3232 io

115 3259 232 3339 quidem
254 3260 307 3320 sed
328 3270 423 3320 tamen
444 3278 591 3319 numerum
613 3261 764 3336 mutantia,
789 3278 863 3339 quae
886 3267 915 3317 et
936 3260 1029 3337 tropis
1051 3259 1122 3317 assi·

116 3345 199 3421 gnari
214 3344 325 3420 solent,
344 3354 374 3403 ut
390 3343 427 3404 dc
442 3361 498 3403 uno
515 3343 666 3422 pluraliter
681 3343 824 3403 dicamus:

201 3427 266 3489 Sed
282 3449 336 3490 nos
357 3430 535 3490 immensam
553 3430 664 3506 spatiis
680 3428 865 3507 confecimus
881 3442 1019 3506 aequom·

157 3531 187 3578 ru.
197 3534 221 3571 s.
236 3532 349 3577 omurrn.
362 3517 395 3578 Π,
612 3518 618 3524 ’
