2566 4026
330 183 419 233 mss.
436 184 586 232 asason.
602 186 671 232 me.
687 185 734 252 1x,
752 185 778 236 1.
1020 175 1062 237 93

60 343 165 418 natur,
186 347 257 402 sunt
276 341 329 418 qai
340 347 461 418 putent,
484 339 603 400 idcirco
626 339 692 398 eins
712 343 913 418 eloquentiam
932 345 1065 405 mamma

59 445 128 489 esse
148 423 344 486 laudabilem.
370 420 411 484 Ει
425 441 497 484 aare
507 424 610 484 nullus
621 422 690 501 sare
700 423 740 485 ab
755 443 790 486 eo
804 426 889 486 lacus
904 426 971 486 sine
986 444 1065 504 qua·

61 512 138 571 dam
153 508 391 586 conformatione
401 508 569 567 sententiae
578 507 708 581 dicitnr,
724 527 781 569 nec
796 509 885 569 aliud
902 511 1066 587 quicquam

60 600 109 655 ast
126 593 250 667 dicere,
272 591 333 650 nisi
353 609 456 651 omues
476 598 531 651 aut
550 596 633 651 certa
654 589 823 669 plerasque
841 593 948 670 aliqua
962 595 1066 672 specio

60 677 237 738 illuminare
250 674 426 734 sententias.
459 672 630 746 Quasnam
648 682 679 734 ta
690 677 810 753 optimc,
825 674 933 752 Brute,
950 685 1104 755 teneas,41

61 761 139 839 quid
165 760 271 819 attinet
296 758 467 821 nominibus
490 759 535 818 uti
558 764 611 818 aut
637 760 804 837 eaemplisl
849 758 1066 822 Tantummodo

60 850 182 906 notetur
201 843 297 904 lacus.
334 840 390 902 Sic
409 843 503 920 lqitur
523 842 605 902 dicet
623 842 693 916 ille,
722 858 812 920 quem
833 845 1016 922 eupetimus,
1034 853 1067 905 at

60 933 163 989 verset
186 944 283 1003 saepe
302 926 405 985 multis
418 925 516 987 modis
529 926 638 985 eadem
658 933 687 987 et
707 927 740 986 in
755 944 818 987 nna
839 946 874 988 re
889 927 1018 989 haereat
1033 928 1067 988 ia

60 1012 230 1086 eadmnqae
246 1016 448 1071 commoretur
462 1010 621 1070 sententia.
653 1007 757 1088 Saepe
772 1011 863 1072 etiam
877 1018 911 1071 ut
925 1019 1108 1078 ectenuettt

60 1094 198 1172 aliquid,
221 1110 316 1170 saepo
338 1099 373 1154 ut
392 1093 541 1168 irrideat,
563 1100 596 1152 at
617 1092 748 1154 declinet
767 1112 788 1155 a
799 1095 959 1172 proposita
974 1093 1068 1173 delle·

60 1185 186 1254 ctatque
208 1179 408 1245 sententium;
430 1185 463 1236 ut
486 1183 657 1254 proponat,
686 1177 760 1254 quid
782 1179 924 1239 dicturus
944 1179 1004 1249 sit‚·
1022 1185 1067 1256 nl,

60 1281 132 1324 cum
146 1261 332 1338 transeqerit
344 1261 408 1321 iam
422 1261 557 1337 aliquid,
576 1259 719 1337 definiat,
741 1268 774 1322 ut
793 1280 828 1323 se
847 1262 916 1340 ipse
935 1270 1067 1337 revocet,

61 1354 106 1423 ut,
127 1345 211 1422 qaod
226 1344 350 1419 dicerit,
366 1345 473 1414 iteret;
488 1351 521 1404 ιιι
534 1352 745 1421 arqamentum
758 1347 879 1407 ratione
891 1347 1067 1422 concludat,

61 1437 95 1490 ut
117 1429 339 1505 interropanda
359 1436 484 1505 arqeat,
512 1434 545 1487 ut
565 1445 676 1488 rursus
696 1429 787 1505 quasi
813 1431 858 1490 ad
876 1430 1068 1506 interroqata

60 1512 204 1590 sibiipsa
224 1512 409 1590 respondeat
414 1533 428 1581 ,·
442 1519 477 1572 nt
492 1518 616 1587 cantra,
632 1528 673 1572 ac
690 1512 785 1589 dieat,
799 1513 904 1591 accipi
917 1521 946 1573 et
960 1512 1109 1574 samarita

60 1597 153 1664 aelim·
167 1602 201 1655 ut
214 1595 384 1671 addubitet,
401 1596 477 1673 quid
486 1596 590 1673 patius
605 1603 659 1656 aut
673 1610 733 1673 qua
750 1597 839 1657 moda
854 1597 956 1671 dicat,
969 1603 1003 1656 ut
1018 1595 1067 1656 di-

60 1681 149 1741 aidat
162 1680 195 1739 in
207 1687 330 1756 partes,
353 1684 386 1738 ut
400 1679 520 1756 aliquid
537 1678 694 1756 relinquat
712 1699 752 1741 ac
769 1680 920 1759 neqliqat,
941 1685 974 1740 ut
997 1684 1069 1739 ante

60 1763 276 1844 praemuniam
298 1770 331 1822 ut
350 1763 382 1822 ln
399 1781 434 1823 eo
449 1764 527 1838 ipsa,
545 1764 577 1823 in
593 1776 652 1839 qua
666 1764 928 1842 reprehendatur,
946 1763 1069 1841 culpam
1146 1768 1150 1774 '

61 1850 94 1908 in
110 1845 327 1908 aduersariam
348 1848 508 1925 conform,-
530 1855 563 1907 ιιι
583 1865 678 1926 saepe
694 1866 762 1908 cum
777 1849 835 1925 iis,
857 1849 911 1926 qni
926 1848 1068 1921 audiunt,

61 1944 280 2008 nonnunquam
299 1931 391 1990 etiam
421 1949 491 1991 cam
515 1931 700 1992 aduersaria
728 1933 818 2009 quasi
843 1930 1012 1999 deliberet,·
1036 1933 1111 1990 utta

62 2016 215 2076 laminam
226 2032 327 2074 mores
342 2029 558 2092 sermonesque
576 2014 752 2084 describam
766 2022 799 2076 ut
813 2023 897 2077 muta
913 2014 1069 2092 quaedam

62 2098 217 2177 loquentia
233 2097 379 2175 inducat,
406 2105 440 2158 ut
456 2098 495 2158 ab
516 2117 550 2158 eo
573 2100 655 2174 quad
671 2099 776 2175 aqitur
798 2106 920 2160 auertat
939 2098 1068 2172 animas,

60 2192 94 2244 ut
109 2200 204 2260 saepe
218 2183 250 2241 in
265 2181 451 2242 hilaritatem
468 2182 601 2241 risumve
617 2188 782 2257 concertat,
797 2190 830 2242 ut
845 2192 916 2243 ante
930 2186 1068 2258 occupet,

63 2267 146 2345 quad
159 2267 304 2327 uideatur
319 2265 443 2344 apponi,
458 2272 492 2324 ut
508 2273 662 2342 comparet
676 2265 901 2340 similitudines,
916 2272 949 2323 ut
963 2270 1070 2324 utatur

63 2349 223 2428 exemplis,
242 2357 276 2408 ut
291 2350 378 2409 aliud
393 2349 448 2408 alii
467 2347 604 2409 tribuens
621 2348 799 2425 dispertiat,
814 2355 848 2408 nt
861 2347 1069 2424 interpellato-

62 2453 129 2495 rem
145 2440 302 2509 coerceut,
327 2441 360 2492 ut
384 2430 504 2509 aliquid
523 2431 655 2493 reticere
671 2450 705 2492 se
722 2431 825 2506 dicat,
847 2440 881 2492 ut
903 2430 1069 2505 denuntiet,

64 2519 140 2597 qnid
155 2523 277 2591 careat,
293 2523 327 2576 ut
341 2515 467 2576 liberius
484 2516 560 2593 quid
581 2517 712 2591 audeat,
735 2522 769 2575 ut
790 2516 950 2575 irascatur
967 2514 1069 2589 etiam,

62 2611 96 2664 ut
111 2601 254 2678 antarpot
267 2599 446 2677 aliquanda,
462 2607 496 2659 at
511 2599 705 2676 deprecetur,
720 2607 753 2659 ut
767 2598 936 2677 supplicet,
957 2604 991 2657 ut
1008 2615 1070 2657 me·

64 2687 194 2762 deutur,
209 2692 243 2744 at
256 2702 277 2744 a
292 2684 447 2762 proposito
462 2682 594 2743 declinet
609 2683 850 2761 aliquantulum,
871 2689 905 2742 ut
918 2687 1018 2761 optet,
1037 2687 1072 2740 ut

64 2777 248 2844 execretur,
269 2776 303 2828 ut
317 2767 373 2845 fiat
389 2768 444 2842 iis,
461 2768 548 2843 apud
562 2783 639 2844 qaas
653 2767 745 2843 dicet,
758 2767 935 2845 familiaris.
970 2761 1112 2840 Atquett

64 2854 147 2914 alias
170 2852 261 2914 etium
283 2850 408 2912 dicendi
435 2851 528 2927 quasi
550 2853 678 2911 uirtutes
699 2858 863 2928 sequetur,
892 2849 1072 2912 brevitatem

62 2944 155 3017 petet,
170 2952 266 3014 saepe
283 2936 373 2996 etiam
390 2953 455 2994 rem
470 2934 601 2996 dicenda
622 2934 763 2996 subiiciet
778 2935 891 3011 oculis,
908 2951 1004 3012 saepe
1018 2949 1072 2991 sn-

63 3038 126 3100 pra
145 3020 226 3099 serct
248 3035 339 3095 quam
357 3018 428 3096 fieri
444 3020 559 3097 passit;
580 3017 763 3096 siqnifioatio
782 3037 877 3097 saepe
896 3018 954 3078 erit
974 3015 1073 3077 maior

66 3121 159 3182 qnam
173 3104 290 3178 aratio,
314 3120 410 3182 saepe
429 3102 590 3179 hilaritas,
610 3119 705 3179 saepe
725 3104 809 3163 citae
828 3106 1074 3178 naturarumque

64 3188 203 3249 imitatio.
236 3184 302 3247 Hoc
316 3188 349 3248 in
363 3205 477 3265 penore
498 3188 591 3263 (nam
612 3186 703 3263 quasi
723 3186 833 3247 siloam
848 3181 953 3261 uides)
975 3181 1073 3246 munis

65 3269 188 3334 et'nceat
202 3277 319 3349 aportat
332 3271 521 3348 eloquentiae
535 3268 723 3350 maqnituda.
