<?xml version="1.0" encoding="UTF-8"?>
<!DOCTYPE html PUBLIC "-//W3C//DTD XHTML 1.0 Transitional//EN"
    "http://www.w3.org/TR/xhtml1/DTD/xhtml1-transitional.dtd">
<html xmlns="http://www.w3.org/1999/xhtml" xml:lang="en" lang="en">
 <head>
  <title>
</title>
<meta http-equiv="Content-Type" content="text/html;charset=utf-8" />
  <meta name='ocr-system' content='tesseract 3.04.00' />
  <meta name='ocr-capabilities' content='ocr_page ocr_carea ocr_par ocr_line ocrx_word'/>
</head>
<body>
  <div class='ocr_page' id='page_1' title='image "./mfabiiquintilia00bonngoog/mfabiiquintilia00bonngoog_0464.png"; bbox 0 0 2566 4026; ppageno 0'>
   <div class='ocr_carea' id='block_1_1' title="bbox 350 171 1063 249">
    <p class='ocr_par' dir='ltr' id='par_1_1' title="bbox 350 171 1063 249">
     <span class='ocr_line' id='line_1_1' title="bbox 350 171 1063 249; baseline 0.003 -19"><span class='ocrx_word' id='word_1_1' title='bbox 350 180 790 249; x_wconf 75' lang='lat' dir='ltr'><strong>rnsr.onsr0n.m1c.1x‚4.</strong></span> <span class='ocrx_word' id='word_1_2' title='bbox 1005 171 1063 232; x_wconf 81' lang='lat'><strong>127</strong></span> 
     </span>
    </p>
   </div>
   <div class='ocr_carea' id='block_1_2' title="bbox 57 337 1114 670">
    <p class='ocr_par' dir='ltr' id='par_1_2' title="bbox 58 337 1062 502">
     <span class='ocr_line' id='line_1_2' title="bbox 58 337 1062 414; baseline -0.002 -15"><span class='ocrx_word' id='word_1_3' title='bbox 58 340 192 400; x_wconf 89' lang='lat' dir='ltr'><strong>iudicium</strong></span> <span class='ocrx_word' id='word_1_4' title='bbox 218 358 311 398; x_wconf 94' lang='lat' dir='ltr'><strong>meum</strong></span> <span class='ocrx_word' id='word_1_5' title='bbox 344 339 518 398; x_wconf 79' lang='lat' dir='ltr'><strong>ostendero:</strong></span> <span class='ocrx_word' id='word_1_6' title='bbox 553 356 634 397; x_wconf 88' lang='lat' dir='ltr'><strong>suum</strong></span> <span class='ocrx_word' id='word_1_7' title='bbox 660 347 756 397; x_wconf 90' lang='lat' dir='ltr'><strong>tamen</strong></span> <span class='ocrx_word' id='word_1_8' title='bbox 782 337 947 414; x_wconf 82' lang='lat' dir='ltr'><strong>legentibus</strong></span> <span class='ocrx_word' id='word_1_9' title='bbox 976 338 1062 399; x_wconf 89' lang='lat' dir='ltr'><strong>relin-</strong></span> 
     </span>
     <span class='ocr_line' id='line_1_3' title="bbox 58 442 151 502; baseline -0.022 -19"><span class='ocrx_word' id='word_1_10' title='bbox 58 442 151 502; x_wconf 91' lang='lat' dir='ltr'><strong>quam.</strong></span> 
     </span>
    </p>

    <p class='ocr_par' dir='ltr' id='par_1_3' title="bbox 57 506 1114 670">
     <span class='ocr_line' id='line_1_4' title="bbox 141 506 1114 585; baseline 0 -19"><span class='ocrx_word' id='word_1_11' title='bbox 141 507 245 585; x_wconf 84' lang='lat' dir='ltr'><strong>Neque</strong></span> <span class='ocrx_word' id='word_1_12' title='bbox 266 508 370 584; x_wconf 84' lang='lat' dir='ltr'><strong>ignoro</strong></span> <span class='ocrx_word' id='word_1_13' title='bbox 396 506 535 584; x_wconf 88' lang='lat' dir='ltr'><strong>quosdam</strong></span> <span class='ocrx_word' id='word_1_14' title='bbox 558 523 642 581; x_wconf 86' lang='lat' dir='ltr'><strong>esse,</strong></span> <span class='ocrx_word' id='word_1_15' title='bbox 665 507 712 583; x_wconf 95' lang='lat' dir='ltr'><strong>qui</strong></span> <span class='ocrx_word' id='word_1_16' title='bbox 736 523 832 565; x_wconf 88' lang='lat' dir='ltr'><strong>curam</strong></span> <span class='ocrx_word' id='word_1_17' title='bbox 854 523 967 565; x_wconf 90' lang='lat' dir='ltr'><strong>omnem</strong></span> <span class='ocrx_word' id='word_1_18' title='bbox 987 523 1114 576; x_wconf 76' lang='lat' dir='ltr'><strong>com-3·</strong></span> 
     </span>
     <span class='ocr_line' id='line_1_5' title="bbox 57 589 1064 670; baseline 0 -20"><span class='ocrx_word' id='word_1_19' title='bbox 57 593 209 670; x_wconf 74' lang='lat' dir='ltr'><strong>positionis</strong></span> <span class='ocrx_word' id='word_1_20' title='bbox 233 590 403 665; x_wconf 74' lang='lat' dir='ltr'><strong>excludant,</strong></span> <span class='ocrx_word' id='word_1_21' title='bbox 433 599 519 667; x_wconf 92' lang='lat' dir='ltr'><strong>atque</strong></span> <span class='ocrx_word' id='word_1_22' title='bbox 546 589 626 649; x_wconf 95' lang='lat' dir='ltr'><strong>illum</strong></span> <span class='ocrx_word' id='word_1_23' title='bbox 650 589 796 650; x_wconf 89' lang='lat' dir='ltr'><strong>horridum</strong></span> <span class='ocrx_word' id='word_1_24' title='bbox 825 607 1005 666; x_wconf 90' lang='lat' dir='ltr'><strong>sermonem,</strong></span> <span class='ocrx_word' id='word_1_25' title='bbox 1034 600 1064 650; x_wconf 92' lang='lat' dir='ltr'><strong>ut</strong></span> 
     </span>
    </p>
   </div>
   <div class='ocr_carea' id='block_1_3' title="bbox 55 673 1104 3521">
    <p class='ocr_par' dir='ltr' id='par_1_4' title="bbox 55 673 1104 3521">
     <span class='ocr_line' id='line_1_6' title="bbox 57 673 1064 750; baseline -0.001 -15"><span class='ocrx_word' id='word_1_26' title='bbox 57 677 133 736; x_wconf 86' lang='lat' dir='ltr'><strong>forte</strong></span> <span class='ocrx_word' id='word_1_27' title='bbox 147 675 279 750; x_wconf 87' lang='lat' dir='ltr'><strong>fluxerit,</strong></span> <span class='ocrx_word' id='word_1_28' title='bbox 296 674 381 733; x_wconf 95' lang='lat' dir='ltr'><strong>modo</strong></span> <span class='ocrx_word' id='word_1_29' title='bbox 399 676 490 750; x_wconf 83' lang='lat' dir='ltr'><strong>magis</strong></span> <span class='ocrx_word' id='word_1_30' title='bbox 508 673 665 733; x_wconf 83' lang='lat' dir='ltr'><strong>naturalem</strong></span> <span class='ocrx_word' id='word_1_31' title='bbox 683 673 769 733; x_wconf 94' lang='lat' dir='ltr'><strong>modo</strong></span> <span class='ocrx_word' id='word_1_32' title='bbox 789 675 874 733; x_wconf 89' lang='lat' dir='ltr'><strong>etiam</strong></span> <span class='ocrx_word' id='word_1_33' title='bbox 889 675 981 750; x_wconf 83' lang='lat' dir='ltr'><strong>magis</strong></span> <span class='ocrx_word' id='word_1_34' title='bbox 997 675 1064 734; x_wconf 91' lang='lat' dir='ltr'><strong>viri·</strong></span> 
     </span>
     <span class='ocr_line' id='line_1_7' title="bbox 57 756 1063 834; baseline -0.002 -15"><span class='ocrx_word' id='word_1_35' title='bbox 57 760 114 819; x_wconf 89' lang='lat' dir='ltr'><strong>lem</strong></span> <span class='ocrx_word' id='word_1_36' title='bbox 131 777 198 818; x_wconf 90' lang='lat' dir='ltr'><strong>esse</strong></span> <span class='ocrx_word' id='word_1_37' title='bbox 216 758 398 819; x_wconf 88' lang='lat' dir='ltr'><strong>contendant.</strong></span> <span class='ocrx_word' id='word_1_38' title='bbox 430 756 485 830; x_wconf 83' lang='lat' dir='ltr'><strong>Qui</strong></span> <span class='ocrx_word' id='word_1_39' title='bbox 505 758 529 815; x_wconf 91' lang='lat' dir='ltr'><strong>si</strong></span> <span class='ocrx_word' id='word_1_40' title='bbox 544 757 573 816; x_wconf 91' lang='lat' dir='ltr'><strong>id</strong></span> <span class='ocrx_word' id='word_1_41' title='bbox 591 757 703 816; x_wconf 93' lang='lat' dir='ltr'><strong>demum</strong></span> <span class='ocrx_word' id='word_1_42' title='bbox 719 757 850 817; x_wconf 88' lang='lat' dir='ltr'><strong>naturale</strong></span> <span class='ocrx_word' id='word_1_43' title='bbox 869 776 936 817; x_wconf 91' lang='lat' dir='ltr'><strong>esse</strong></span> <span class='ocrx_word' id='word_1_44' title='bbox 956 758 1063 834; x_wconf 91' lang='lat' dir='ltr'><strong>dicunt,</strong></span> 
     </span>
     <span class='ocr_line' id='line_1_8' title="bbox 58 840 1063 922; baseline -0.001 -20"><span class='ocrx_word' id='word_1_45' title='bbox 58 844 135 922; x_wconf 90' lang='lat' dir='ltr'><strong>quod</strong></span> <span class='ocrx_word' id='word_1_46' title='bbox 158 861 173 901; x_wconf 87' lang='lat' dir='ltr'><strong>a</strong></span> <span class='ocrx_word' id='word_1_47' title='bbox 192 853 292 902; x_wconf 87' lang='lat' dir='ltr'><strong>natura</strong></span> <span class='ocrx_word' id='word_1_48' title='bbox 315 843 436 920; x_wconf 90' lang='lat' dir='ltr'><strong>primum</strong></span> <span class='ocrx_word' id='word_1_49' title='bbox 458 850 551 901; x_wconf 89' lang='lat' dir='ltr'><strong>ortum</strong></span> <span class='ocrx_word' id='word_1_50' title='bbox 568 849 613 900; x_wconf 87' lang='lat' dir='ltr'><strong>est</strong></span> <span class='ocrx_word' id='word_1_51' title='bbox 631 850 660 900; x_wconf 93' lang='lat' dir='ltr'><strong>et</strong></span> <span class='ocrx_word' id='word_1_52' title='bbox 682 840 767 918; x_wconf 89' lang='lat' dir='ltr'><strong>quale</strong></span> <span class='ocrx_word' id='word_1_53' title='bbox 785 851 852 901; x_wconf 90' lang='lat' dir='ltr'><strong>ante</strong></span> <span class='ocrx_word' id='word_1_54' title='bbox 869 842 977 901; x_wconf 89' lang='lat' dir='ltr'><strong>cultum</strong></span> <span class='ocrx_word' id='word_1_55' title='bbox 996 842 1063 901; x_wconf 90' lang='lat' dir='ltr'><strong>iuit:</strong></span> 
     </span>
     <span class='ocr_line' id='line_1_9' title="bbox 57 923 1093 1003; baseline -0.002 -17"><span class='ocrx_word' id='word_1_56' title='bbox 57 937 118 986; x_wconf 91' lang='lat' dir='ltr'><strong>tota</strong></span> <span class='ocrx_word' id='word_1_57' title='bbox 140 927 214 986; x_wconf 89' lang='lat' dir='ltr'><strong>haec</strong></span> <span class='ocrx_word' id='word_1_58' title='bbox 236 945 282 985; x_wconf 90' lang='lat' dir='ltr'><strong>ars</strong></span> <span class='ocrx_word' id='word_1_59' title='bbox 306 925 406 985; x_wconf 90' lang='lat' dir='ltr'><strong>orandi</strong></span> <span class='ocrx_word' id='word_1_60' title='bbox 426 925 611 984; x_wconf 85' lang='lat' dir='ltr'><strong>subvertitur.</strong></span> <span class='ocrx_word' id='word_1_61' title='bbox 656 923 759 1003; x_wconf 90' lang='lat' dir='ltr'><strong>Neque</strong></span> <span class='ocrx_word' id='word_1_62' title='bbox 783 927 857 984; x_wconf 88' lang='lat' dir='ltr'><strong>enim</strong></span> <span class='ocrx_word' id='word_1_63' title='bbox 884 925 976 988; x_wconf 91' lang='lat' dir='ltr'><strong>locuti</strong></span> <span class='ocrx_word' id='word_1_64' title='bbox 1000 935 1093 995; x_wconf 83' lang='lat' dir='ltr'><strong>sunt4</strong></span> 
     </span>
     <span class='ocr_line' id='line_1_10' title="bbox 57 1008 1063 1088; baseline -0.001 -19"><span class='ocrx_word' id='word_1_65' title='bbox 57 1011 92 1070; x_wconf 86' lang='lat' dir='ltr'><strong>ad</strong></span> <span class='ocrx_word' id='word_1_66' title='bbox 118 1010 191 1069; x_wconf 87' lang='lat' dir='ltr'><strong>hano</strong></span> <span class='ocrx_word' id='word_1_67' title='bbox 212 1009 343 1087; x_wconf 84' lang='lat' dir='ltr'><strong>regulam</strong></span> <span class='ocrx_word' id='word_1_68' title='bbox 364 1018 393 1068; x_wconf 89' lang='lat' dir='ltr'><strong>et</strong></span> <span class='ocrx_word' id='word_1_69' title='bbox 415 1008 592 1086; x_wconf 85' lang='lat' dir='ltr'><strong>diligentiam</strong></span> <span class='ocrx_word' id='word_1_70' title='bbox 609 1009 692 1086; x_wconf 88' lang='lat' dir='ltr'><strong>primi</strong></span> <span class='ocrx_word' id='word_1_71' title='bbox 713 1008 861 1085; x_wconf 86' lang='lat' dir='ltr'><strong>homines,</strong></span> <span class='ocrx_word' id='word_1_72' title='bbox 881 1027 937 1069; x_wconf 90' lang='lat' dir='ltr'><strong>nec</strong></span> <span class='ocrx_word' id='word_1_73' title='bbox 956 1026 1063 1088; x_wconf 91' lang='lat' dir='ltr'><strong>prooe-</strong></span> 
     </span>
     <span class='ocr_line' id='line_1_11' title="bbox 56 1093 1063 1173; baseline 0 -20"><span class='ocrx_word' id='word_1_74' title='bbox 56 1096 120 1153; x_wconf 92' lang='lat' dir='ltr'><strong>miis</strong></span> <span class='ocrx_word' id='word_1_75' title='bbox 145 1112 338 1173; x_wconf 87' lang='lat' dir='ltr'><strong>praeparare,</strong></span> <span class='ocrx_word' id='word_1_76' title='bbox 361 1095 470 1154; x_wconf 94' lang='lat' dir='ltr'><strong>docere</strong></span> <span class='ocrx_word' id='word_1_77' title='bbox 495 1094 696 1171; x_wconf 83' lang='lat' dir='ltr'><strong>expositione,</strong></span> <span class='ocrx_word' id='word_1_78' title='bbox 728 1095 903 1170; x_wconf 85' lang='lat' dir='ltr'><strong>argumentis</strong></span> <span class='ocrx_word' id='word_1_79' title='bbox 925 1093 1063 1172; x_wconf 89' lang='lat' dir='ltr'><strong>probare,</strong></span> 
     </span>
     <span class='ocr_line' id='line_1_12' title="bbox 58 1174 1065 1254; baseline -0.002 -15"><span class='ocrx_word' id='word_1_80' title='bbox 58 1177 209 1239; x_wconf 85' lang='lat' dir='ltr'><strong>affectibus</strong></span> <span class='ocrx_word' id='word_1_81' title='bbox 227 1193 413 1237; x_wconf 88' lang='lat' dir='ltr'><strong>commovere</strong></span> <span class='ocrx_word' id='word_1_82' title='bbox 429 1179 566 1236; x_wconf 88' lang='lat' dir='ltr'><strong>scierunt.</strong></span> <span class='ocrx_word' id='word_1_83' title='bbox 598 1174 679 1254; x_wconf 84' lang='lat' dir='ltr'><strong>Ergo</strong></span> <span class='ocrx_word' id='word_1_84' title='bbox 697 1176 741 1235; x_wconf 91' lang='lat' dir='ltr'><strong>his</strong></span> <span class='ocrx_word' id='word_1_85' title='bbox 758 1177 906 1253; x_wconf 90' lang='lat' dir='ltr'><strong>omnibus,</strong></span> <span class='ocrx_word' id='word_1_86' title='bbox 924 1195 982 1236; x_wconf 91' lang='lat' dir='ltr'><strong>non</strong></span> <span class='ocrx_word' id='word_1_87' title='bbox 1000 1178 1065 1237; x_wconf 92' lang='lat' dir='ltr'><strong>sola</strong></span> 
     </span>
     <span class='ocr_line' id='line_1_13' title="bbox 58 1260 1063 1340; baseline -0.002 -18"><span class='ocrx_word' id='word_1_88' title='bbox 58 1262 269 1340; x_wconf 83' lang='lat' dir='ltr'><strong>compositione</strong></span> <span class='ocrx_word' id='word_1_89' title='bbox 288 1269 458 1328; x_wconf 90' lang='lat' dir='ltr'><strong>caruerunt;</strong></span> <span class='ocrx_word' id='word_1_90' title='bbox 483 1277 603 1338; x_wconf 92' lang='lat' dir='ltr'><strong>quorum</strong></span> <span class='ocrx_word' id='word_1_91' title='bbox 618 1263 643 1319; x_wconf 92' lang='lat' dir='ltr'><strong>si</strong></span> <span class='ocrx_word' id='word_1_92' title='bbox 658 1261 721 1319; x_wconf 87' lang='lat' dir='ltr'><strong>lieri</strong></span> <span class='ocrx_word' id='word_1_93' title='bbox 742 1260 812 1320; x_wconf 93' lang='lat' dir='ltr'><strong>nihil</strong></span> <span class='ocrx_word' id='word_1_94' title='bbox 826 1261 929 1321; x_wconf 88' lang='lat' dir='ltr'><strong>melius</strong></span> <span class='ocrx_word' id='word_1_95' title='bbox 945 1260 1063 1337; x_wconf 86' lang='lat' dir='ltr'><strong>licebat,</strong></span> 
     </span>
     <span class='ocr_line' id='line_1_14' title="bbox 56 1344 1065 1424; baseline -0.002 -19"><span class='ocrx_word' id='word_1_96' title='bbox 56 1365 93 1405; x_wconf 92' lang='lat' dir='ltr'><strong>ne</strong></span> <span class='ocrx_word' id='word_1_97' title='bbox 115 1345 245 1406; x_wconf 91' lang='lat' dir='ltr'><strong>domibus</strong></span> <span class='ocrx_word' id='word_1_98' title='bbox 270 1345 384 1424; x_wconf 91' lang='lat' dir='ltr'><strong>quidem</strong></span> <span class='ocrx_word' id='word_1_99' title='bbox 409 1362 491 1404; x_wconf 89' lang='lat' dir='ltr'><strong>casas</strong></span> <span class='ocrx_word' id='word_1_100' title='bbox 516 1353 564 1404; x_wconf 91' lang='lat' dir='ltr'><strong>aut</strong></span> <span class='ocrx_word' id='word_1_101' title='bbox 579 1344 710 1404; x_wconf 88' lang='lat' dir='ltr'><strong>vestibus</strong></span> <span class='ocrx_word' id='word_1_102' title='bbox 729 1344 847 1422; x_wconf 88' lang='lat' dir='ltr'><strong>pellium</strong></span> <span class='ocrx_word' id='word_1_103' title='bbox 869 1347 994 1422; x_wconf 84' lang='lat' dir='ltr'><strong>tegmina</strong></span> <span class='ocrx_word' id='word_1_104' title='bbox 1017 1355 1065 1406; x_wconf 89' lang='lat' dir='ltr'><strong>aut</strong></span> 
     </span>
     <span class='ocr_line' id='line_1_15' title="bbox 56 1428 1090 1508; baseline 0.003 -20"><span class='ocrx_word' id='word_1_105' title='bbox 56 1429 176 1488; x_wconf 90' lang='lat' dir='ltr'><strong>urbibus</strong></span> <span class='ocrx_word' id='word_1_106' title='bbox 196 1440 308 1488; x_wconf 89' lang='lat' dir='ltr'><strong>montes</strong></span> <span class='ocrx_word' id='word_1_107' title='bbox 331 1447 366 1488; x_wconf 89' lang='lat' dir='ltr'><strong>ac</strong></span> <span class='ocrx_word' id='word_1_108' title='bbox 387 1428 475 1488; x_wconf 91' lang='lat' dir='ltr'><strong>silvas</strong></span> <span class='ocrx_word' id='word_1_109' title='bbox 497 1429 598 1487; x_wconf 89' lang='lat' dir='ltr'><strong>mutari</strong></span> <span class='ocrx_word' id='word_1_110' title='bbox 622 1430 760 1507; x_wconf 90' lang='lat' dir='ltr'><strong>oportuit.</strong></span> <span class='ocrx_word' id='word_1_111' title='bbox 806 1428 888 1502; x_wconf 82' lang='lat' dir='ltr'><strong>Quae</strong></span> <span class='ocrx_word' id='word_1_112' title='bbox 904 1446 993 1508; x_wconf 90' lang='lat' dir='ltr'><strong>porro</strong></span> <span class='ocrx_word' id='word_1_113' title='bbox 1015 1440 1090 1491; x_wconf 72' lang='lat' dir='ltr'><strong>areo</strong></span> 
     </span>
     <span class='ocr_line' id='line_1_16' title="bbox 57 1509 1062 1591; baseline -0.002 -18"><span class='ocrx_word' id='word_1_114' title='bbox 57 1517 153 1573; x_wconf 88' lang='lat' dir='ltr'><strong>statim</strong></span> <span class='ocrx_word' id='word_1_115' title='bbox 176 1512 249 1572; x_wconf 84' lang='lat' dir='ltr'><strong>iuit‘l</strong></span> <span class='ocrx_word' id='word_1_116' title='bbox 278 1514 345 1591; x_wconf 95' lang='lat' dir='ltr'><strong>quid</strong></span> <span class='ocrx_word' id='word_1_117' title='bbox 364 1529 421 1571; x_wconf 96' lang='lat' dir='ltr'><strong>non</strong></span> <span class='ocrx_word' id='word_1_118' title='bbox 444 1513 522 1572; x_wconf 89' lang='lat' dir='ltr'><strong>cultu</strong></span> <span class='ocrx_word' id='word_1_119' title='bbox 544 1509 690 1572; x_wconf 77' lang='lat' dir='ltr'><strong>mitescit?</strong></span> <span class='ocrx_word' id='word_1_120' title='bbox 719 1531 770 1572; x_wconf 87' lang='lat' dir='ltr'><strong>cur</strong></span> <span class='ocrx_word' id='word_1_121' title='bbox 787 1515 861 1573; x_wconf 88' lang='lat' dir='ltr'><strong>vites</strong></span> <span class='ocrx_word' id='word_1_122' title='bbox 891 1530 1062 1573; x_wconf 90' lang='lat' dir='ltr'><strong>coercemus</strong></span> 
     </span>
     <span class='ocr_line' id='line_1_17' title="bbox 56 1593 1063 1659; baseline 0 -3"><span class='ocrx_word' id='word_1_123' title='bbox 56 1593 162 1656; x_wconf 76' lang='lat' dir='ltr'><strong>manu?</strong></span> <span class='ocrx_word' id='word_1_124' title='bbox 178 1616 229 1656; x_wconf 88' lang='lat' dir='ltr'><strong>our</strong></span> <span class='ocrx_word' id='word_1_125' title='bbox 245 1616 295 1659; x_wconf 87' lang='lat' dir='ltr'><strong>eas</strong></span> <span class='ocrx_word' id='word_1_126' title='bbox 311 1595 454 1656; x_wconf 79' lang='lat' dir='ltr'><strong>fodimus?</strong></span> <span class='ocrx_word' id='word_1_127' title='bbox 470 1597 558 1656; x_wconf 89' lang='lat' dir='ltr'><strong>rubos</strong></span> <span class='ocrx_word' id='word_1_128' title='bbox 575 1599 650 1656; x_wconf 85' lang='lat' dir='ltr'><strong>arvis</strong></span> <span class='ocrx_word' id='word_1_129' title='bbox 669 1595 849 1657; x_wconf 86' lang='lat' dir='ltr'><strong>excidimus?</strong></span> <span class='ocrx_word' id='word_1_130' title='bbox 867 1605 945 1657; x_wconf 88' lang='lat' dir='ltr'><strong>terra</strong></span> <span class='ocrx_word' id='word_1_131' title='bbox 963 1606 992 1657; x_wconf 97' lang='lat' dir='ltr'><strong>et</strong></span> <span class='ocrx_word' id='word_1_132' title='bbox 1009 1597 1063 1656; x_wconf 88' lang='lat' dir='ltr'><strong>hos</strong></span> 
     </span>
     <span class='ocr_line' id='line_1_18' title="bbox 56 1677 1063 1758; baseline 0 -18"><span class='ocrx_word' id='word_1_133' title='bbox 56 1691 194 1758; x_wconf 86' lang='lat' dir='ltr'><strong>generat;</strong></span> <span class='ocrx_word' id='word_1_134' title='bbox 219 1681 458 1741; x_wconf 85' lang='lat' dir='ltr'><strong>mansuefacimus</strong></span> <span class='ocrx_word' id='word_1_135' title='bbox 475 1677 627 1740; x_wconf 81' lang='lat' dir='ltr'><strong>animalia?</strong></span> <span class='ocrx_word' id='word_1_136' title='bbox 650 1682 787 1741; x_wconf 90' lang='lat' dir='ltr'><strong>indomita</strong></span> <span class='ocrx_word' id='word_1_137' title='bbox 802 1690 967 1741; x_wconf 86' lang='lat' dir='ltr'><strong>nascuntur.</strong></span> <span class='ocrx_word' id='word_1_138' title='bbox 1004 1681 1063 1740; x_wconf 90' lang='lat' dir='ltr'><strong>Ve-</strong></span> 
     </span>
     <span class='ocr_line' id='line_1_19' title="bbox 57 1764 1062 1844; baseline 0.001 -20"><span class='ocrx_word' id='word_1_139' title='bbox 57 1784 120 1824; x_wconf 92' lang='lat' dir='ltr'><strong>rum</strong></span> <span class='ocrx_word' id='word_1_140' title='bbox 139 1764 167 1824; x_wconf 93' lang='lat' dir='ltr'><strong>id</strong></span> <span class='ocrx_word' id='word_1_141' title='bbox 195 1775 240 1825; x_wconf 90' lang='lat' dir='ltr'><strong>est</strong></span> <span class='ocrx_word' id='word_1_142' title='bbox 264 1766 385 1824; x_wconf 87' lang='lat' dir='ltr'><strong>maxime</strong></span> <span class='ocrx_word' id='word_1_143' title='bbox 411 1764 557 1840; x_wconf 88' lang='lat' dir='ltr'><strong>naturale,</strong></span> <span class='ocrx_word' id='word_1_144' title='bbox 580 1765 658 1842; x_wconf 94' lang='lat' dir='ltr'><strong>quod</strong></span> <span class='ocrx_word' id='word_1_145' title='bbox 679 1767 742 1825; x_wconf 78' lang='lat' dir='ltr'><strong>iteri</strong></span> <span class='ocrx_word' id='word_1_146' title='bbox 764 1775 864 1825; x_wconf 87' lang='lat' dir='ltr'><strong>natura</strong></span> <span class='ocrx_word' id='word_1_147' title='bbox 888 1767 995 1844; x_wconf 92' lang='lat' dir='ltr'><strong>optime</strong></span> <span class='ocrx_word' id='word_1_148' title='bbox 1013 1784 1062 1844; x_wconf 89' lang='lat' dir='ltr'><strong>pa·</strong></span> 
     </span>
     <span class='ocr_line' id='line_1_20' title="bbox 56 1847 1091 1929; baseline 0.002 -22"><span class='ocrx_word' id='word_1_149' title='bbox 56 1851 134 1908; x_wconf 89' lang='lat' dir='ltr'><strong>titur.</strong></span> <span class='ocrx_word' id='word_1_150' title='bbox 167 1847 282 1908; x_wconf 84' lang='lat' dir='ltr'><strong>Fortius</strong></span> <span class='ocrx_word' id='word_1_151' title='bbox 294 1866 365 1907; x_wconf 89' lang='lat' dir='ltr'><strong>vero</strong></span> <span class='ocrx_word' id='word_1_152' title='bbox 386 1849 452 1927; x_wconf 92' lang='lat' dir='ltr'><strong>quid</strong></span> <span class='ocrx_word' id='word_1_153' title='bbox 469 1851 690 1927; x_wconf 90' lang='lat' dir='ltr'><strong>incompositum</strong></span> <span class='ocrx_word' id='word_1_154' title='bbox 705 1858 802 1928; x_wconf 91' lang='lat' dir='ltr'><strong>potest</strong></span> <span class='ocrx_word' id='word_1_155' title='bbox 818 1867 885 1908; x_wconf 91' lang='lat' dir='ltr'><strong>esse</strong></span> <span class='ocrx_word' id='word_1_156' title='bbox 904 1869 988 1929; x_wconf 87' lang='lat' dir='ltr'><strong>quam</strong></span> <span class='ocrx_word' id='word_1_157' title='bbox 1002 1852 1091 1916; x_wconf 85' lang='lat' dir='ltr'><strong>vin-6</strong></span> 
     </span>
     <span class='ocr_line' id='line_1_21' title="bbox 59 1932 1062 2012; baseline 0 -20"><span class='ocrx_word' id='word_1_158' title='bbox 59 1943 135 1992; x_wconf 92' lang='lat' dir='ltr'><strong>otum</strong></span> <span class='ocrx_word' id='word_1_159' title='bbox 154 1942 183 1992; x_wconf 85' lang='lat' dir='ltr'><strong>ct</strong></span> <span class='ocrx_word' id='word_1_160' title='bbox 206 1933 281 1992; x_wconf 93' lang='lat' dir='ltr'><strong>bene</strong></span> <span class='ocrx_word' id='word_1_161' title='bbox 304 1932 500 1993; x_wconf 80' lang='lat' dir='ltr'><strong>collocatum?</strong></span> <span class='ocrx_word' id='word_1_162' title='bbox 541 1932 656 2012; x_wconf 84' lang='lat' dir='ltr'><strong>Neque,</strong></span> <span class='ocrx_word' id='word_1_163' title='bbox 680 1935 705 1993; x_wconf 92' lang='lat' dir='ltr'><strong>si</strong></span> <span class='ocrx_word' id='word_1_164' title='bbox 729 1935 812 2012; x_wconf 88' lang='lat' dir='ltr'><strong>parvi</strong></span> <span class='ocrx_word' id='word_1_165' title='bbox 833 1933 926 2012; x_wconf 89' lang='lat' dir='ltr'><strong>pedes</strong></span> <span class='ocrx_word' id='word_1_166' title='bbox 941 1936 999 1994; x_wconf 90' lang='lat' dir='ltr'><strong>vim</strong></span> <span class='ocrx_word' id='word_1_167' title='bbox 1013 1934 1062 1993; x_wconf 91' lang='lat' dir='ltr'><strong>de·</strong></span> 
     </span>
     <span class='ocr_line' id='line_1_22' title="bbox 55 2015 1064 2096; baseline -0.001 -19"><span class='ocrx_word' id='word_1_168' title='bbox 55 2015 171 2077; x_wconf 90' lang='lat' dir='ltr'><strong>trahunt</strong></span> <span class='ocrx_word' id='word_1_169' title='bbox 186 2017 289 2093; x_wconf 90' lang='lat' dir='ltr'><strong>rebus,</strong></span> <span class='ocrx_word' id='word_1_170' title='bbox 309 2026 340 2076; x_wconf 91' lang='lat' dir='ltr'><strong>ut</strong></span> <span class='ocrx_word' id='word_1_171' title='bbox 352 2016 544 2077; x_wconf 84' lang='lat' dir='ltr'><strong>Sotadeorum</strong></span> <span class='ocrx_word' id='word_1_172' title='bbox 560 2026 588 2076; x_wconf 93' lang='lat' dir='ltr'><strong>et</strong></span> <span class='ocrx_word' id='word_1_173' title='bbox 603 2016 826 2078; x_wconf 84' lang='lat' dir='ltr'><strong>Galliamborum</strong></span> <span class='ocrx_word' id='word_1_174' title='bbox 843 2027 872 2078; x_wconf 88' lang='lat' dir='ltr'><strong>et</strong></span> <span class='ocrx_word' id='word_1_175' title='bbox 886 2018 1064 2096; x_wconf 89' lang='lat' dir='ltr'><strong>quorundam</strong></span> 
     </span>
     <span class='ocr_line' id='line_1_23' title="bbox 55 2101 1063 2180; baseline -0.002 -18"><span class='ocrx_word' id='word_1_176' title='bbox 55 2105 85 2162; x_wconf 93' lang='lat' dir='ltr'><strong>in</strong></span> <span class='ocrx_word' id='word_1_177' title='bbox 101 2101 233 2160; x_wconf 91' lang='lat' dir='ltr'><strong>oratione</strong></span> <span class='ocrx_word' id='word_1_178' title='bbox 250 2101 334 2160; x_wconf 92' lang='lat' dir='ltr'><strong>simili</strong></span> <span class='ocrx_word' id='word_1_179' title='bbox 353 2119 446 2179; x_wconf 88' lang='lat' dir='ltr'><strong>paene</strong></span> <span class='ocrx_word' id='word_1_180' title='bbox 462 2101 578 2160; x_wconf 89' lang='lat' dir='ltr'><strong>licentia</strong></span> <span class='ocrx_word' id='word_1_181' title='bbox 598 2101 823 2177; x_wconf 84' lang='lat' dir='ltr'><strong>lascivientium,</strong></span> <span class='ocrx_word' id='word_1_182' title='bbox 844 2104 1063 2180; x_wconf 87' lang='lat' dir='ltr'><strong>compositionis</strong></span> 
     </span>
     <span class='ocr_line' id='line_1_24' title="bbox 58 2183 1090 2262; baseline 0 -18"><span class='ocrx_word' id='word_1_183' title='bbox 58 2193 103 2244; x_wconf 89' lang='lat' dir='ltr'><strong>est</strong></span> <span class='ocrx_word' id='word_1_184' title='bbox 118 2185 308 2245; x_wconf 89' lang='lat' dir='ltr'><strong>iudicandum.</strong></span> <span class='ocrx_word' id='word_1_185' title='bbox 351 2183 487 2244; x_wconf 79' lang='lat' dir='ltr'><strong>Ceterum</strong></span> <span class='ocrx_word' id='word_1_186' title='bbox 503 2193 608 2262; x_wconf 91' lang='lat' dir='ltr'><strong>quanto</strong></span> <span class='ocrx_word' id='word_1_187' title='bbox 624 2184 825 2245; x_wconf 86' lang='lat' dir='ltr'><strong>vehementior</strong></span> <span class='ocrx_word' id='word_1_188' title='bbox 839 2184 984 2245; x_wconf 86' lang='lat' dir='ltr'><strong>fluminum</strong></span> <span class='ocrx_word' id='word_1_189' title='bbox 1000 2204 1062 2245; x_wconf 90' lang='lat' dir='ltr'><strong>our·</strong></span> <span class='ocrx_word' id='word_1_190' title='bbox 1075 2195 1090 2251; x_wconf 83' lang='lat'><strong>7</strong></span> 
     </span>
     <span class='ocr_line' id='line_1_25' title="bbox 57 2267 1064 2347; baseline 0 -20"><span class='ocrx_word' id='word_1_191' title='bbox 57 2286 107 2327; x_wconf 88' lang='lat' dir='ltr'><strong>sus</strong></span> <span class='ocrx_word' id='word_1_192' title='bbox 130 2277 175 2327; x_wconf 90' lang='lat' dir='ltr'><strong>est</strong></span> <span class='ocrx_word' id='word_1_193' title='bbox 196 2286 289 2347; x_wconf 92' lang='lat' dir='ltr'><strong>prono</strong></span> <span class='ocrx_word' id='word_1_194' title='bbox 313 2269 397 2329; x_wconf 91' lang='lat' dir='ltr'><strong>alveo</strong></span> <span class='ocrx_word' id='word_1_195' title='bbox 421 2286 455 2328; x_wconf 89' lang='lat' dir='ltr'><strong>ac</strong></span> <span class='ocrx_word' id='word_1_196' title='bbox 472 2267 567 2327; x_wconf 94' lang='lat' dir='ltr'><strong>nullas</strong></span> <span class='ocrx_word' id='word_1_197' title='bbox 588 2284 684 2328; x_wconf 90' lang='lat' dir='ltr'><strong>moras</strong></span> <span class='ocrx_word' id='word_1_198' title='bbox 706 2268 861 2328; x_wconf 88' lang='lat' dir='ltr'><strong>obiiciente</strong></span> <span class='ocrx_word' id='word_1_199' title='bbox 883 2286 967 2347; x_wconf 83' lang='lat' dir='ltr'><strong>quum</strong></span> <span class='ocrx_word' id='word_1_200' title='bbox 988 2272 1064 2327; x_wconf 90' lang='lat' dir='ltr'><strong>inter</strong></span> 
     </span>
     <span class='ocr_line' id='line_1_26' title="bbox 57 2351 1063 2429; baseline 0 -18"><span class='ocrx_word' id='word_1_201' title='bbox 57 2351 201 2412; x_wconf 85' lang='lat' dir='ltr'><strong>obstantia</strong></span> <span class='ocrx_word' id='word_1_202' title='bbox 223 2371 294 2412; x_wconf 85' lang='lat' dir='ltr'><strong>saxa</strong></span> <span class='ocrx_word' id='word_1_203' title='bbox 320 2353 420 2413; x_wconf 86' lang='lat' dir='ltr'><strong>fractis</strong></span> <span class='ocrx_word' id='word_1_204' title='bbox 446 2353 527 2429; x_wconf 89' lang='lat' dir='ltr'><strong>aquis</strong></span> <span class='ocrx_word' id='word_1_205' title='bbox 549 2369 584 2411; x_wconf 88' lang='lat' dir='ltr'><strong>ac</strong></span> <span class='ocrx_word' id='word_1_206' title='bbox 604 2351 828 2412; x_wconf 91' lang='lat' dir='ltr'><strong>reluctantibus:</strong></span> <span class='ocrx_word' id='word_1_207' title='bbox 861 2361 957 2427; x_wconf 87' lang='lat' dir='ltr'><strong>tanto,</strong></span> <span class='ocrx_word' id='word_1_208' title='bbox 988 2370 1063 2429; x_wconf 92' lang='lat' dir='ltr'><strong>quae</strong></span> 
     </span>
     <span class='ocr_line' id='line_1_27' title="bbox 58 2434 1063 2513; baseline -0.001 -17"><span class='ocrx_word' id='word_1_209' title='bbox 58 2452 190 2497; x_wconf 89' lang='lat' dir='ltr'><strong>connexa</strong></span> <span class='ocrx_word' id='word_1_210' title='bbox 211 2446 256 2495; x_wconf 90' lang='lat' dir='ltr'><strong>est</strong></span> <span class='ocrx_word' id='word_1_211' title='bbox 277 2445 306 2495; x_wconf 89' lang='lat' dir='ltr'><strong>et</strong></span> <span class='ocrx_word' id='word_1_212' title='bbox 326 2439 394 2495; x_wconf 88' lang='lat' dir='ltr'><strong>totis</strong></span> <span class='ocrx_word' id='word_1_213' title='bbox 415 2434 523 2495; x_wconf 89' lang='lat' dir='ltr'><strong>viribus</strong></span> <span class='ocrx_word' id='word_1_214' title='bbox 551 2434 626 2511; x_wconf 85' lang='lat' dir='ltr'><strong>duit,</strong></span> <span class='ocrx_word' id='word_1_215' title='bbox 652 2435 771 2513; x_wconf 81' lang='lat' dir='ltr'><strong>fragosa</strong></span> <span class='ocrx_word' id='word_1_216' title='bbox 792 2445 879 2513; x_wconf 87' lang='lat' dir='ltr'><strong>atque</strong></span> <span class='ocrx_word' id='word_1_217' title='bbox 904 2437 1063 2513; x_wconf 90' lang='lat' dir='ltr'><strong>interrupta</strong></span> 
     </span>
     <span class='ocr_line' id='line_1_28' title="bbox 55 2517 1063 2598; baseline -0.001 -19"><span class='ocrx_word' id='word_1_218' title='bbox 55 2520 160 2579; x_wconf 92' lang='lat' dir='ltr'><strong>melior</strong></span> <span class='ocrx_word' id='word_1_219' title='bbox 188 2522 292 2579; x_wconf 87' lang='lat' dir='ltr'><strong>oratio.</strong></span> <span class='ocrx_word' id='word_1_220' title='bbox 343 2517 401 2579; x_wconf 85' lang='lat' dir='ltr'><strong>Cur</strong></span> <span class='ocrx_word' id='word_1_221' title='bbox 424 2537 495 2596; x_wconf 88' lang='lat' dir='ltr'><strong>ergo</strong></span> <span class='ocrx_word' id='word_1_222' title='bbox 518 2520 596 2578; x_wconf 89' lang='lat' dir='ltr'><strong>vires</strong></span> <span class='ocrx_word' id='word_1_223' title='bbox 621 2521 699 2598; x_wconf 89' lang='lat' dir='ltr'><strong>ipsas</strong></span> <span class='ocrx_word' id='word_1_224' title='bbox 726 2519 827 2597; x_wconf 87' lang='lat' dir='ltr'><strong>specie</strong></span> <span class='ocrx_word' id='word_1_225' title='bbox 853 2519 928 2579; x_wconf 89' lang='lat' dir='ltr'><strong>solvi</strong></span> <span class='ocrx_word' id='word_1_226' title='bbox 951 2528 1063 2597; x_wconf 86' lang='lat' dir='ltr'><strong>putent,</strong></span> 
     </span>
     <span class='ocr_line' id='line_1_29' title="bbox 57 2603 1063 2682; baseline -0.001 -20"><span class='ocrx_word' id='word_1_227' title='bbox 57 2604 172 2682; x_wconf 90' lang='lat' dir='ltr'><strong>quando</strong></span> <span class='ocrx_word' id='word_1_228' title='bbox 186 2623 234 2664; x_wconf 90' lang='lat' dir='ltr'><strong>res</strong></span> <span class='ocrx_word' id='word_1_229' title='bbox 250 2622 306 2663; x_wconf 91' lang='lat' dir='ltr'><strong>nec</strong></span> <span class='ocrx_word' id='word_1_230' title='bbox 319 2604 378 2663; x_wconf 92' lang='lat' dir='ltr'><strong>ulla</strong></span> <span class='ocrx_word' id='word_1_231' title='bbox 393 2605 455 2662; x_wconf 90' lang='lat' dir='ltr'><strong>sine</strong></span> <span class='ocrx_word' id='word_1_232' title='bbox 472 2611 534 2663; x_wconf 90' lang='lat' dir='ltr'><strong>arte</strong></span> <span class='ocrx_word' id='word_1_233' title='bbox 549 2605 619 2662; x_wconf 88' lang='lat' dir='ltr'><strong>satis</strong></span> <span class='ocrx_word' id='word_1_234' title='bbox 634 2603 749 2680; x_wconf 86' lang='lat' dir='ltr'><strong>valeat,</strong></span> <span class='ocrx_word' id='word_1_235' title='bbox 772 2612 802 2661; x_wconf 90' lang='lat' dir='ltr'><strong>et</strong></span> <span class='ocrx_word' id='word_1_236' title='bbox 822 2605 974 2662; x_wconf 91' lang='lat' dir='ltr'><strong>comitetur</strong></span> <span class='ocrx_word' id='word_1_237' title='bbox 988 2621 1063 2662; x_wconf 92' lang='lat' dir='ltr'><strong>sem-</strong></span> 
     </span>
     <span class='ocr_line' id='line_1_30' title="bbox 58 2684 1091 2766; baseline 0.002 -20"><span class='ocrx_word' id='word_1_238' title='bbox 58 2706 111 2764; x_wconf 88' lang='lat' dir='ltr'><strong>per</strong></span> <span class='ocrx_word' id='word_1_239' title='bbox 134 2697 224 2747; x_wconf 85' lang='lat' dir='ltr'><strong>artem</strong></span> <span class='ocrx_word' id='word_1_240' title='bbox 249 2684 360 2747; x_wconf 81' lang='lat' dir='ltr'><strong>decor?</strong></span> <span class='ocrx_word' id='word_1_241' title='bbox 402 2687 448 2746; x_wconf 86' lang='lat' dir='ltr'><strong>An</strong></span> <span class='ocrx_word' id='word_1_242' title='bbox 471 2703 529 2745; x_wconf 95' lang='lat' dir='ltr'><strong>non</strong></span> <span class='ocrx_word' id='word_1_243' title='bbox 552 2705 633 2763; x_wconf 85' lang='lat' dir='ltr'><strong>eam,</strong></span> <span class='ocrx_word' id='word_1_244' title='bbox 662 2705 736 2766; x_wconf 90' lang='lat' dir='ltr'><strong>quae</strong></span> <span class='ocrx_word' id='word_1_245' title='bbox 753 2688 857 2746; x_wconf 90' lang='lat' dir='ltr'><strong>emissa</strong></span> <span class='ocrx_word' id='word_1_246' title='bbox 877 2689 984 2766; x_wconf 89' lang='lat' dir='ltr'><strong>optime</strong></span> <span class='ocrx_word' id='word_1_247' title='bbox 1007 2695 1091 2763; x_wconf 83' lang='lat' dir='ltr'><strong>est,8</strong></span> 
     </span>
     <span class='ocr_line' id='line_1_31' title="bbox 56 2770 1062 2850; baseline 0 -21"><span class='ocrx_word' id='word_1_248' title='bbox 56 2770 167 2829; x_wconf 87' lang='lat' dir='ltr'><strong>hastam</strong></span> <span class='ocrx_word' id='word_1_249' title='bbox 187 2771 405 2850; x_wconf 87' lang='lat' dir='ltr'><strong>speciosissime</strong></span> <span class='ocrx_word' id='word_1_250' title='bbox 427 2779 586 2831; x_wconf 86' lang='lat' dir='ltr'><strong>contortam</strong></span> <span class='ocrx_word' id='word_1_251' title='bbox 607 2771 677 2830; x_wconf 87' lang='lat' dir='ltr'><strong>ferri</strong></span> <span class='ocrx_word' id='word_1_252' title='bbox 698 2770 842 2838; x_wconf 75' lang='lat' dir='ltr'><strong>videmus:</strong></span> <span class='ocrx_word' id='word_1_253' title='bbox 867 2781 895 2830; x_wconf 91' lang='lat' dir='ltr'><strong>et</strong></span> <span class='ocrx_word' id='word_1_254' title='bbox 911 2789 979 2830; x_wconf 89' lang='lat' dir='ltr'><strong>arcu</strong></span> <span class='ocrx_word' id='word_1_255' title='bbox 996 2771 1062 2830; x_wconf 92' lang='lat' dir='ltr'><strong>diri·</strong></span> 
     </span>
     <span class='ocr_line' id='line_1_32' title="bbox 55 2854 1062 2933; baseline 0 -20"><span class='ocrx_word' id='word_1_256' title='bbox 55 2856 184 2931; x_wconf 85' lang='lat' dir='ltr'><strong>gentium</strong></span> <span class='ocrx_word' id='word_1_257' title='bbox 206 2855 283 2931; x_wconf 85' lang='lat' dir='ltr'><strong>tela,</strong></span> <span class='ocrx_word' id='word_1_258' title='bbox 306 2872 363 2932; x_wconf 95' lang='lat' dir='ltr'><strong>quo</strong></span> <span class='ocrx_word' id='word_1_259' title='bbox 383 2858 492 2914; x_wconf 86' lang='lat' dir='ltr'><strong>certior</strong></span> <span class='ocrx_word' id='word_1_260' title='bbox 512 2873 627 2931; x_wconf 88' lang='lat' dir='ltr'><strong>manus,</strong></span> <span class='ocrx_word' id='word_1_261' title='bbox 648 2854 706 2914; x_wconf 90' lang='lat' dir='ltr'><strong>hoc</strong></span> <span class='ocrx_word' id='word_1_262' title='bbox 726 2863 771 2914; x_wconf 89' lang='lat' dir='ltr'><strong>est</strong></span> <span class='ocrx_word' id='word_1_263' title='bbox 785 2854 898 2915; x_wconf 86' lang='lat' dir='ltr'><strong>habitus</strong></span> <span class='ocrx_word' id='word_1_264' title='bbox 919 2857 985 2933; x_wconf 86' lang='lat' dir='ltr'><strong>ipsc</strong></span> <span class='ocrx_word' id='word_1_265' title='bbox 1003 2855 1062 2913; x_wconf 91' lang='lat' dir='ltr'><strong>ior-</strong></span> 
     </span>
     <span class='ocr_line' id='line_1_33' title="bbox 56 2936 1062 3018; baseline 0.002 -22"><span class='ocrx_word' id='word_1_266' title='bbox 56 2936 188 2997; x_wconf 79' lang='lat' dir='ltr'><strong>mosior‘l</strong></span> <span class='ocrx_word' id='word_1_267' title='bbox 233 2938 292 2998; x_wconf 93' lang='lat' dir='ltr'><strong>lam</strong></span> <span class='ocrx_word' id='word_1_268' title='bbox 314 2941 469 2998; x_wconf 87' lang='lat' dir='ltr'><strong>certamine</strong></span> <span class='ocrx_word' id='word_1_269' title='bbox 495 2957 637 2999; x_wconf 89' lang='lat' dir='ltr'><strong>armorum</strong></span> <span class='ocrx_word' id='word_1_270' title='bbox 661 2947 747 3017; x_wconf 92' lang='lat' dir='ltr'><strong>atque</strong></span> <span class='ocrx_word' id='word_1_271' title='bbox 768 2940 796 2998; x_wconf 95' lang='lat' dir='ltr'><strong>in</strong></span> <span class='ocrx_word' id='word_1_272' title='bbox 818 2942 893 2999; x_wconf 91' lang='lat' dir='ltr'><strong>omni</strong></span> <span class='ocrx_word' id='word_1_273' title='bbox 914 2939 1062 3018; x_wconf 87' lang='lat' dir='ltr'><strong>palaestra</strong></span> 
     </span>
     <span class='ocr_line' id='line_1_34' title="bbox 57 3022 1062 3101; baseline 0.002 -21"><span class='ocrx_word' id='word_1_274' title='bbox 57 3022 123 3100; x_wconf 91' lang='lat' dir='ltr'><strong>quid</strong></span> <span class='ocrx_word' id='word_1_275' title='bbox 143 3023 211 3081; x_wconf 90' lang='lat' dir='ltr'><strong>satis</strong></span> <span class='ocrx_word' id='word_1_276' title='bbox 230 3032 311 3082; x_wconf 85' lang='lat' dir='ltr'><strong>reete</strong></span> <span class='ocrx_word' id='word_1_277' title='bbox 330 3031 450 3082; x_wconf 88' lang='lat' dir='ltr'><strong>cavetur</strong></span> <span class='ocrx_word' id='word_1_278' title='bbox 465 3041 499 3083; x_wconf 89' lang='lat' dir='ltr'><strong>ac</strong></span> <span class='ocrx_word' id='word_1_279' title='bbox 515 3025 638 3101; x_wconf 90' lang='lat' dir='ltr'><strong>petitur,</strong></span> <span class='ocrx_word' id='word_1_280' title='bbox 664 3025 709 3082; x_wconf 86' lang='lat' dir='ltr'><strong>cui</strong></span> <span class='ocrx_word' id='word_1_281' title='bbox 725 3040 782 3082; x_wconf 94' lang='lat' dir='ltr'><strong>non</strong></span> <span class='ocrx_word' id='word_1_282' title='bbox 798 3023 903 3083; x_wconf 83' lang='lat' dir='ltr'><strong>artifex</strong></span> <span class='ocrx_word' id='word_1_283' title='bbox 922 3032 1016 3083; x_wconf 92' lang='lat' dir='ltr'><strong>motus</strong></span> <span class='ocrx_word' id='word_1_284' title='bbox 1033 3031 1062 3082; x_wconf 90' lang='lat' dir='ltr'><strong>et</strong></span> 
     </span>
     <span class='ocr_line' id='line_1_35' title="bbox 56 3103 1090 3185; baseline 0 -19"><span class='ocrx_word' id='word_1_285' title='bbox 56 3107 130 3166; x_wconf 88' lang='lat' dir='ltr'><strong>certi</strong></span> <span class='ocrx_word' id='word_1_286' title='bbox 146 3106 259 3184; x_wconf 90' lang='lat' dir='ltr'><strong>quidam</strong></span> <span class='ocrx_word' id='word_1_287' title='bbox 280 3108 372 3185; x_wconf 89' lang='lat' dir='ltr'><strong>pedes</strong></span> <span class='ocrx_word' id='word_1_288' title='bbox 396 3103 507 3167; x_wconf 78' lang='lat' dir='ltr'><strong>assint?</strong></span> <span class='ocrx_word' id='word_1_289' title='bbox 547 3107 644 3180; x_wconf 80' lang='lat' dir='ltr'><strong>Quare</strong></span> <span class='ocrx_word' id='word_1_290' title='bbox 664 3105 731 3166; x_wconf 94' lang='lat' dir='ltr'><strong>mihi</strong></span> <span class='ocrx_word' id='word_1_291' title='bbox 753 3108 965 3185; x_wconf 90' lang='lat' dir='ltr'><strong>compositione</strong></span> <span class='ocrx_word' id='word_1_292' title='bbox 983 3107 1090 3166; x_wconf 76' lang='lat' dir='ltr'><strong>veluti)</strong></span> 
     </span>
     <span class='ocr_line' id='line_1_36' title="bbox 56 3190 1061 3269; baseline 0.001 -20"><span class='ocrx_word' id='word_1_293' title='bbox 56 3192 176 3249; x_wconf 85' lang='lat' dir='ltr'><strong>amentis</strong></span> <span class='ocrx_word' id='word_1_294' title='bbox 202 3190 371 3269; x_wconf 88' lang='lat' dir='ltr'><strong>quibusdam</strong></span> <span class='ocrx_word' id='word_1_295' title='bbox 396 3192 532 3251; x_wconf 83' lang='lat' dir='ltr'><strong>nervisve</strong></span> <span class='ocrx_word' id='word_1_296' title='bbox 558 3190 666 3251; x_wconf 92' lang='lat' dir='ltr'><strong>intendi</strong></span> <span class='ocrx_word' id='word_1_297' title='bbox 688 3199 716 3249; x_wconf 93' lang='lat' dir='ltr'><strong>et</strong></span> <span class='ocrx_word' id='word_1_298' title='bbox 739 3192 878 3251; x_wconf 87' lang='lat' dir='ltr'><strong>concitari</strong></span> <span class='ocrx_word' id='word_1_299' title='bbox 900 3193 1061 3251; x_wconf 89' lang='lat' dir='ltr'><strong>sententiae</strong></span> 
     </span>
     <span class='ocr_line' id='line_1_37' title="bbox 55 3274 1062 3353; baseline 0.002 -21"><span class='ocrx_word' id='word_1_300' title='bbox 55 3274 197 3333; x_wconf 89' lang='lat' dir='ltr'><strong>videntur.</strong></span> <span class='ocrx_word' id='word_1_301' title='bbox 235 3274 364 3353; x_wconf 93' lang='lat' dir='ltr'><strong>ldeoque</strong></span> <span class='ocrx_word' id='word_1_302' title='bbox 378 3275 573 3334; x_wconf 89' lang='lat' dir='ltr'><strong>eruditissimo</strong></span> <span class='ocrx_word' id='word_1_303' title='bbox 586 3277 690 3352; x_wconf 89' lang='lat' dir='ltr'><strong>cuique</strong></span> <span class='ocrx_word' id='word_1_304' title='bbox 703 3292 873 3352; x_wconf 89' lang='lat' dir='ltr'><strong>persuasum</strong></span> <span class='ocrx_word' id='word_1_305' title='bbox 885 3283 944 3352; x_wconf 88' lang='lat' dir='ltr'><strong>est,</strong></span> <span class='ocrx_word' id='word_1_306' title='bbox 961 3275 1062 3336; x_wconf 88' lang='lat' dir='ltr'><strong>valere</strong></span> 
     </span>
     <span class='ocr_line' id='line_1_38' title="bbox 56 3358 1063 3436; baseline 0.001 -20"><span class='ocrx_word' id='word_1_307' title='bbox 56 3374 119 3416; x_wconf 89' lang='lat' dir='ltr'><strong>eam</strong></span> <span class='ocrx_word' id='word_1_308' title='bbox 145 3358 295 3436; x_wconf 92' lang='lat' dir='ltr'><strong>plurimum</strong></span> <span class='ocrx_word' id='word_1_309' title='bbox 322 3375 380 3417; x_wconf 94' lang='lat' dir='ltr'><strong>non</strong></span> <span class='ocrx_word' id='word_1_310' title='bbox 404 3359 439 3418; x_wconf 90' lang='lat' dir='ltr'><strong>ad</strong></span> <span class='ocrx_word' id='word_1_311' title='bbox 466 3358 688 3419; x_wconf 88' lang='lat' dir='ltr'><strong>delectationem</strong></span> <span class='ocrx_word' id='word_1_312' title='bbox 710 3358 794 3417; x_wconf 92' lang='lat' dir='ltr'><strong>modo</strong></span> <span class='ocrx_word' id='word_1_313' title='bbox 820 3359 873 3418; x_wconf 88' lang='lat' dir='ltr'><strong>sed</strong></span> <span class='ocrx_word' id='word_1_314' title='bbox 900 3358 1063 3419; x_wconf 90' lang='lat' dir='ltr'><strong>admotum</strong></span> 
     </span>
     <span class='ocr_line' id='line_1_39' title="bbox 55 3440 1104 3521; baseline 0.005 -22"><span class='ocrx_word' id='word_1_315' title='bbox 55 3458 173 3519; x_wconf 90' lang='lat' dir='ltr'><strong>quoque</strong></span> <span class='ocrx_word' id='word_1_316' title='bbox 192 3443 357 3500; x_wconf 85' lang='lat' dir='ltr'><strong>animorum.</strong></span> <span class='ocrx_word' id='word_1_317' title='bbox 400 3440 522 3501; x_wconf 90' lang='lat' dir='ltr'><strong>Primum</strong></span> <span class='ocrx_word' id='word_1_318' title='bbox 541 3442 608 3521; x_wconf 85' lang='lat' dir='ltr'><strong>quia</strong></span> <span class='ocrx_word' id='word_1_319' title='bbox 627 3441 695 3502; x_wconf 93' lang='lat' dir='ltr'><strong>nihil</strong></span> <span class='ocrx_word' id='word_1_320' title='bbox 717 3443 823 3502; x_wconf 87' lang='lat' dir='ltr'><strong>intrare</strong></span> <span class='ocrx_word' id='word_1_321' title='bbox 839 3452 937 3521; x_wconf 86' lang='lat' dir='ltr'><strong>potest</strong></span> <span class='ocrx_word' id='word_1_322' title='bbox 952 3445 980 3503; x_wconf 94' lang='lat' dir='ltr'><strong>in</strong></span> <span class='ocrx_word' id='word_1_323' title='bbox 995 3443 1064 3503; x_wconf 88' lang='lat' dir='ltr'><strong>alie·</strong></span> <span class='ocrx_word' id='word_1_324' title='bbox 1072 3450 1104 3504; x_wconf 83' lang='grc'><strong>10</strong></span> 
     </span>
    </p>
   </div>
   <div class='ocr_carea' id='block_1_4' title="bbox 0 0 1288 4026">
    <p class='ocr_par' dir='ltr' id='par_1_5' title="bbox 0 0 1288 4026">
     <span class='ocr_line' id='line_1_40' title="bbox 0 0 1288 4026; baseline 0 0"><span class='ocrx_word' id='word_1_325' title='bbox 0 0 1288 4026; x_wconf 95' lang='lat' dir='ltr'><strong> </strong></span> 
     </span>
    </p>
   </div>
  </div>
 </body>
</html>
