2566 4026
406 183 841 254 rasr.0naroa.u1e.11,17.
966 227 968 230 -
1087 183 1127 247 at

112 347 181 411 sibi.
209 343 307 406 Causa
322 346 397 403 enim
413 361 476 403 cum
492 362 589 419 causa,
606 361 663 402 non
677 344 728 405 illa
742 362 840 403 secum
855 347 919 423 ipsa
930 348 1122 424 componitur.

115 430 197 505 Nec,
220 431 247 488 si
266 437 396 506 pugnent
415 429 490 486 inter
510 445 559 503 se,
586 431 634 505 qui
649 428 724 486 idem
742 427 915 504 didicerunt,
938 430 1048 490 idoIroo
1064 448 1122 509 ars,

116 532 194 592 quae
209 515 327 590 utrique
341 512 444 571 tradita
460 519 516 585 est,
531 528 588 570 non
605 512 672 577 erit;
692 511 801 588 alioqui
817 529 873 571 nec
886 529 1039 590 armorum,
1058 517 1124 593 quia

116 615 211 675 saepe
232 596 411 672 gladiatores
434 594 486 653 sub
503 594 607 653 eodem
624 597 763 671 magistro
784 595 887 655 eruditi
907 598 982 655 inter
997 615 1031 656 se
1047 616 1123 660 com·

116 689 280 759 ponuntur;
306 697 361 739 nec
386 677 581 755 gubernandi,
610 680 676 755 quia
698 678 848 739 navalibus
872 680 993 756 proeliis
1018 683 1166 757 guber-34

117 775 204 825 nator
227 772 272 822 est
293 762 481 840 gubernatori
503 762 658 828 adversus;
679 780 735 821 nee
757 764 960 840 imperatoria,
987 766 1053 841 quia
1074 768 1124 825 im·

118 857 241 928 perator
267 865 330 906 cum
354 849 530 924 imperatore
557 846 712 905 contendit.
751 845 823 906 Item
845 862 903 906 non
924 849 1030 906 evertit
1051 865 1126 926 opus

118 933 287 1006 rhetorice,
310 930 387 1008 quod
409 930 508 990 eflicit.
543 927 648 1007 Neque
663 931 737 988 enim
751 932 877 1008 positum
893 949 909 990 a
924 949 957 990 se
974 949 1125 1007 argumen-

118 1027 178 1076 tum
194 1015 285 1074 solvit
300 1024 399 1074 orator
420 1015 472 1074 sed
493 1032 531 1073 ne
552 1013 698 1072 rhetorice
721 1014 850 1091 quidem,
876 1017 941 1093 quia
962 1015 1038 1093 apud
1060 1032 1125 1092 eos,

120 1102 213 1178 quiin
229 1098 433 1177 persuadendo
449 1098 534 1157 finem
556 1107 671 1175 putant,
693 1107 741 1157 aut
756 1099 781 1156 si
796 1100 859 1176 quis
881 1099 927 1175 (at
943 1099 1017 1178 dixi)
1040 1117 1126 1159 casus

120 1185 195 1244 duos
211 1184 288 1242 inter
303 1201 335 1242 se
350 1181 444 1241 bonos
461 1185 540 1241 viros
559 1184 772 1259 composuerit,
794 1183 963 1243 verisimilia
984 1200 1125 1260 quaeren-

121 1279 182 1335 tur;
206 1283 266 1326 non
281 1276 391 1342 autem,
415 1268 440 1325 si
459 1266 527 1344 quid
546 1274 591 1324 est
606 1265 698 1326 altero
719 1265 901 1339 credibilius,
924 1267 953 1327 id
969 1268 996 1324 ei
1012 1276 1126 1326 contra·

121 1355 194 1410 rium
212 1360 271 1424 est,
296 1350 373 1428 quod
395 1350 447 1409 fuit
468 1348 617 1409 credibile.
651 1347 722 1409 Nam
742 1359 772 1408 ut
794 1348 915 1410 candido
934 1350 1081 1410 candidius
1098 1358 1168 1413 etat

120 1435 200 1494 dulci
217 1434 329 1493 dulcius
344 1450 401 1492 non
417 1442 462 1493 est
477 1434 639 1506 adversum,
654 1436 693 1492 ita
707 1451 762 1492 nec
777 1432 921 1511 probabili
935 1433 1125 1512 probabilius.

121 1516 227 1596 Neque
242 1520 385 1596 praecipit
405 1535 528 1595 unquam
544 1535 601 1576 non
617 1517 738 1577 dicenda
754 1535 810 1577 nec
824 1517 952 1576 dicendis
969 1518 1126 1594 contraria,

121 1603 175 1662 sed
193 1619 267 1679 quae
285 1604 313 1660 in
333 1619 446 1679 quaque
463 1619 550 1661 causa
569 1601 691 1660 dicenda
711 1603 776 1660 sint.
815 1599 881 1661 Non
901 1620 1018 1680 semper
1033 1610 1168 1666 autemst

122 1689 165 1760 ei,
183 1687 295 1744 etiamsi
308 1685 557 1763 frequentissime,
574 1684 679 1743 tuenda
693 1687 800 1744 veritas
817 1687 886 1753 erit;
904 1686 957 1746 sed
972 1686 1126 1765 aliquando

123 1771 215 1846 exigit
232 1771 389 1828 communis
406 1770 530 1844 utilitas,
554 1777 584 1827 ut
600 1771 686 1828 etiam
703 1768 778 1828 lalsa
792 1769 938 1830 defendat.

208 1853 355 1913 Ponuntur
370 1853 423 1913 bae
446 1869 561 1930 quoque
582 1854 611 1911 iu
633 1852 762 1911 secundo
784 1850 935 1913 Ciceronis
956 1852 993 1913 de
1008 1862 1128 1914 oratore

123 1937 198 1997 libro
213 1937 473 1998 contradictiones:
490 1945 589 1998 ortem
602 1954 710 1998 aarum
721 1954 826 1996 reram
840 1955 918 2012 esce,
934 1954 1015 2015 quac
1025 1938 1127 1997 seiam

122 2030 190 2090 tum·
210 2023 345 2082 oratoria
360 2040 475 2082 manem
490 2022 640 2082 actionem
653 2021 810 2098 opinione,
831 2038 892 2081 aaut
910 2021 1042 2082 seientia
1058 2039 1128 2081 ooo·

122 2106 234 2180 baert,
256 2106 330 2183 quia
344 2113 372 2165 et
386 2106 473 2184 apud
488 2122 541 2165 eoa
555 2105 656 2180 dicat,
672 2104 726 2181 qut
739 2105 896 2179 ocemont,
918 2111 947 2165 ct
960 2105 1029 2182 ipse
1043 2106 1129 2165 dicat

123 2191 310 2266 aliquando,
334 2191 415 2266 quod
430 2190 558 2250 neseiat.
592 2186 638 2247 Ex
657 2188 701 2247 bis
716 2187 855 2263 alterum,
877 2187 983 2263 idest,
1006 2206 1041 2249 an
1055 2189 1169 2254 sciatt't

122 2272 226 2348 iudex,
257 2273 293 2332 de
316 2288 372 2350 quo
396 2272 521 2346 dicatur,
553 2270 622 2330 nibil
643 2271 822 2331 adoratoris
844 2280 948 2339 artem;
976 2271 1060 2331 alteri
1082 2289 1127 2331 rc·

121 2356 333 2435 spondendum.
369 2353 431 2416 Ars
446 2374 555 2417 aarum
569 2373 675 2415 rerum
690 2363 752 2428 eat,
777 2371 855 2432 quaa
869 2358 1018 2418 sciamur.
1051 2354 1128 2414 Rhe·

122 2442 217 2500 torice
240 2458 287 2499 ars
305 2448 350 2498 est
371 2437 595 2511 benedicendi,
617 2436 693 2495 bene
711 2445 807 2496 autem
826 2438 925 2497 dicere
943 2440 998 2498 scit
1018 2446 1127 2497 orator.

122 2523 187 2585 Sed
202 2526 317 2600 nescit,
340 2543 381 2585 ao
395 2542 502 2585 oerum
519 2522 573 2595 stt,
598 2521 681 2597 quod
696 2521 779 2581 dicit.
810 2518 855 2579 Ne
875 2520 904 2579 hi
925 2521 1055 2598 quidem,
1081 2521 1171 2597 qui38

122 2611 220 2685 ignem
239 2616 287 2666 aut
307 2625 410 2686 aquam
431 2616 478 2668 aut
498 2613 633 2684 quattuor
650 2603 793 2664 elementa
809 2613 856 2664 aut
877 2620 1002 2680 corpora
1016 2605 1128 2663 inseca-

122 2691 191 2752 bilia
214 2709 297 2767 esse,
320 2710 357 2750 ex
380 2692 483 2769 quibus
506 2708 554 2748 res
578 2705 677 2748 omues
697 2689 806 2748 initium
829 2688 979 2762 duxerint,
1003 2685 1127 2760 tradunt,

123 2794 178 2835 nec
195 2778 244 2853 qui
266 2775 419 2835 intervalla
440 2775 567 2834 siderum
583 2782 612 2832 et
625 2790 774 2832 mensuras
792 2772 864 2831 solis
883 2790 918 2832 ac
932 2781 1029 2831 terrae
1044 2768 1128 2829 colli·

122 2869 209 2937 gunt;
232 2859 414 2938 disciplinam
437 2868 532 2918 tamen
554 2875 634 2916 suam
655 2866 746 2916 artem
764 2865 879 2916 vocant.
920 2854 1032 2929 Quodsi
1055 2854 1128 2913 ratio

124 2944 230 3019 elficit,
255 2953 285 3003 ut
310 2943 383 3003 haee
405 2960 463 3002 aon
488 2943 600 3021 opinari
626 2940 679 3000 sed
702 2949 823 3018 propter
844 2941 901 2999 vim
927 2937 1128 3016 probationum

125 3030 202 3086 scire
217 3027 384 3087 videantur:
408 3027 510 3088 eadem
529 3027 602 3084 ratio
623 3025 699 3085 idem
719 3033 870 3100 praestare
891 3024 1000 3083 oratori
1018 3029 1125 3100 potest.

125 3110 189 3171 Sed
210 3130 252 3172 aa
273 3131 372 3173 causa
394 3129 470 3173 cera
490 3112 545 3185 ait,
571 3110 678 3171 nescit.
719 3105 763 3166 Ne
783 3107 912 3167 medicus
933 3106 1063 3184 quidem,
1091 3120 1170 3176 anau

126 3195 257 3254 dolorem
275 3197 377 3272 capitis
392 3194 508 3269 habeat,
526 3194 573 3271 qui
588 3192 645 3253 boe
661 3210 693 3252 se
710 3194 768 3271 pati
785 3191 876 3261 dicet;
896 3190 1006 3250 curabit
1022 3198 1127 3264 tamen,
1145 3226 1153 3237 ·

127 3287 260 3356 tanquam
284 3280 312 3339 id
338 3297 438 3338 verum
459 3280 513 3353 sit,
537 3286 566 3337 et
592 3279 647 3337 erit
667 3295 714 3336 ars
734 3275 884 3335 medicina.
928 3271 1023 3348 Quid?
1051 3271 1128 3351 quod

129 3361 275 3422 rhetorice
296 3379 353 3421 non
368 3365 467 3440 utique
490 3362 671 3439 propositum
690 3359 778 3419 babet
795 3376 911 3437 semper
928 3375 999 3417 vera
1014 3354 1128 3418 dicendi

128 3445 181 3505 sed
206 3464 322 3525 semper
347 3445 534 3520 verisimilia,
563 3446 618 3504 soit
644 3452 739 3504 autem
766 3461 835 3502 esse
859 3442 1026 3583 verisirpilia
1053 3455 1128 3519 quae

170 3551 199 3591 u.
213 3554 236 3594 r.
251 3550 363 3599 Quinum.
