2566 4026
148 194 190 257 tb
468 205 828 266 unnsqumnnnnur

149 362 274 441 denique
290 361 383 421 omnia
399 360 474 420 baec
492 361 528 420 ad
548 361 699 421 utilitatem
717 378 866 421 causarum
889 361 981 422 solam
994 360 1147 424 referenda

148 454 224 506 sunt.
269 442 355 504 Cultu
373 461 446 504 vero
465 452 551 521 atque
566 451 668 503 ornatu
682 462 716 503 se
737 461 853 524 quoque
878 444 1057 505 commendat
1073 464 1146 524 1pse,

151 531 198 608 qui
215 529 302 604 dicit,
319 537 349 588 et
364 530 393 587 in
407 529 513 587 ceteris
531 527 663 587 iudicium
679 527 845 603 doctorum,
863 529 891 586 in
906 528 963 588 boc
979 545 1052 588 vero
1064 530 1148 590 etiam

120 612 320 693 apopularem
336 611 451 672 laudem
471 611 552 689 petit.
592 610 656 670 Nee
675 611 797 671 fortibus
812 611 898 671 modo
918 612 971 672 sed
994 615 1080 672 etiam
1094 613 1147 674 ful·

148 695 283 774 gentibus
299 696 384 755 armis
400 693 560 773 proeliatur
580 696 609 753 in
624 712 712 755 causa
728 692 833 754 Cicero
849 693 991 764 Cornelii3
1022 697 1070 775 qui
1092 713 1149 756 non

148 787 322 840 consecutus
341 786 421 838 esset
440 777 573 838 docendo
595 777 719 838 iudicem
739 787 847 838 tantum
862 787 891 838 et
911 779 1019 839 utiliter
1037 780 1149 839 demum

147 880 181 923 ac
196 862 295 922 Latino
316 863 531 940 perspicueque
553 861 694 938 dicendo,
715 870 745 921 ut
760 861 885 940 populus
900 861 1044 921 Romanus
1062 863 1148 922 admi·

145 948 286 1006 rationem
312 963 391 1007 suam
416 962 474 1005 non
500 944 707 1005 acclamatione
733 953 840 1005 tantum
863 946 916 1006 sed
942 947 1028 1005 etiam
1046 945 1149 1024 plausu

148 1030 343 1090 confiteretur.
383 1029 549 1089 Sublimitas
563 1029 698 1106 profecto
714 1037 744 1088 et
758 1028 969 1106 magnificentia
985 1039 1014 1089 et
1029 1031 1106 1089 nitor
1121 1038 1150 1089 et

118 1115 305 1175 sanctorium
326 1114 472 1190 expressit
493 1111 574 1172 illum
596 1112 753 1189 fragorem.
792 1111 856 1172 Neo
876 1121 933 1173 tam
952 1113 1069 1172 insolita
1087 1113 1149 1173 laus

147 1205 227 1256 esset
242 1204 400 1274 prosecuta
415 1195 576 1272 dicentem,
594 1197 619 1254 si
633 1198 737 1256 usitata
753 1204 782 1255 et
803 1198 909 1257 ceteris
930 1197 1030 1256 similis
1046 1195 1151 1257 fuisset

147 1281 252 1340 oratio.
293 1279 391 1358 Atque
414 1297 471 1357 ego
492 1279 560 1339 illos
576 1279 682 1356 credo,
701 1280 750 1359 qui
772 1279 906 1356 aderant,
932 1297 988 1339 nec
1008 1282 1148 1356 sensisse,

147 1364 214 1443 quid
238 1363 384 1439 facerent,
409 1381 465 1423 nec
488 1370 592 1442 sponte
611 1363 778 1441 iudicioque
798 1363 957 1441 plausisse;
991 1363 1044 1424 sed
1069 1363 1151 1424 velut

145 1455 242 1507 mente
263 1456 366 1525 captos
386 1456 432 1523 et,
467 1463 524 1526 qno
546 1456 646 1507 essent
667 1449 695 1505 in
723 1447 809 1524 loco,
832 1448 951 1524 ignaros
972 1448 1106 1526 erupisse
1121 1448 1151 1506 in

145 1531 221 1591 hunc
240 1530 398 1608 voluptatis
414 1531 556 1591 allectum.

117 1625 135 1678 o
152 1642 166 1668 -·
230 1613 289 1673 Sed
304 1631 341 1672 ne
358 1631 464 1673 causae
480 1613 595 1692 quidem
608 1631 709 1692 parum
724 1613 838 1674 confert
852 1613 928 1674 idern
942 1613 990 1673 hic
1008 1611 1149 1673 orationis

146 1703 272 1755 ornatus.
310 1694 400 1772 Nam,
423 1699 471 1775 qui
490 1696 615 1758 libenter
629 1699 761 1774 audiunt,
784 1706 813 1757 et
835 1699 926 1775 magis
948 1697 1097 1757 attendunt
1119 1704 1149 1756 et

144 1778 258 1838 facilius
270 1780 408 1856 credunt,
424 1780 595 1858 plerumque
610 1782 674 1858 ipsa
685 1780 881 1841 delectatione
898 1782 1063 1859 capiuntur,
1076 1797 1148 1839 non·

144 1879 286 1940 nunquam
301 1863 489 1923 admiratione
505 1864 680 1923 auferuntur.
718 1863 790 1924 Nam
810 1872 839 1924 et
855 1863 963 1924 ferrum
977 1864 1062 1923 affert
1078 1880 1147 1922 ocu·

145 1945 181 2005 lis
194 1947 315 2005 terroris
331 1947 454 2026 aliquid,
468 1956 497 2006 et
512 1946 629 2007 fulmina
643 1948 706 2025 ipsa
717 1965 775 2007 non
789 1956 845 2007 tam
860 1965 914 2007 nos
927 1947 1148 2022 confunderent,

113 2043 130 2097 6
144 2030 169 2089 si
187 2031 231 2088 vis
249 2047 349 2089 eorum
363 2039 470 2090 tantum
484 2048 542 2089 non
557 2033 642 2090 etiam
656 2032 720 2110 ipse
735 2030 834 2108 fulgor
851 2033 1007 2091 timeretur.
1041 2028 1148 2089 Recte·

145 2131 202 2191 qne
224 2110 329 2173 Cicero
351 2113 396 2173 his
417 2116 489 2192 ipsis
511 2114 547 2174 ad
569 2113 685 2175 Brutum
704 2113 803 2173 verbis
827 2114 949 2192 quadarn
969 2115 998 2172 in
1022 2112 1149 2192 epistola

145 2195 261 2256 scribit:
286 2195 367 2258 Nom
380 2198 599 2276 eloquentium,
622 2213 703 2276 qaue
716 2199 952 2260 admirationem
965 2215 1026 2258 aon
1046 2197 1148 2272 babet,

144 2280 259 2340 nnllam
278 2282 393 2342 iudico.
438 2280 568 2342 Eandem
584 2280 761 2341 Aristoteles
784 2298 901 2360 quoque
921 2279 1075 2359 petendam
1089 2296 1148 2338 ma-

144 2365 220 2423 xime
234 2373 323 2442 putat.

229 2447 287 2508 Sed
306 2448 354 2508 bic
371 2457 488 2508 ornatus
507 2448 652 2526 (repetam
666 2447 756 2525 enim)
775 2445 868 2506 virilis
884 2454 914 2505 et
932 2447 1016 2506 fortis
1038 2455 1068 2506 et
1083 2463 1147 2506 san·

145 2539 208 2589 ctus
223 2532 260 2590 sit
275 2549 331 2591 nec
346 2531 536 2591 effeminatam
547 2531 695 2592 levitatem
709 2538 739 2589 et
754 2530 820 2589 fuco
837 2531 1002 2589 ementitum
1017 2530 1149 2590 colorem

116 2618 239 2689 iamet,
259 2616 399 2692 sangnine
421 2623 450 2673 et
474 2613 582 2673 viribus
604 2615 703 2673 niteat.
748 2611 812 2672 lloc
832 2621 927 2673 autem
947 2613 1022 2672 adeo
1047 2630 1148 2672 verum

145 2706 206 2772 est,
223 2705 269 2774 ut,
292 2716 356 2756 oum
368 2699 397 2756 iu
412 2697 467 2757 bac
481 2698 604 2757 maxime
619 2704 702 2776 parte
718 2698 775 2756 sint
791 2697 885 2756 vicina
900 2695 1052 2756 virtutibus
1068 2696 1147 2770 vitia,

145 2781 245 2856 etiam,
262 2782 310 2859 qni
326 2781 402 2841 vitiis
417 2788 548 2855 utuntur,
564 2780 698 2840 virtutum
712 2788 807 2840 tamen
821 2781 856 2839 iis
871 2794 976 2839 nomen
991 2781 1146 2857 imponant.

145 2863 242 2937 Quare
262 2880 345 2923 nemo
365 2882 402 2923 ex
418 2865 561 2942 corruptis
579 2863 670 2938 dicat,
693 2881 739 2923 me
758 2864 901 2922 inimicum
919 2881 987 2921 esse
1008 2861 1086 2921 culte
1106 2859 1147 2920 di·

145 2945 286 3006 centibus.
323 2944 388 3007 Non
404 2946 477 3006 hanc
495 2965 562 3007 esse
577 2948 711 3006 virtutem
731 2963 827 3024 nego,
849 2945 902 3006 sed
925 2945 984 3005 illis
1008 2962 1071 3004 eam
1090 2959 1148 3002 non

115 3029 249 3089 8tribuo.
291 3030 338 3090 An
359 3047 417 3108 ego
439 3029 554 3090 fundum
578 3030 730 3090 cultiorem
744 3039 858 3109 putem,
880 3031 908 3088 in
926 3045 983 3107 qno
1000 3027 1067 3087 mibi
1082 3027 1146 3105 quis

145 3112 305 3174 ostenderit
319 3113 378 3174 lilia
394 3123 422 3173 et
433 3113 526 3173 violas
542 3123 571 3173 et
586 3131 757 3189 anemonas,
774 3113 869 3173 fontes
878 3120 1050 3190 surgentes,
1064 3127 1148 3190 quarn

144 3195 193 3255 ubi
207 3197 295 3275 plena
308 3199 413 3257 messis
431 3207 478 3258 aut
490 3214 596 3274 graves
614 3198 708 3257 fructu
724 3199 799 3257 vites
815 3191 920 3260 erunt?
942 3195 1072 3255 sterilem
1086 3192 1147 3271 pla·

145 3286 240 3338 tanum
255 3290 413 3360 tonsasque
424 3290 534 3356 myrtos
547 3299 631 3359 quam
641 3281 769 3340 maritam
784 3278 889 3339 ulmum
904 3290 933 3339 et
944 3278 1052 3338 uberes
1064 3277 1147 3337 oleas

144 3360 400 3443 praeoptaverimf
431 3363 561 3424 Habeant
580 3363 630 3425 illa
644 3364 764 3432 divitcs;
787 3362 872 3430 licet;
899 3362 966 3441 quid
982 3369 1098 3436 esseut,
1122 3360 1147 3420 si

119 3444 225 3506 9aliud
247 3447 316 3506 nihil
334 3445 494 3509 haberent?
532 3446 674 3507 Nullusne
697 3463 770 3524 ergo
793 3448 877 3506 etiam
899 3445 1048 3523 frugiferis
1069 3442 1147 3504 adbl-
