2566 4026
384 177 475 225 mss.
497 177 647 226 antron.
669 177 739 225 mn.
755 175 846 243 u,1o.
1056 165 1118 228 217

115 335 298 409 difficiliore,
325 330 402 394 Vide
425 348 555 410 quaeso,
585 331 719 410 Tubero,
745 340 793 408 ut,
821 332 875 410 qui
895 333 935 396 dc
948 352 1017 396 meo
1033 336 1120 413 facto

113 439 174 482 aaa
192 419 342 492 dubitem,
365 417 405 478 de
419 415 540 496 Idpurii
554 416 689 478 audeam
703 417 819 478 dicere.
862 414 900 474 Et
914 415 969 491 ibi,
990 415 1118 497 Auspe-

113 503 210 565 raadi
232 500 357 580 Lipario
381 518 479 562 causo
497 520 558 564 uois
577 501 633 576 sit,
657 518 725 562 cum
741 500 814 560 mibi
830 501 918 578 apud
931 508 960 561 te
976 502 1061 563 locus
1080 505 1120 565 sit

114 590 207 649 etiam
226 603 289 664 pro
316 585 412 647 odero
438 583 652 663 deprecandi?
685 583 731 643 Ex
761 584 872 643 minore
902 599 956 661 pro
981 582 1119 662 Caecina,

113 670 204 733 Itottc
218 671 300 731 seire
316 687 382 729 esse
396 677 533 731 armatos
546 677 596 730 sot
611 675 672 744 est,
687 676 721 728 ut
733 669 793 728 aim
806 667 925 746 factam
936 667 1050 745 probes
1054 692 1068 740 ,·
1087 671 1121 730 iu

114 773 226 816 manua
247 771 351 815 eorum
375 753 514 813 incidere
534 771 594 814 uon
616 759 662 812 est
681 753 782 812 satis?
825 749 922 827 Ergo,
945 760 976 811 ut
993 751 1162 823 breviter94

115 836 282 899 contraham
295 853 446 911 summam,
467 836 608 896 ducuntur
626 843 793 912 argumenta
809 852 825 893 a
841 834 991 912 personis,
1012 838 1119 913 causis,

113 922 206 997 locis,
237 930 388 999 tempore,
421 918 518 996 (ouius
544 928 604 978 tres
630 928 729 997 partas
754 918 894 994 diximus,
926 919 1119 997 praecedens,

115 1006 313 1078 coniunctum,
332 1004 521 1081 insequens,)
545 1001 744 1077 facultatibus,
767 1000 887 1080 (quibus
902 1002 1121 1063 instrumentum

115 1089 307 1166 subiecimus)
324 1085 427 1162 modo,
453 1086 496 1164 (id
512 1095 574 1161 est,
601 1094 631 1144 nt
647 1086 774 1164 quidque
789 1087 827 1144 sit
841 1085 963 1165 laetum)
979 1086 1118 1164 linitione,

114 1189 242 1250 genere,
272 1171 390 1248 specie,
419 1169 635 1244 differentibus,
665 1171 808 1248 propriis,
841 1171 1020 1246 remotione,
1049 1172 1121 1231 divi·

115 1259 216 1330 sione,
243 1254 341 1329 initio,
369 1254 569 1328 incrementis,
591 1270 714 1328 summa,
737 1252 896 1328 similibus,
922 1253 1120 1330 dissimilibus,

114 1336 325 1418 pugnantibus,
357 1336 622 1414 consequentibus,
646 1335 856 1411 efficientibus,
878 1336 1009 1413 effectis,
1033 1355 1120 1398 even·

115 1424 168 1499 tis,
191 1422 313 1500 iugatis,
337 1421 568 1498 comparatione,
592 1437 666 1499 qnae
682 1421 710 1478 in
724 1420 825 1497 plures
839 1419 981 1480 diducitur
992 1424 1119 1500 species.

199 1504 274 1565 lllnd
296 1504 485 1565 adiiciendum
508 1504 638 1578 videtur,
668 1504 735 1563 duci
756 1512 923 1581 argumenta
940 1520 998 1564 non
1019 1522 1120 1565 aeon·
1128 1521 1163 1576 95

115 1590 203 1649 iessis
220 1597 327 1648 tantum
342 1588 395 1648 sed
413 1588 498 1648 etiam
514 1607 530 1648 a
548 1589 723 1663 iiotione,
746 1587 825 1667 quod
837 1585 942 1648 Graeci
957 1579 1032 1648 καθ’
1049 1582 1121 1650 ὑπό-

115 1679 201 1733 θεσιν
225 1680 347 1740 vocant;
378 1672 541 1750 etquidem
562 1691 600 1732 ex
622 1672 753 1732 omnibus
774 1672 876 1731 iisdem
897 1671 989 1747 locis,
1016 1673 1120 1751 quihus

116 1756 283 1834 superiora,
319 1755 384 1834 quia
409 1755 529 1815 totidem
556 1758 673 1834 species
700 1773 767 1816 esse
793 1764 915 1835 possunt
941 1756 1026 1816 fictae
1051 1765 1122 1836 quot

115 1858 215 1900 verae.
260 1838 332 1900 Nam
350 1839 461 1916 lingere
478 1839 619 1900 hocloco
638 1849 683 1901 est
697 1857 866 1919 proponere
882 1838 1007 1917 aliquid,
1032 1840 1163 1919 quod,96

117 1927 140 1983 si
157 1941 258 1983 verum
275 1924 327 1998 sit,
351 1932 398 1982 aut
413 1922 509 1982 solvat
525 1926 724 2001 quaestionem
739 1933 788 1984 aut
806 1924 936 1992 adiuvem
961 1923 1065 1984 deinde
1081 1923 1120 2001 id,

116 2007 153 2068 de
176 2024 235 2085 quo
254 2008 418 2084 quaeritur,
449 2006 549 2066 faeere
571 2008 613 2067 illi
636 2008 739 2068 simile.
784 2006 817 2068 ld
840 2023 897 2086 quo
914 2007 1028 2067 facilius
1044 2009 1120 2069 acci-

116 2093 195 2170 plant
217 2092 337 2150 iuvenes
357 2091 482 2150 nondum
504 2091 634 2152 scholam
656 2093 788 2169 egressi,
819 2093 911 2171 primo
934 2091 1121 2153 familiaribus

117 2176 209 2251 magis
226 2175 254 2233 ei
269 2175 357 2234 aetati
372 2174 515 2253 exemplis
532 2175 691 2235 ostendam.
735 2175 811 2235 Lex:
835 2172 1163 2255 Quipareulesaoaet

116 2259 245 2335 cluserit,
267 2259 432 2320 uinciatur.
470 2257 536 2318 Nou
551 2260 601 2320 alit
619 2259 738 2336 aliquis,
756 2268 786 2319 et
804 2259 920 2319 vincula
938 2259 1121 2320 nihilominus

116 2350 243 2403 recusat.
280 2340 382 2402 Utitur
404 2341 538 2417 flatione,
565 2343 589 2401 si
610 2343 711 2418 miles,
740 2344 765 2400 si
790 2342 882 2402 inians
904 2343 957 2416 sit,
981 2345 1006 2401 si
1025 2346 1121 2422 reipu-

115 2426 212 2487 blicae
231 2443 318 2486 eausa
340 2424 423 2486 absit.
469 2425 507 2485 Et
525 2425 574 2485 illa
591 2434 692 2484 eontra
710 2427 858 2504 optionem
878 2424 1011 2502 fortium,
1037 2428 1062 2485 si
1077 2435 1121 2501 ty·

116 2509 265 2570 rannidem
281 2518 380 2588 petas,
403 2511 427 2568 si
443 2509 615 2587 templorum
631 2511 822 2568 eversionem.
860 2506 1014 2567 Plurimum
1028 2526 1063 2570 ea
1073 2521 1166 2579 respa

114 2593 218 2652 virium
239 2591 328 2653 habet
353 2601 452 2652 contra
474 2593 622 2670 seriptum.
667 2591 762 2652 Utitur
782 2593 826 2653 his
845 2589 950 2651 Gioero
971 2608 1026 2669 pro
1049 2590 1121 2652 Gne·

116 2677 192 2753 cina,
208 2673 316 2736 UNDE
330 2675 382 2736 TU
396 2674 474 2736 AU'l
486 2673 643 2735 FAlllLlA
653 2674 730 2735 AU'l
742 2670 1001 2736 PROCURATOR
1013 2674 1121 2737 TUUS.

115 2759 152 2820 Si
174 2779 223 2822 me
246 2760 367 2821 villicus
389 2768 458 2820 tuus
478 2760 561 2821 solus
583 2760 751 2822 deiecisset.
796 2758 833 2819 st
853 2776 927 2820 aero
949 2777 988 2822 uc
1005 2760 1125 2822 babeas

117 2842 245 2922 quidem
264 2862 387 2904 seruum
403 2851 532 2921 praeter
553 2862 637 2920 eum,
660 2846 713 2922 qui
728 2863 775 2905 rae
790 2844 955 2919 deiecerit,
978 2842 1079 2903 atalia
1094 2843 1123 2902 in

117 2925 223 2987 eodem
241 2926 316 2986 libro
338 2927 470 3005 plurima.
515 2926 624 2986 Verum
646 2927 747 2988 eadem
768 2926 847 2988 {latio
862 2926 943 2986 valet
956 2935 987 2986 et
1002 2926 1037 2987 ad
1053 2944 1122 3005 qun·
1129 2940 1165 2996 99

117 3011 231 3071 litotes:
259 3008 295 3070 st
311 3008 450 3072 Catilina·
462 3030 531 3072 cum
544 3030 600 3072 suo
615 3013 740 3073 comalio
754 3012 946 3091 nefariorum
960 3011 1122 3089 bammum,

117 3110 194 3173 piros
207 3113 311 3156 secum
326 3095 449 3171 eduxit,
467 3095 527 3156 boc
542 3095 582 3156 de
596 3114 632 3156 rc
644 3104 746 3175 posset
758 3096 920 3171 iudicare,
936 3095 1122 3158 condemua-

117 3184 165 3239 rot
188 3176 223 3238 t..
240 3175 422 3248 Murenam
451 3188 481 3238 et
501 3178 536 3238 ad
559 3179 826 3257 amplificationem:
846 3178 883 3240 st
898 3179 955 3241 boc
973 3179 1028 3241 tibi
1042 3181 1123 3241 iuter

118 3280 246 3324 coortam
260 3263 369 3324 inillis
385 3263 567 3325 immanibus
578 3265 700 3342 poculis
714 3265 774 3325 tuis
792 3263 968 3326 accidisset.
1015 3263 1066 3324 sio
1081 3272 1121 3340 et,

118 3345 154 3406 Si
169 3346 348 3425 respublica
358 3364 462 3409 vocem
477 3347 612 3409 baberet.

207 3429 266 3489 llas
290 3429 353 3489 iere
374 3430 461 3490 sedes
482 3433 646 3509 accepimus
668 3430 869 3510 probationum
888 3431 917 3490 in
936 3432 1166 3507 universum,100
