2566 4026
348 181 781 248 rusn.0nnron.n1n.m,a.
1012 172 1071 233 107

61 346 108 398 eut
123 339 219 413 etiam,
239 336 385 414 quomodo
406 345 517 413 agatur.
556 335 716 397 Dicendum
738 354 810 413 ergo
833 337 870 397 de
891 337 926 395 iis
942 356 1070 418 quoque,

59 423 89 481 in
112 421 215 500 quibus
238 438 296 480 non
316 438 437 498 asperas
458 421 566 498 figuras
586 420 640 480 sed
660 420 754 498 palam
783 422 943 481 contrarias
963 440 1071 484 causae

59 504 196 585 plerique
224 505 373 565 iecerunt:
413 503 600 583 Tyrannida'c
627 504 790 588 affectatae
818 506 984 567 damnatus
1006 515 1070 568 tor-

60 600 203 669 queatur,
223 598 257 649 ut
275 590 415 650 conscios
440 590 574 659 indicem
595 597 762 652 accusator
782 590 849 651 eius
871 597 966 668 optet,
988 593 1071 668 quod

58 676 146 736 volet.
174 671 298 734 Patrem
314 674 367 751 qui
381 674 540 734 damnavit
555 681 648 751 optut,
661 691 700 734 ne
714 675 743 734 is
759 681 961 751 torqueamr‚·
979 684 1071 753 putor

59 759 89 821 ei
104 758 299 820 contradicit.
330 755 422 816 Nemo
437 774 470 816 se
487 758 578 816 tenuit
593 774 683 833 agens
694 774 748 834 pro
765 766 859 835 patre,
877 758 945 835 quin
960 757 1113 836 liguram

58 845 88 902 in
106 843 194 902 lilium
210 841 339 916 iaceret,
356 849 490 919 tanquam
503 840 584 900 illum
601 843 748 900 conscium
768 842 796 899 in
813 843 964 900 tormentis
979 843 1068 902 nomi·

58 936 188 986 naturus.
234 923 299 998 Quo
323 923 390 1002 quid
413 921 548 984 stultius?
584 923 656 984 Nam
678 943 741 984 curn
769 924 827 984 hoc
847 925 958 985 iudices
983 926 1068 986 intel·

58 1010 199 1071 lexerint:
226 1016 274 1068 aut
291 1025 348 1066 non
363 1007 564 1085 torquebitur,
588 1026 651 1068 cum
672 1009 739 1068 ideo
761 1009 892 1087 torqueri
909 1008 997 1085 velit,
1020 1018 1069 1070 aut

59 1103 137 1154 torto
153 1109 211 1151 non
224 1092 369 1152 credetur.
404 1091 443 1151 Αι
467 1091 608 1152 credibile
632 1101 693 1168 est,
717 1091 775 1152 boc
793 1110 858 1152 eum
875 1092 965 1152 velle.
997 1092 1111 1157 For-83

58 1186 153 1244 tasse;
174 1175 335 1236 dissimulet
353 1192 443 1253 ergo,
461 1185 492 1236 ut
508 1177 624 1236 efficiat.
661 1175 721 1236 Sed
737 1176 838 1252 nobis,
866 1177 1066 1237 declamatori-

58 1262 113 1322 bus
136 1261 218 1335 dico,
247 1259 314 1339 quid
339 1259 470 1337 proderit
497 1259 555 1320 boc
579 1259 779 1336 intellexisse,
806 1261 861 1319 nisi
888 1259 1067 1321 dixerimus?

58 1344 151 1422 Ergo,
168 1346 192 1402 si
208 1362 279 1403 vere
294 1353 440 1421 ageretur,
458 1344 589 1403 similiter
605 1343 843 1405 consiliumillud
859 1344 954 1404 latens
969 1344 1066 1424 prodi·

58 1425 224 1489 dissemus?
258 1425 357 1502 Quid?
372 1430 397 1487 si
415 1445 509 1505 neque
524 1430 623 1506 utique
633 1446 734 1488 verum
750 1437 806 1504 est,
823 1437 852 1487 et
867 1427 978 1488 habere
994 1428 1066 1490 alias

57 1513 105 1573 bic
126 1513 274 1573 damnatus
296 1511 511 1572 contradicendi
532 1530 635 1572 causas
658 1521 773 1589 potest,
801 1512 849 1571 vel
869 1514 947 1589 quod
968 1513 1066 1590 legem

59 1595 287 1657 conservandam
301 1604 401 1675 putet,
421 1596 469 1655 vel
485 1595 563 1675 quod
578 1596 650 1656 nolit
670 1599 834 1656 accusatori
850 1595 960 1656 debere
975 1596 1064 1657 benc·

58 1681 171 1756 licium,
193 1679 243 1739 vel
265 1680 359 1758 (quod
382 1697 440 1758 ego
457 1681 579 1740 maxime
595 1683 761 1760 sequerer)
781 1689 811 1740 ut
826 1682 1011 1741 innocentem
1031 1700 1064 1742 sc

58 1769 87 1826 in
102 1765 252 1827 tormentis
270 1761 443 1844 pertendat?
476 1763 574 1837 Quare
589 1783 626 1824 ne
644 1765 715 1825 illud
732 1765 848 1842 quidem
865 1782 983 1844 semper
998 1774 1108 1829 sue-84

57 1860 158 1911 curret
178 1853 222 1910 sic
242 1850 419 1911 dicentibus:
442 1847 651 1911 Patrocinium
672 1850 855 1933 ducendast,
877 1851 931 1926 qui
946 1857 1065 1912 contro·

57 1936 193 1997 ver-cium
211 1934 310 2014 duait.
350 1934 488 1994 Fortasse
511 1935 585 1994 enim
606 1934 713 2002 noluit;
742 1933 795 1994 sed
816 1942 899 2010 esto,
923 1933 1063 1994 voluerit:

57 2021 250 2094 continuone,
275 2020 299 2077 si
316 2018 366 2079 ille
385 2018 473 2078 stulte
491 2020 647 2096 cogitavit,
669 2016 753 2077 nobis
776 2035 892 2096 quoque
912 2017 999 2078 stulte
1022 2017 1063 2077 di·

57 2102 181 2164 cendum
196 2100 261 2162 est?
289 2103 329 2162 At
345 2121 402 2181 ego
423 2104 451 2161 in
467 2104 561 2162 causis
578 2103 698 2180 agendis
721 2103 892 2180 frequenter
913 2120 971 2161 uon
990 2111 1060 2180 puto

56 2187 239 2263 intuendum,
262 2187 330 2267 quid
350 2188 477 2264 litigator
498 2186 579 2246 velit.
617 2185 671 2247 Est
698 2195 727 2244 et
747 2186 799 2246 ille
820 2189 849 2245 in
869 2186 926 2246 hoc
951 2203 1063 2264 genere
1072 2196 1107 2250 85

55 2272 197 2349 frequens
213 2288 308 2348 error,
323 2281 353 2331 ιι
369 2279 470 2350 putent
486 2270 562 2330 aliud
585 2270 724 2348 quosdam
749 2271 849 2330 dicere
870 2269 947 2330 aliud
969 2270 1060 2346 velle,

55 2358 217 2434 praecipue
233 2373 296 2415 cum
311 2357 339 2414 in
356 2356 481 2415 themate
504 2363 567 2430 est,
589 2355 730 2433 aliquem,
749 2364 780 2415 ut
799 2354 854 2414 sibi
876 2355 948 2413 mori
963 2354 1061 2431 liceat,

56 2439 224 2518 postulare:
245 2449 276 2499 ut
297 2442 325 2499 in
350 2439 401 2499 illa
425 2441 642 2515 controversia,
672 2437 733 2513 Qut
751 2439 921 2519 aliquando
940 2439 1064 2518 fortiter

53 2525 193 2603 fecerat,
215 2534 244 2584 et
265 2525 326 2585 olio
346 2523 423 2585 bello
442 2525 592 2602 petierat,
615 2533 649 2585 ut
663 2525 772 2586 militia
786 2531 917 2586 vacaret
931 2541 971 2586 ecc
984 2524 1062 2601 lege,

56 2608 141 2686 quod
156 2609 441 2688 quinquagenarias
456 2616 551 2686 esset,
573 2610 761 2670 adversante
773 2608 836 2688 filio
850 2609 898 2670 ire
913 2608 947 2668 iu
962 2609 1062 2669 aciem

57 2701 185 2753 coactus
201 2693 347 2754 deceruit.
384 2692 500 2770 battus,
524 2695 576 2770 qui
592 2692 715 2771 sortiter
728 2695 834 2754 eodem
847 2692 967 2772 proelio
980 2693 1061 2771 foce·

55 2783 125 2851 rot,
146 2775 382 2838 incolumitatem
409 2777 474 2837 educ
503 2785 605 2855 opiam
634 2777 820 2839 contradicit
844 2785 944 2854 pater.
993 2773 1062 2837 Non

55 2861 149 2934 emim,
165 2861 303 2937 inquiunt,
320 2863 396 2922 mota⁸
406 2862 469 2922 vult
479 2861 536 2922 ced
546 2861 693 2922 invidiam
703 2860 765 2938 filio
777 2861 896 2939 facere.
922 2857 1105 2938 Equidemdd

56 2943 157 3019 rideo,
174 2943 252 3021 quod
267 2944 309 3003 illi
325 2946 367 3004 sic
383 2947 482 3003 timent
497 2953 630 3022 tauquam
650 2943 706 3021 ipsi
722 2944 852 3003 morituri
876 2952 905 3003 et
922 2944 951 3002 iu
967 2943 1061 3002 consi·

58 3026 127 3087 lium
142 3044 212 3086 suos
231 3036 324 3087 metus
339 3028 451 3105 ierunt,
478 3027 560 3088 obliti
579 3036 622 3087 ιοι
645 3027 845 3105 exemplorum
867 3028 944 3087 circa
958 3025 1060 3085 voluu-

57 3114 159 3171 tariam
173 3120 312 3188 mortem,
329 3130 478 3172 causarum
494 3128 626 3190 quoque,
645 3129 716 3190 quas
732 3110 819 3171 habet
832 3111 926 3171 iactus
943 3127 981 3168 ex
995 3109 1059 3168 viro

57 3197 128 3257 lorti
151 3196 295 3256 desertor.
340 3196 399 3257 Sed
424 3198 453 3255 in
479 3214 534 3255 una
556 3196 756 3255 controversia
778 3195 862 3272 sequi
887 3194 1102 3260 contrariumst

58 3298 271 3359 supervacuum
293 3289 347 3339 est.
387 3278 452 3357 Ego
479 3281 508 3339 iu
530 3281 695 3338 uuiversum
720 3295 816 3358 neque
840 3279 964 3337 oratoris
989 3285 1060 3356 puto

59 3383 129 3425 esse
144 3383 268 3443 uuquam
284 3365 490 3443 praevaricari,
505 3382 602 3441 neque
620 3364 701 3423 litem
717 3362 861 3439 intelligo,
876 3362 905 3421 in
921 3379 977 3441 qua
992 3378 1060 3440 pars

59 3458 183 3528 utraque
206 3449 281 3508 idern
301 3448 392 3525 velit,
411 3465 508 3526 neque
529 3456 586 3507 tam
606 3447 723 3506 stultum
739 3463 925 3525 quemquam,
949 3448 1013 3525 qui,
1036 3446 1061 3504 si
