2566 4026
403 212 494 262 rusus.
508 213 657 263 ouurou.
670 215 739 263 cru.
758 216 795 282 x,
809 215 834 265 1.
1066 207 1124 270 165

119 370 321 428 nominaretur.
356 367 446 430 Tanta
464 370 492 429 in
508 386 544 430 eo
563 370 606 429 vis
626 379 686 447 est,
702 370 730 431 id
745 388 881 447 acumen,
905 389 940 432 ea
957 376 1124 454 concitatio,

119 462 148 512 ut
164 452 242 512 illum
260 454 362 512 eodem
375 456 469 514 auimo
481 454 601 531 dixisse,
618 471 675 532 quo
687 454 818 531 bellavit,
832 465 985 534 appareat;
1004 471 1126 521 exornat

118 546 212 597 tamen
233 537 307 597 haec
329 539 422 598 omnia
447 540 517 598 mira
543 541 700 615 sermonis,
729 540 809 599 cuius
835 541 953 618 proprie
979 543 1125 604 studiosus

117 623 186 697 fuit,
210 621 365 699 elegantia.
409 621 530 683 Multum
547 624 655 700 ingenii
675 624 704 683 iu
727 620 856 684 Caelio
875 632 904 683 et
920 629 1079 705 praecipue
1097 630 1184 694 inus

119 706 283 767 accusando
301 706 389 766 multa
411 706 569 784 urbanitas,
587 708 749 786 dignusque
765 709 809 767 vir
824 708 869 767 cui
885 717 914 768 et
925 726 1006 768 mens
1022 713 1127 773 melior

118 798 147 849 et
164 790 222 850 vita
238 789 354 868 longior
368 791 549 869 contigisset.
589 791 688 851 Inveni
705 792 753 869 qui
775 789 928 851 Calvum
943 795 1126 871 praeferrent

118 873 260 951 omnibus,
277 876 374 935 inveni
390 877 438 954 qui
455 873 591 935 Ciceroni
607 877 775 950 crederent,
794 895 858 935 eum
873 878 957 937 nimia
977 889 1076 940 contra
1089 899 1124 941 se

117 957 258 1018 calumnia
274 977 374 1019 verum
390 961 557 1037 sauguinem
580 960 757 1039 perdidisse;
782 960 835 1020 sed
856 969 901 1021 est
923 969 952 1020 et
974 973 1073 1025 sancta
1096 973 1126 1026 ct

115 1043 214 1119 gravis
237 1044 330 1103 oratio
357 1052 385 1103 et
407 1043 551 1104 custodita
571 1053 600 1104 et
620 1045 791 1123 frequenter
810 1045 969 1105 vehemens
995 1066 1123 1128 quoque.

115 1126 244 1186 lmitator
265 1137 361 1187 autem
383 1136 428 1187 est
449 1127 628 1206 Atticorum,
656 1128 784 1207 fecitque
805 1128 848 1189 illi
868 1140 1025 1209 properata
1046 1150 1124 1193 mors

114 1211 254 1286 iniuriam,
271 1213 295 1271 si
314 1211 381 1289 quid
395 1211 559 1274 adiecturus
576 1212 647 1290 sibi,
662 1229 720 1272 non
735 1213 760 1272 si
778 1213 845 1292 quid
862 1212 1042 1276 detracturus
1061 1217 1123 1277 fuit.

115 1293 152 1354 Et
170 1295 330 1355 Servius
354 1295 544 1374 Sulpicius
568 1297 710 1374 insignem
725 1313 782 1356 non
798 1299 940 1358 immerito
956 1298 1060 1361 famam
1077 1303 1183 1370 tri-tto

115 1378 168 1438 bus
184 1379 362 1439 orationibus
380 1381 492 1440 meruit.
524 1379 630 1457 blulta,
652 1383 677 1441 si
693 1399 757 1442 cum
770 1381 877 1448 iudicio
895 1383 1024 1460 legatur,
1047 1384 1126 1446 dabit

115 1463 273 1522 imitatione
290 1462 376 1541 digna
397 1461 551 1524 Cassius
572 1465 755 1542 Severus,
779 1467 827 1544 qni
849 1466 874 1526 si
891 1469 998 1527 ceteris
1015 1471 1125 1530 virtuti·

115 1545 168 1606 bus
186 1547 316 1607 colorem
329 1557 358 1607 et
368 1549 540 1626 gravitatem
555 1550 693 1609 orationis
705 1549 871 1626 adiecisset,
887 1551 1038 1630 ponendus
1051 1555 1125 1613 inter

115 1633 292 1709 praecipuos
308 1632 396 1692 foret.
426 1631 499 1692 Nam
515 1642 544 1692 et
561 1634 668 1712 ingenii
679 1633 831 1712 plurimum
844 1645 888 1694 est
903 1636 932 1694 iu
948 1654 984 1696 eo
998 1646 1027 1696 et
1043 1655 1122 1699 acer·
1132 1647 1181 1703 117

117 1711 188 1774 bitas
205 1717 286 1792 mira,
304 1725 333 1776 et
349 1716 495 1777 urbanitas
514 1718 575 1777 eius
589 1735 711 1787 summm
729 1717 781 1779 sed
797 1719 862 1796 plus
875 1721 1025 1781 stomacho
1041 1739 1124 1800 quam

116 1800 238 1859 consilio
256 1801 343 1860 dedit.
378 1800 534 1862 Praeterea
552 1811 583 1863 ut
597 1804 685 1864 amari
702 1801 797 1863 sales:
813 1804 852 1863 ita
867 1802 1037 1883 frequenter
1047 1824 1122 1866 ama·

114 1884 208 1943 ritudo
231 1887 294 1962 ipsa
312 1885 434 1946 ridicula
446 1895 500 1946 est.
533 1886 604 1947 Sunt
616 1887 665 1948 alii
675 1887 756 1947 multi
767 1886 878 1964 diserti,
897 1905 970 1965 quos
984 1891 1183 1969 persequi118

114 1967 232 2045 longum
249 1977 302 2028 est.
343 1967 451 2030 Eorum
476 1987 550 2048 quos
574 1971 694 2031 viderim
715 1971 896 2032 Domitius
913 1972 1000 2032 Afer
1022 1983 1051 2034 et
1065 1974 1124 2034 lu·

116 2052 189 2111 lius
210 2051 415 2113 Africanus
437 2053 526 2131 longe
552 2056 801 2133 praestantissimi.
843 2055 916 2116 Arte
938 2057 989 2117 ille
1013 2068 1042 2118 et
1063 2067 1124 2119 toto

113 2152 224 2212 gencre
240 2136 354 2197 dicendi
369 2137 580 2215 praeferendus
599 2148 628 2198 et
644 2157 729 2216 quern
746 2140 909 2198 innumero
927 2151 1058 2201 veterum
1075 2143 1124 2202 ha·

114 2220 185 2281 bere
207 2237 264 2279 non
287 2221 404 2288 timeas;
427 2221 474 2281 hic
497 2223 668 2282 concitatior
690 2221 793 2281 sedin
816 2240 884 2282 cura
906 2224 1062 2284 verborum
1083 2227 1124 2284 ni-

113 2307 184 2364 mius
204 2313 233 2364 et
250 2306 461 2383 compositione
480 2322 681 2383 nonnunquam
699 2305 815 2382 longior
840 2314 868 2364 et
889 2307 1124 2367 translationibus

113 2407 213 2466 parum
229 2389 370 2448 modicus
403 2387 493 2449 Erant
512 2390 590 2449 clara
606 2398 740 2467 etnuper·
754 2389 880 2466 ingenia.
911 2388 1183 2453 Etl'racha·ll9
1273 2402 1276 2407 '

114 2473 173 2533 lus
199 2473 370 2552 plerumque
392 2473 521 2533 sublimis
541 2482 570 2533 et
590 2474 660 2533 satis
680 2481 799 2551 apertus
822 2472 875 2533 fuit
897 2482 926 2534 et
943 2491 1028 2553 quem
1044 2476 1123 2536 velle

115 2559 222 2635 optima
240 2557 394 2632 crederes,
414 2557 525 2617 auditus
541 2566 635 2617 tamen
650 2559 755 2626 maior;
781 2575 846 2618 nam
871 2567 900 2618 et
913 2561 1016 2635 vocis,
1035 2577 1122 2638 quan·

114 2651 169 2701 tam
186 2643 213 2700 in
228 2641 308 2702 nullo
328 2643 464 2720 cognovi,
484 2641 611 2701 felicitas
628 2652 657 2701 et
672 2642 866 2720 pronuntiatio
884 2643 933 2703 vel
951 2645 1048 2705 scenis
1064 2645 1123 2705 suf-

114 2726 225 2786 fectura
243 2736 271 2786 et
284 2726 375 2786 decor
391 2727 485 2785 omnia
503 2726 627 2804 denique
644 2727 681 2803 ei,
698 2743 773 2804 quac
789 2735 956 2803 suntextra,
969 2729 1122 2807 superfue-
1168 2782 1170 2786 ,

114 2819 192 2876 runt;
216 2819 244 2868 et
264 2809 392 2869 Vibius
418 2807 574 2888 Crispus
602 2811 782 2888 compositus
809 2820 837 2871 et
862 2812 1001 2873 iucundus
1023 2821 1052 2873 et
1073 2813 1122 2872 de-

114 2894 262 2954 lectationi
285 2903 384 2969 natus,
407 2895 526 2972 privatis
543 2903 638 2954 tamen
655 2896 750 2954 causis
767 2912 851 2974 quam
868 2896 992 2976 publicis
1008 2897 1121 2957 melior.

113 2977 206 3037 lulio
233 2977 425 3054 Secundo,
447 2979 471 3037 si
494 2977 611 3056 longior
632 2979 804 3056 contigisset
819 2990 916 3057 aetas,
934 2981 1183 3042 clarissimumlio

114 3062 248 3140 profecto
275 3079 380 3121 nomen
408 3063 533 3123 oratoris
561 3062 637 3140 apud
662 3071 800 3141 posteros
826 3065 912 3124 foret.
957 3064 1125 3126 Adiecisset

114 3147 205 3221 enim,
227 3156 314 3224 atque
331 3146 484 3206 adiiciebat
500 3147 605 3208 ceteris
621 3146 775 3208 virtutihus
793 3149 852 3208 suis
870 3148 947 3228 quod
963 3148 1123 3210 desiderari

114 3238 221 3307 potest.
244 3229 275 3289 ld
289 3238 333 3289 est
345 3238 450 3307 autem,
469 3239 499 3291 ut
515 3240 596 3291 esset
610 3231 804 3309 multomagis
821 3250 952 3311 pugnans
966 3241 994 3293 et
1005 3235 1123 3313 saepius

114 3312 149 3372 ad
172 3331 268 3373 curam
289 3332 384 3373 rerum
407 3314 441 3374 ab
467 3315 634 3376 elocutione
656 3317 829 3394 respiceret.
879 3314 1014 3378 Ceterum
1035 3319 1181 3388 inter-121

114 3406 217 3476 ceptus
235 3415 351 3477 quoque
369 3417 503 3477 magnum
518 3401 572 3461 sibi
587 3401 713 3461 vindicat
729 3400 838 3470 locum;
863 3420 897 3463 ea
919 3411 963 3462 est
977 3403 1120 3480 facundia,

114 3492 189 3542 tanta
206 3484 233 3541 in
251 3482 425 3562 explicando
445 3484 522 3564 quod
537 3485 608 3546 velit
623 3488 735 3564 gratia,
763 3494 819 3547 tam
841 3487 991 3549 candidum
1008 3497 1037 3548 et
1054 3488 1121 3548 lene
