2566 4026
329 189 418 236 rusu.
443 188 592 237 οιιιοι.
614 189 683 236 ιιι.
702 189 753 256 ιιι,
777 183 803 240 t.
1014 176 1074 240 133

63 356 111 406 tur
133 347 163 404 in
185 354 373 423 tempora,
405 344 540 423 quodque
568 353 634 404 ante
655 361 708 402 eos
736 343 789 402 iuit
811 359 928 423 quoque
953 346 1010 424 ipsi
1031 347 1074 405 ui·

63 438 186 496 xerunt:
211 430 240 488 in
257 428 301 488 his
321 438 434 504 autem,
463 430 510 506 qui
528 429 588 488 lato
609 437 674 487 sunt
694 427 801 502 iuncti,
824 429 909 487 etiam
928 429 1005 508 quod
1029 439 1075 490 est

64 517 240 574 insecutum.
284 510 360 573 Ante
383 513 527 572 hominem
550 513 673 590 patria
695 530 730 571 ac
753 520 931 589 parentes
960 514 1073 573 maio·

64 615 206 676 resque
229 605 322 670 erunt,
347 613 468 674 quorum
488 596 597 675 duplex
618 604 757 655 tractatus
777 604 836 655 est:
861 603 909 655 ιιι
931 597 1006 655 enirn
1027 615 1073 656 re-

66 682 225 762 spondisse
251 680 393 740 nobilitati
421 679 572 758 pulchrum
595 680 649 739 erit
682 688 730 740 aut
758 679 891 739 humilius
917 698 1011 757 genus
1039 679 1072 740 il-

64 768 210 827 lustrasse
226 765 322 824 lactis.
356 764 412 823 llla
425 782 542 842 quoque
561 765 674 822 interim
687 782 724 822 ex
742 781 790 838 eo,
810 763 887 842 quod
901 773 967 823 ante
979 766 1072 842 ipsum
1081 776 1110 828 ll

65 851 132 926 fuit,
153 859 285 927 tempore
304 848 462 924 trahentur,
482 867 557 927 quae
575 849 725 926 responsis
742 847 790 907 vel
805 850 932 925 auguriis
951 848 1075 908 futuram

68 934 230 995 claritatem
248 935 458 1010 promiserunt,
479 942 510 991 ut
528 951 602 1008 eum,
622 934 669 1009 qui
688 950 725 990 ex
743 930 866 991 Thetide
884 940 966 992 natus
983 940 1073 1008 esset,
1138 955 1142 963 ·

65 1020 207 1077 maiorem
240 1025 322 1094 patre
359 1032 412 1076 suo
442 1016 568 1075 futurum
605 1018 747 1075 cecinisse
777 1016 911 1075 dicuntur
943 1016 1072 1076 oracula.

65 1102 162 1180 Ipsius
182 1118 254 1161 vero
276 1100 339 1160 laus
361 1101 484 1160 hominis
504 1118 542 1159 ex
561 1101 654 1160 animo
673 1109 701 1158 et
719 1117 846 1177 corpore
872 1109 901 1159 et
924 1109 1006 1160 extra
1021 1117 1073 1178 po·
1082 1110 1116 1163 12

66 1188 130 1245 sitis
150 1186 210 1263 peti
228 1184 325 1245 dehet.
359 1184 398 1244 Et
420 1187 570 1261 corpori
578 1203 592 1243 s
613 1184 727 1261 quidem
750 1184 992 1262 fortuitorumque
1010 1202 1074 1244 cum

67 1271 164 1330 levior
186 1279 244 1328 tum
270 1286 328 1328 nou
350 1286 407 1327 uno
430 1268 516 1328 modo
539 1268 688 1328 tractanda
710 1277 765 1326 est.
798 1265 871 1327 Nam
895 1277 923 1327 et
946 1267 1072 1347 pulchri·

68 1354 194 1413 ‘udinem
221 1354 333 1413 interim
362 1352 508 1430 roburque
533 1353 737 1430 prosequimur
763 1351 875 1411 honore
906 1351 1073 1427 verborum,

66 1447 97 1497 ut
115 1436 260 1497 Homerus
277 1439 306 1495 in
325 1436 542 1514 Agamemnone
561 1446 648 1515 atque
667 1434 793 1496 Achille.
826 1435 944 1495 Interim
959 1435 1074 1496 confert

66 1522 247 1581 admirationi
273 1521 390 1581 multum
418 1523 503 1581 etiam
529 1522 692 1596 inlirmitas,
721 1529 752 1580 ut
778 1538 842 1580 curn
869 1521 945 1580 idem
973 1519 1073 1597 Tydea

66 1624 186 1684 parvum
209 1606 261 1665 sed
287 1605 460 1665 bellatorem
483 1605 552 1665 dicit
573 1606 673 1664 luisse.
708 1603 835 1665 Fortuna
855 1608 927 1664 uero
949 1614 1008 1665 turn
1032 1604 1072 1664 di·
1082 1613 1116 1667 13

66 1691 206 1766 gnitatem
225 1689 324 1764 allert,
352 1698 382 1748 ut
400 1691 428 1749 in
445 1689 564 1766 regibus
584 1689 838 1768 principibusque,
864 1688 1009 1767 (nauaque
1028 1697 1073 1748 est

67 1773 142 1833 haec
163 1775 283 1833 materia
306 1773 504 1833 ostendendae
526 1775 639 1833 virtutis
661 1773 795 1853 uberior)
820 1783 878 1833 tum
902 1791 959 1853 quo
982 1775 1072 1832 mino-

68 1875 116 1916 res
142 1875 216 1935 opes
238 1856 364 1932 luerunt,
384 1858 522 1917 maiorem
538 1857 614 1917 bene
639 1858 724 1917 lactis
744 1857 867 1934 gloriam
891 1858 975 1935 parit.
1013 1857 1073 1917 Sed

68 1942 174 2016 omnia,
196 1958 270 2018 quae
294 1949 376 2000 extra
398 1959 452 2000 nos
475 1941 550 2001 hona
575 1952 641 2001 suut
659 1959 792 2020 quaeque
814 1941 975 2001 hominibus
996 1941 1072 2000 iorte

68 2025 246 2101 obtigerunt,
273 2041 330 2083 non
349 2025 416 2085 ideo
434 2024 595 2101 laudantur,
621 2026 696 2104 quod
714 2025 847 2085 hahuerit
865 2027 929 2103 quis
950 2042 995 2099 ea,
1019 2023 1072 2084 sed

68 2108 146 2186 quod
163 2108 208 2168 his
230 2107 354 2168 honeste
372 2111 410 2168 sit
428 2127 506 2167 usus.
544 2108 616 2168 Nam
630 2111 746 2169 divitiae
767 2119 796 2168 et
813 2111 943 2188 potentia
961 2117 990 2168 et
1006 2116 1115 2186 gra-14

67 2195 117 2267 tia,
141 2210 206 2252 cum
227 2193 379 2270 plurimum
401 2193 503 2251 virium
521 2192 589 2253 dent
606 2195 635 2252 in
651 2203 802 2272 utramque
820 2203 950 2272 partem,
971 2194 1071 2253 certis-

68 2277 168 2335 simum
187 2276 294 2336 iaciunt
310 2293 421 2335 morum
438 2279 675 2355 experimentum,
694 2286 742 2336 aut
758 2280 833 2336 enim
850 2278 988 2337 meliores
1005 2294 1072 2355 pro·

68 2370 134 2438 pter
157 2359 231 2420 haec
255 2369 303 2419 aut
322 2361 440 2438 peiores
462 2379 569 2420 sumus.
622 2359 734 2419 Animi
763 2379 880 2440 semper
902 2379 973 2421 vera
996 2360 1114 2436 laus,15

67 2444 120 2504 sed
143 2461 200 2503 non
222 2462 277 2503 una
299 2461 353 2522 per
374 2444 431 2504 hoc
454 2461 528 2523 opus
549 2444 596 2504 via
618 2443 741 2503 ducitur.
775 2443 906 2522 Namque
928 2444 1000 2503 alias
1024 2461 1072 2503 ae·

67 2529 132 2586 tatis
157 2526 263 2605 gradus
292 2538 498 2607 gestarumque
529 2546 626 2587 rerum
649 2528 779 2587 ordinem
802 2529 885 2606 sequi
908 2528 1072 2606 speciosius

67 2612 135 2686 luit,
159 2620 189 2670 ut
209 2613 237 2669 iu
256 2613 355 2689 primis
374 2615 454 2672 annis
473 2612 639 2672 laudaretur
657 2609 787 2688 indoles,
811 2620 870 2670 tum
889 2610 1071 2688 disciplinae,

68 2704 136 2772 post
157 2695 215 2754 hoc
236 2713 357 2773 operum
379 2697 408 2755 id
440 2705 484 2756 est
514 2697 656 2757 factorum
677 2695 879 2774 dictorumque
903 2702 1071 2761 contextus;

68 2779 140 2838 alias
164 2780 192 2837 in
215 2781 332 2858 species
353 2780 489 2839 virtutum
510 2780 638 2840 dividere
659 2779 789 2856 laudem,
812 2779 1004 2852 fortitudinis,
1030 2779 1071 2837 iu·
1176 2778 1180 2786 '

67 2864 180 2938 stitiae,
209 2865 403 2924 continentiae
431 2873 668 2943 ceterarumque,
698 2882 733 2924 ac
760 2864 882 2942 singulis
909 2862 1072 2940 assignare,

68 2963 143 3024 quae
169 2947 327 3007 secundum
346 2965 489 3026 quamque
514 2967 612 3008 earum
634 2957 719 3026 gesta
741 2957 833 3009 erunt.
877 2947 947 3008 Utra
965 2947 1002 3005 sit
1024 2954 1115 3010 ιιι-16

67 3040 125 3089 tem
141 3029 241 3090 harum
257 3032 303 3091 via
321 3031 430 3107 utilior,
449 3050 512 3092 cum
527 3034 646 3092 materia
662 3032 898 3108 deliberabimus,
916 3031 982 3091 dnm
997 3031 1071 3090 scia·

67 3133 129 3172 mus
148 3117 279 3191 gratiora
301 3133 368 3175 esse
387 3115 584 3191 audientibus,
608 3134 683 3194 quae
706 3118 786 3177 solus
809 3119 872 3195 quis
892 3125 940 3176 aut
962 3117 1070 3193 primus

66 3207 114 3258 aut
137 3208 218 3259 certe
241 3217 306 3259 cum
327 3201 428 3277 paucis
445 3199 554 3259 iecisse
570 3200 692 3275 dicetur,
716 3203 740 3260 si
761 3202 830 3279 quid
847 3201 1002 3279 praeterea
1023 3217 1070 3258 su·

65 3301 118 3360 pra
140 3301 224 3362 spem
247 3293 295 3342 aut
320 3285 564 3361 expectationem,
587 3285 745 3363 praecipue
764 3284 841 3363 quod
860 3285 953 3345 aliena
973 3284 1070 3362 potius

66 3383 153 3427 eausa
176 3384 263 3445 quam
285 3385 346 3426 sua.
387 3366 557 3445 Tempus,
582 3368 677 3447 quod
699 3369 810 3428 linem
835 3369 993 3429 hominis
1015 3370 1110 3431 in·lt

64 3453 254 3530 sequitur,
274 3466 332 3509 non
349 3468 466 3531 semper
486 3461 611 3513 tractare
631 3453 784 3530 contingit;
801 3471 859 3512 nou
878 3455 970 3514 solum
992 3451 1069 3531 quud
