2566 4026
239 161 298 224 172
552 171 920 232 nr.nss.ou1ur1n1nn1

236 330 293 389 turi
307 347 419 405 sumus,
442 344 612 407 personam,
635 343 767 403 oausam,
787 325 899 402 looum,
917 336 1046 406 tempus,
1066 331 1238 393 instrumen-

113 447 156 471 ,-
194 421 310 487 aetum,
342 414 545 486 occasionem,
568 412 732 470 narratione
758 409 956 470 delibabimus.
998 411 1182 492 Aliquando,
1212 418 1238 478 si

237 495 365 556 destituti
385 495 522 555 fuerimus
539 495 601 570 his,
622 496 708 553 etiam
731 492 899 554 fatebimur:
925 492 985 554 Vim
1001 515 1069 557 esee
1090 501 1239 562 credibile

235 580 293 643 sed
305 597 412 642 oerum
424 588 454 641 et
465 579 523 641 doe
532 578 633 639 matus
646 579 821 640 babendum
834 578 946 654 scelus,
961 583 1085 641 nescire
1098 601 1155 644 nos
1166 601 1238 662 pao·

194 663 326 731 olmodo
344 663 462 743 foetum
476 664 516 723 eit
531 671 586 724 aut
603 677 717 738 quare,
732 662 844 722 mirari
858 663 915 723 sed
926 664 1123 741 probaturos.
1157 666 1237 746 Opti·

234 765 298 808 mae
313 763 385 806 vero
408 747 648 826 praeparationes
674 753 773 821 erunt,
795 762 870 824 quae
891 745 1041 823 latuerint,
1062 758 1094 808 ut
1115 767 1131 809 a
1153 749 1237 811 Gioe·

234 848 307 892 rone
324 838 389 890 sunt
404 832 519 909 quidem
531 829 683 890 utilissime
699 829 848 907 praedicta
863 832 968 905 omnia,
981 847 1035 908 per
1051 851 1125 911 qnae
1137 833 1238 894 Miloni

235 913 355 975 Clodius
374 930 431 974 nou
448 912 552 974 Clodio
567 911 637 973 liilo
661 912 810 973 insidiatus
829 930 897 972 esse
916 912 1064 985 videatur3
1085 917 1238 996 plurimum

234 1007 330 1059 tamen
346 998 417 1058 faoit
437 997 488 1058 illa
512 997 698 1058 callidissima
719 996 911 1075 simplicitatis
927 998 1062 1061 imitatio:
1084 999 1157 1061 Milo
1178 1021 1237 1064 oo-

234 1091 312 1160 tem,
334 1101 403 1144 eum
420 1083 452 1143 io
473 1090 584 1143 senatu
596 1082 707 1161 fuisset
722 1099 757 1142 eo
779 1081 848 1157 die,
870 1083 974 1158 quood
987 1092 1113 1144 senatos
1128 1093 1174 1145 est
1188 1087 1236 1146 di-

232 1168 359 1243 mirsua,
375 1167 497 1228 domum
510 1166 606 1242 oeait,
624 1165 746 1226 ealoeos
760 1171 792 1225 et
803 1165 982 1226 vestimento
996 1169 1137 1243 motooit,
1155 1187 1237 1247 pau-

233 1250 344 1330 lisper,
366 1251 438 1311 dum
457 1269 491 1311 ae
510 1267 608 1326 eaor,
628 1256 662 1308 ot
681 1248 731 1325 pt,
753 1256 931 1326 comparat,
953 1259 1157 1311 commoratos
1181 1261 1237 1313 est.

191 1332 325 1408 aestuem
342 1333 412 1393 nibil
433 1333 588 1408 festinato,
613 1331 683 1391 nibil
698 1341 873 1410 praeparato
895 1330 1005 1391 fecisse
1020 1334 1133 1394 videtur
1148 1334 1235 1396 Milo!

234 1415 320 1490 Quod
347 1434 406 1478 non
430 1417 524 1477 solum
550 1416 638 1476 rebus
664 1416 735 1493 ipsis
759 1417 804 1474 vir
828 1415 1103 1495 eloquentissimus,
1133 1418 1237 1497 quibus

232 1516 328 1560 moras
345 1510 375 1560 et
389 1501 497 1561 lentum
512 1500 703 1579 profectionis
720 1499 850 1558 ordinem
864 1499 952 1576 dueit,
969 1501 1022 1560 sed
1036 1501 1135 1562 verbis
1153 1505 1237 1563 etiam

232 1582 402 1661 vulgaribus
419 1593 448 1644 et
464 1583 617 1643 cotidianis
634 1591 663 1642 et
678 1592 740 1643 arte
755 1583 873 1644 oooulta
890 1595 1065 1645 oonseoutus
1082 1595 1143 1654 est;
1155 1604 1238 1664 ,quae

234 1666 362 1727 sialiter
383 1668 459 1728 diota
482 1677 597 1744 essent,
616 1668 740 1745 strepitu
759 1667 854 1746 ipsum
874 1668 999 1728 iudioem
1015 1670 1050 1728 ad
1072 1672 1237 1730 eustodien-

191 1750 300 1821 59dum
315 1759 467 1828 patronum
482 1753 671 1811 excitassent.
713 1749 835 1827 Frigore
849 1750 983 1811 videntur
999 1754 1054 1812 ista
1069 1753 1236 1834 plerisque,

234 1834 287 1894 sed
307 1833 364 1894 hoo
385 1834 566 1895 manifestum
588 1843 650 1909 est,
669 1835 815 1912 quomodo
837 1835 961 1895 iudicem
983 1834 1140 1912 fefellerit,
1160 1840 1236 1915 quod

234 1919 283 1976 vix
301 1935 317 1977 a
332 1918 445 1978 leotore
461 1918 698 1997 deprehenditur.
723 1917 804 1979 Haeo
819 1927 902 1994 sunt,
919 1936 993 1997 quae
1009 1919 1178 1980 credibilem
1195 1922 1236 1981 fa·

191 2002 311 2071 sociant
333 2003 556 2081 expositionem.
592 2001 664 2062 Nam
684 2003 713 2062 id
735 2003 868 2081 quidem,
892 2020 929 2061 ne
943 2020 1005 2081 ,qua
1028 2005 1172 2064 contraria
1190 2015 1237 2064 aut

233 2083 289 2145 sibi
304 2087 494 2164 repugnantia
508 2087 537 2146 in
554 2087 718 2146 narratione
734 2086 877 2161 dieamus,
899 2088 924 2145 si
940 2089 986 2146 eui
1002 2087 1238 2165 praecipiendum

234 2177 297 2244 est,
323 2171 348 2229 is
373 2170 486 2249 reliqua
509 2170 616 2230 frustra
639 2169 775 2238 dooetur;
803 2171 914 2230 etiamsi
935 2171 1050 2249 quidam
1075 2172 1236 2249 scriptores

233 2249 346 2312 Artium
360 2250 419 2313 hoo
435 2270 551 2332 quoque
567 2263 701 2332 tanquam
713 2253 859 2314 oooultnm
874 2263 903 2313 et
918 2271 935 2314 a
949 2271 982 2314 se
998 2256 1156 2332 prudenter
1173 2272 1236 2314 eru·

233 2344 292 2395 tum
306 2337 431 2397 tradunt.

191 2434 225 2490 61
317 2419 368 2480 liis
384 2420 475 2480 tribus
491 2421 624 2482 narrandi
639 2421 792 2482 virtutibus
810 2420 947 2481 adiiciunt
965 2424 1079 2501 quidam
1099 2425 1236 2500 magni-

233 2504 439 2580 fioentiam,
466 2522 551 2583 quam
571 2503 821 2584 μεγαλοπρέπειαν
843 2514 966 2580 vooant,
996 2524 1070 2584 quae
1092 2509 1237 2583 usquein

234 2605 334 2647 omnes
350 2605 453 2649 eausas
475 2590 552 2649 eadit
570 2589 650 2667 (nam
666 2588 734 2666 quid
750 2590 778 2647 in
800 2586 951 2666 plerisque
973 2589 1085 2648 iudiciis
1105 2591 1235 2665 privatis,

234 2671 271 2730 de
287 2681 368 2732 oerta
383 2672 509 2748 eredita,
531 2672 629 2732 loeato
644 2680 673 2731 et
691 2671 852 2745 eonduoto,
873 2670 1033 2730 interdictis
1051 2668 1160 2729 babere
1177 2671 1237 2731 looi

233 2765 333 2834 potest
355 2755 578 2833 supramodum
599 2772 632 2815 se
654 2754 763 2813 tollens
785 2751 916 2833 oratiol)
940 2771 1036 2832 neque
1054 2771 1171 2832 semper
1192 2765 1237 2815 est

191 2839 329 2914 mutilis,
355 2840 437 2898 uelut
460 2839 592 2917 proximo
611 2837 747 2916 exemplo
769 2836 925 2897 Miloniano
948 2847 1038 2916 patet.
1081 2837 1118 2897 Et
1138 2841 1236 2898 memi-

233 2925 358 2983 nerimus
380 2922 484 2982 multas
508 2939 575 2981 esse
599 2938 717 2998 causas,
738 2922 767 2981 in
789 2920 893 3000 quibus
918 2922 1128 2996 confitendum,
1148 2941 1236 2982 exeu-

234 3007 362 3083 sandum,
379 3005 609 3066 summittendum
624 3006 671 3081 sit,
688 3006 766 3083 quod
783 3007 968 3083 exponimus;
987 3005 1089 3085 quibus
1106 3005 1236 3065 omnibus

233 3090 328 3150 aliena
347 3098 392 3150 est
413 3089 464 3150 illa
479 3089 711 3167 magnificentiae
731 3091 832 3149 virtus.
869 3089 966 3164 Quare
984 3108 1041 3149 non
1055 3091 1148 3167 magis
1168 3107 1236 3168 pro·

234 3176 327 3252 prium
341 3174 512 3233 narrationis
527 3181 572 3232 est
586 3174 738 3253 magnifiee
755 3175 854 3233 dioere
867 3192 951 3252 quam
965 3173 1180 3250 miserabiliter,
1196 3174 1235 3230 in·

234 3257 366 3333 vidiose,
384 3258 528 3334 graviter,
546 3256 684 3335 duloiter,
702 3258 827 3326 urbane;
845 3274 935 3335 quae,
954 3276 1018 3317 oum
1033 3275 1086 3317 suo
1103 3274 1237 3336 quaeque

235 3340 303 3399 looo
320 3341 376 3399 sint
391 3340 560 3417 laudabilia,
579 3357 636 3401 non
656 3352 720 3402 sunt
737 3342 804 3401 huie
819 3342 892 3418 parti
910 3342 1030 3420 proprie
1046 3341 1192 3420 assignata
1207 3347 1237 3398 et

235 3422 316 3483 velut
334 3422 440 3484 dedita.
