2566 4026
377 221 465 269 mss.
482 219 633 268 ouranos.
651 220 720 266 nro.
741 220 808 285 xu,
825 217 850 267 1.
1054 206 1115 270 243

115 377 266 438 iudicanda
288 386 332 436 est
353 375 472 444 maism3
495 376 616 454 peiores
636 374 714 433 enim
734 373 804 432 illos
818 373 902 450 facit,
926 373 1029 451 quibus
1046 391 1114 434 con·

115 464 136 521 ti
161 464 189 521 ’t.

96 618 98 623 ‚
138 481 167 540 Ψ
199 545 311 604 Videor
327 544 394 603 mibi
414 543 515 604 audire
535 543 676 622 quosdam
703 542 814 621 (neque
830 542 905 600 enim
920 536 1044 602 'deerunt
1064 555 1158 608 uri-33

116 648 210 708 qnam,
227 630 275 707 qni
291 628 391 688 diserti
405 645 474 687 esse
491 645 574 705 quam
590 627 657 686 boni
672 625 784 705 malint)
800 625 850 685 ilia
865 624 1014 686 dicentes:
1040 625 1116 700 Quid

116 730 188 789 ergo
206 721 314 772 tantum
330 720 376 771 est
398 712 467 771 artis
489 713 517 768 in
538 708 724 788 eloquentia?
750 728 801 769 cur
815 719 846 768 ts
862 709 900 769 de
918 709 1068 769 coloribus
1085 718 1115 768 et

115 796 273 855 diiticilium
295 813 445 856 causarum
471 794 658 870 defensione,
683 793 816 853 nonnihil
836 793 922 852 ctiam
944 793 981 853 de
1000 793 1115 853 confes-

115 882 197 939 sione
215 880 330 939 locutus
346 897 396 955 es,
420 880 476 937 nisi
499 878 654 956 aliqnando
675 880 720 937 ris
742 896 778 937 aa
793 877 917 938 incultas
931 875 1047 937 dicendi
1065 896 1115 937 err·

114 972 223 1042 pugnat
237 965 330 1041 ipsam
345 961 520 1022 veritatemi
549 961 646 1020 Renes
660 963 736 1020 cnim
751 963 796 1020 vir
807 979 867 1021 aas
882 963 941 1038 agit
954 963 1009 1022 nisi
1024 961 1116 1022 bonas

115 1065 232 1123 causas,
255 1064 307 1105 eas
330 1063 421 1125 porro
444 1047 530 1105 etiarn
554 1047 617 1105 sine
641 1045 773 1105 doctrma
796 1047 865 1105 setis
888 1063 942 1123 per
965 1063 999 1105 sc
1020 1054 1116 1106 tuetur

114 1133 222 1191 veritas
238 1133 311 1208 ipsa.
347 1129 459 1202 Quibus
485 1145 559 1206 ego,
577 1149 646 1190 -curn
664 1131 705 1190 dc
724 1146 792 1190 meo
813 1131 933 1207 primurn
954 1146 1046 1208 opere
1068 1145 1156 1199 re-34

114 1216 280 1293 spondero,
300 1215 385 1273 etiam
401 1230 455 1290 pro
472 1212 541 1273 beni
554 1215 608 1272 viri
622 1213 739 1290 oiiioiu,
757 1215 783 1272 si
801 1214 914 1292 quaudo
931 1232 996 1273 eum
1014 1213 1050 1274 ad
1063 1212 1114 1273 de-

114 1299 276 1359 fensionem
299 1299 464 1356 nocentium
486 1299 562 1356 ratio
592 1297 719 1373 duxerit,
747 1298 933 1358 satisfaciam.
976 1296 1115 1357 Tractare

114 1384 205 1458 enim,
223 1381 367 1459 quomodo
383 1388 431 1439 aut
441 1397 495 1458 pro
512 1381 593 1441 falsis
608 1390 656 1442 aut
670 1384 756 1441 ctiam
768 1398 822 1460 pro
835 1382 947 1441 iniustis
960 1381 1115 1460 aliquando

114 1468 236 1541 dicatur,
251 1483 310 1524 non
326 1474 371 1525 est
384 1465 496 1541 inutile,
512 1465 562 1525 vel
577 1474 698 1543 propter
712 1467 770 1526 hoc
781 1466 888 1542 solum,
904 1474 935 1525 ut
951 1483 987 1526 ea
1001 1464 1116 1525 iaciiius

115 1560 144 1610 et
174 1550 423 1627 deprehendamus
451 1557 481 1608 et
508 1549 692 1618 rosellanum
721 1550 960 1629 quemadmodum
984 1547 1115 1609 remedia

114 1633 217 1692 melius
232 1633 389 1709 adhibebit,
407 1634 452 1692 cai
464 1642 542 1709 nom,
559 1651 633 1711 quac
645 1642 763 1710 nocent,
778 1635 894 1693 iseum.
919 1633 1027 1713 Neque
1041 1633 1156 1698 enimes

115 1716 299 1792 Academici,
322 1734 388 1776 curn
409 1719 437 1775 in
460 1726 609 1795 utramque
625 1719 824 1778 disseruerunt
843 1727 973 1798 partem,
994 1734 1053 1777 non
1067 1735 1114 1777 se·

114 1802 236 1861 cundum
253 1801 372 1862 alteram
394 1802 507 1870 vivent;
531 1820 587 1862 nec
603 1799 769 1862 Carneades
780 1803 851 1877 ilie,
872 1803 923 1881 qni
938 1802 1049 1862 Romae
1065 1819 1114 1862 au·

113 1886 210 1945 diente
227 1883 372 1945 Censorio
390 1883 501 1946 Catone
523 1904 581 1945 non
602 1886 760 1947 minoribus
782 1886 892 1946 viribus
916 1896 1016 1946 eontra
1034 1886 1113 1945 iusti·

113 1972 181 2028 tiam
198 1971 301 2028 dieitur
316 1970 490 2028 disseruisse
506 1988 590 2047 qnam
610 1973 703 2049 pridie
726 1987 779 2049 pra
794 1973 902 2031 institia
919 1971 1047 2046 dixerat,
1072 1970 1113 2029 in-

113 2054 207 2110 iustus
228 2054 294 2128 ipse
315 2053 360 2108 vir
379 2052 440 2110 init.
474 2052 583 2112 Verum
608 2063 637 2114 et
658 2056 750 2114 virtus
772 2054 840 2132 quid
862 2056 914 2128 sit,
939 2055 1062 2114 adversa
1080 2054 1114 2113 ei

112 2133 220 2193 maiitia
235 2134 357 2210 detegit,
374 2142 402 2191 et
417 2136 549 2210 aequitas
559 2136 594 2195 iit
610 2155 648 2195 ex
662 2138 751 2215 iniqui
766 2136 1010 2214 contemplatione
1023 2138 1113 2196 mani·

113 2218 229 2293 festior,
245 2225 275 2276 et
290 2217 411 2295 plurima
428 2219 579 2277 contrariis
594 2219 761 2297 probantur.
786 2219 903 2279 Debent
917 2236 989 2296 ergo
1003 2221 1114 2279 oratori

114 2303 157 2360 sic
178 2319 246 2360 esse
266 2302 500 2360 adversariorum
515 2311 582 2362 nota
601 2302 724 2362 consilia
747 2311 777 2362 ut
796 2301 1113 2381 bostiam'imperetori.

112 2385 221 2444 Verum
249 2394 280 2444 et
306 2385 392 2460 illud,
422 2384 499 2464 quod
521 2386 614 2464 prima
640 2387 843 2464 propositione
871 2386 969 2446 durum
988 2387 1155 2457 videtum&

114 2478 212 2548 potest
227 2470 333 2529 afferre
348 2471 438 2545 ratio,
462 2477 492 2529 ut
515 2471 560 2530 vir
581 2469 674 2531 bonus
689 2471 717 2531 in
732 2468 903 2530 defensione
919 2487 1025 2530 causae
1042 2469 1114 2532 velit

114 2554 229 2614 auterre
242 2554 395 2633 aliquando
408 2554 495 2614 iudici
507 2556 668 2614 veritatem.
683 2553 772 2628 ¹Quod
783 2555 808 2613 si
819 2556 912 2634 quisa
927 2573 973 2614 me
989 2555 1114 2633 proponi

113 2637 271 2713 mirabitur,
289 2640 466 2718 (quanquam
476 2656 534 2697 non
546 2639 676 2699 estbaee
688 2656 753 2700 mea
769 2640 888 2718 proprie
904 2640 1046 2699 sententia
1056 2637 1114 2700 sed

115 2739 230 2795 eorum,
253 2739 327 2800 quos
350 2724 539 2799 gravissimos
563 2724 723 2801 sapientiae
747 2725 902 2801 magistros
927 2731 1007 2783 aetas
1028 2731 1113 2782 uetus

115 2805 257 2884 credidit)
280 2807 323 2865 sic
345 2807 469 2882 iudicet,
497 2807 639 2886 pleraque
660 2825 743 2882 esse,
775 2825 851 2885 quae
871 2825 930 2867 nnn
951 2816 1008 2867 tam
1028 2806 1113 2866 iactis

113 2907 199 2968 quam
215 2891 309 2949 causis
326 2907 425 2949 eorum
442 2891 491 2950 vei
506 2890 628 2951 honesta
647 2891 715 2951 iiant
736 2891 786 2952 vei
801 2892 905 2970 turpia.
934 2890 1007 2950 Nam
1020 2892 1045 2950 si
1060 2889 1155 2953 boet

113 2975 217 3032 minem
242 2974 383 3034 occidere
404 2993 495 3053 saepe
518 2976 624 3050 virtus,
653 2975 763 3035 liberos
786 2994 893 3036 necare
912 2992 1113 3053 nonnunquam

112 3057 336 3135 pulcherrimum
355 3067 416 3117 est:
439 3060 590 3137 asperiora
612 3059 752 3136 quaedam
769 3059 863 3120 adbuc
875 3059 971 3134 dictu,
990 3060 1018 3119 si
1034 3075 1112 3118 cour·

112 3141 204 3199 munis
226 3141 333 3200 utititas
359 3145 507 3218 exegerit,
532 3142 633 3202 iacere
656 3143 839 3212 conceditur;
860 3162 898 3202 ue
918 3142 976 3203 hoc
997 3142 1113 3221 quidem

113 3223 216 3282 nudum
235 3233 279 3282 cst
301 3226 479 3302 intuendum,
503 3227 620 3307 qualem
639 3245 755 3288 causam
775 3229 821 3286 vir
843 3227 936 3287 bonus
957 3226 1010 3287 sed
1027 3227 1112 3286 etiam

113 3325 203 3387 qnare
222 3316 255 3366 et
282 3326 338 3386 qua
357 3319 453 3369 mente
479 3311 625 3372 defendet.
655 3310 701 3371 Ac
720 3312 841 3391 primurn
863 3311 1024 3371 concedant
1043 3308 1154 3374 mutes

113 3410 213 3451 omnes
230 3401 363 3470 oportet,
389 3394 466 3472 quod
482 3397 646 3455 Stoicorum
659 3412 782 3475 quoque
802 3397 953 3475 asperrimi
974 3395 1110 3456 confiten-

112 3486 172 3553 tur,
195 3478 336 3537 iactnrum
356 3479 511 3559 aliquando
531 3481 622 3540 uirum
637 3480 758 3558 bonum,
781 3480 1005 3626 etmenquiupu
1021 3479 1109 3556 dicat,
