2566 4026
354 190 442 238 rusa.
461 188 609 239 oneror.
627 190 697 239 me.
716 189 812 257 vt,1·
1030 176 1090 246 att

93 351 174 405 sator
195 341 302 403 babeat
324 341 455 401 omnibus
477 344 515 401 ita
537 341 674 402 defensis.
719 342 773 402 Illa
792 359 864 402 vero
879 343 1123 421 iucundissimae

94 428 120 487 si
135 427 287 504 contingat
300 425 417 504 aliquod
433 443 470 484 ex
485 426 653 486 adversario
670 425 779 485 ducere
796 436 1004 503 argumentum,
1021 436 1052 486 ut
1067 429 1092 486 si

93 510 193 572 dicas:
215 509 349 587 Reliquit
363 509 444 569 boue
457 518 577 587 portem
599 526 732 584 causae,
755 517 803 568 aut
816 510 936 571 iuoa’ds‘u
950 528 1093 587 premere

93 592 218 669 maledi,
242 601 290 652 aut
317 592 361 652 ud
383 610 496 671 preces
519 594 653 672 confugit
671 594 793 669 merito,
817 611 886 652 curu
905 595 999 655 sciret
1015 593 1093 656 boec

93 685 123 738 et
136 676 223 740 boec.
269 675 328 736 Sed
343 692 400 735 nou
419 686 484 735 sunt
504 675 635 754 singulae
657 678 774 754 species
796 677 1033 754 persequendae,
1055 689 1119 742 neo

92 759 159 820 sola
175 759 343 836 videantur,
368 777 442 837 quae
457 758 533 819 iorte
549 778 623 819 nunc
646 758 764 834 dixero,
785 776 850 818 cum
873 761 1046 820 occasiones
1062 769 1093 822 et

93 861 132 904 ex
156 844 253 903 causis
275 851 304 902 et
330 861 367 902 ex
390 842 473 903 dictis
487 842 718 907 adversariorum
740 852 827 902 etex
849 842 1017 921 quibusdam
1031 843 1090 903 ior·

91 927 172 987 tuitis
199 943 316 1005 quoque
346 927 482 986 oriantur.
532 925 596 986 Nec
622 925 777 986 referenda
803 927 889 986 modo
916 935 1014 986 nostra
1039 927 1091 987 sed

113 1008 296 1071 ostulandum
309 1012 393 1070 etiam
406 1009 441 1070 ab
453 1009 639 1086 adversariis,
648 1018 680 1068 ut
692 1010 727 1070 ad
735 1009 875 1088 quaedam
885 1009 1089 1089 respondeant.

107 1094 124 1155 d
141 1102 254 1169 autern,
268 1095 292 1152 si
309 1102 338 1153 et
352 1093 474 1153 actionis
486 1095 632 1171 supererit
646 1093 730 1154 locus
743 1102 772 1153 et
787 1110 823 1153 ea
839 1095 1088 1172 proposuerimus,
1101 1105 1118 1159 6

93 1194 170 1256 quae
190 1176 287 1237 refelli
307 1193 365 1236 non
387 1176 509 1255 possint.
553 1176 626 1236 Nam
646 1193 826 1254 provocare,
849 1194 924 1254 quae
946 1176 1012 1237 inde
1035 1179 1091 1238 sint

91 1262 196 1343 fortia,
224 1277 282 1320 non
304 1262 450 1336 arguentis
477 1269 521 1319 est
541 1260 593 1320 sed
616 1261 768 1319 monentis.
819 1258 852 1320 ld
872 1278 957 1320 unum
981 1260 1119 1338 epilogit

91 1362 186 1423 genus
212 1345 306 1403 visum
332 1354 378 1402 est
403 1344 552 1421 plerisque
578 1343 740 1403 Atticorum
768 1352 796 1403 et
823 1343 1007 1421 pbilosophis
1026 1344 1090 1404 iere

92 1427 236 1505 omnibus,
244 1427 293 1506 qui
305 1426 341 1486 de
353 1436 415 1488 arte
432 1428 559 1486 oratoria
575 1429 712 1504 scripturn
722 1427 829 1505 aliquid
844 1425 1033 1505 reliquerunt.
1057 1426 1091 1488 ld

91 1511 223 1573 sensisse
238 1510 352 1570 Atticos
373 1509 478 1586 credo,
494 1511 560 1589 quia
580 1509 702 1570 Athenis
723 1510 845 1571 allectus
863 1523 982 1570 movere
1005 1511 1090 1571 etiarn

91 1612 146 1675 per
171 1610 347 1675 praeconem
377 1592 586 1672 prohibebatur
613 1602 720 1653 orator.
770 1592 965 1672 Philosopbos
997 1595 1089 1654 miuus

91 1680 197 1755 miror,
214 1679 290 1756 apud
314 1694 387 1756 quos
408 1678 469 1736 vitii
489 1676 557 1737 loco
581 1685 625 1737 est
647 1676 739 1746 allici;
762 1694 817 1737 nec
837 1677 906 1737 boni
928 1694 1026 1737 mores
1047 1680 1089 1737 vi-

92 1762 211 1837 dentur,
235 1763 310 1820 sica
328 1777 401 1820 vero
424 1759 547 1820 iudicem
561 1762 669 1837 averti,
684 1778 740 1820 neo
759 1762 915 1821 convenire
933 1761 1009 1821 bono
1025 1762 1088 1821 viro

90 1846 167 1905 vitiis
183 1845 233 1904 uti.
278 1842 470 1904 Necessarios
491 1853 586 1905 tamen
607 1844 730 1903 allectus
750 1842 930 1920 fatebuntur,
953 1846 978 1904 si
1004 1844 1089 1904 aliter

91 1927 217 1988 obtineri
230 1944 301 1988 vera
324 1936 353 1986 et
367 1929 442 1986 iusta
458 1936 487 1986 et
501 1929 530 1986 in
545 1944 695 1987 commune
717 1927 867 2006 profutura
890 1945 947 1988 non
965 1929 1087 2006 possint.

92 2011 230 2072 Ceterum
250 2010 321 2070 illud
342 2012 469 2071 constitit
488 2012 563 2070 inter
583 2028 700 2086 omnes,
722 2012 807 2071 etiam
826 2013 855 2071 in
876 2011 940 2071 aliis
960 2011 1118 2089 partibus8

90 2096 230 2171 actionis,
256 2096 280 2153 si
302 2093 453 2172 multiplex
474 2111 560 2154 causa
581 2096 619 2153 sit
640 2103 669 2152 et
689 2093 820 2172 pluribus
842 2097 1016 2173 argumentis
1039 2095 1088 2155 de·

90 2179 191 2255 lausa,
209 2177 318 2237 utiliter
336 2169 594 2255 ἀνακεφαλαίωσιν
617 2176 679 2236 lieri
701 2176 813 2245 solere:
838 2179 914 2237 sicut
933 2195 1017 2240 nemo
1038 2178 1088 2238 du·

89 2261 226 2322 bitaverit
240 2260 344 2322 multas
360 2279 426 2320 esse
449 2277 569 2335 causas,
584 2261 613 2318 in
629 2258 730 2337 quibus
748 2260 828 2320 nullo
844 2260 912 2320 loco
934 2263 971 2320 sit
985 2280 1088 2321 neces·

89 2346 184 2421 saria,
206 2346 231 2403 si
241 2344 348 2404 breves
365 2353 395 2403 et
406 2342 552 2420 simplices
568 2341 683 2401 inerint.
716 2341 796 2402 Haec
811 2360 879 2420 pars
895 2346 1087 2421 perorationis

89 2429 256 2490 accusatori
277 2437 459 2506 patronoque
474 2440 620 2502 exaequo
637 2427 793 2484 communis
810 2435 864 2484 est.

175 2510 395 2571 dilectibus
419 2526 536 2588 quoque
564 2509 666 2569 iisdem
693 2508 757 2568 iere
778 2516 909 2583 utuntur,
940 2509 994 2570 sed
1023 2509 1115 2573 aliis9

89 2594 137 2657 bic
159 2603 247 2673 atque
268 2593 320 2653 ille
342 2594 458 2671 saepius
471 2611 506 2652 ao
521 2593 629 2669 magis,
646 2609 710 2652 narn
726 2591 793 2651 huic
806 2591 953 2651 concitare
964 2592 1086 2668 iudices,

88 2677 132 2738 illi
152 2677 276 2736 flectere
303 2678 447 2736 convenit.
492 2674 601 2734 Verum
626 2684 655 2734 et
683 2684 837 2735 accusator
861 2673 949 2735 babet
976 2675 1088 2735 interim

89 2761 225 2821 lacrimas
241 2777 278 2819 ex
298 2761 484 2819 miseratione
511 2760 573 2819 eius
592 2760 650 2833 rei,
671 2775 756 2835 quam
779 2758 940 2826 ulciscitur;
968 2767 997 2817 et
1019 2776 1087 2819 rens

90 2845 127 2905 de
148 2842 316 2920 indignitate
339 2842 499 2902 calumniae
519 2842 740 2919 conspirationis
755 2840 953 2901 vehementius
975 2842 1088 2901 interim

91 2929 229 3006 queritur.
273 2925 412 2985 Dividere
428 2926 514 3002 igitur
524 2924 597 2985 baec
614 2923 710 2984 officia
727 2925 996 3000 commodissimum,
1013 2941 1087 3003 quae

89 3011 261 3089 plerumque
278 3017 359 3084 sunt,
378 3009 499 3083 ordiri,
520 3009 671 3086 prooemio
686 3009 788 3069 similia
804 3009 856 3070 sed
871 3009 1008 3070 liberiora
1024 3007 1087 3086 ple·

89 3095 240 3172 nioraque.
284 3090 435 3152 inclinatio
452 3093 527 3152 enirn
538 3091 666 3153 iudicum
681 3091 717 3153 ad
732 3109 785 3152 nos
801 3094 907 3171 petitur
921 3094 1002 3152 initio
1022 3092 1130 3170 par-10

91 3179 168 3253 cius,
183 3194 247 3236 cum
261 3176 369 3236 admitti
385 3176 456 3236 satis
468 3184 514 3235 est
528 3185 558 3236 et
573 3177 666 3235 oratio
682 3183 741 3235 tota
756 3185 907 3255 superest;
927 3178 956 3237 iu
967 3176 1086 3255 epilogo

90 3278 162 3321 vero
182 3269 242 3337 est,
266 3259 381 3338 qualem
399 3261 520 3320 animum
542 3259 629 3319 iudex
649 3260 678 3318 in
699 3260 849 3320 consilium
870 3260 962 3337 ierat,
986 3269 1015 3321 et
1031 3261 1085 3320 iarn

90 3345 162 3407 nibil
182 3342 303 3423 amplius
327 3343 429 3403 dicturi
450 3359 563 3418 sumus,
592 3360 647 3402 nec
673 3351 779 3418 restat,
810 3358 866 3421 quo
891 3361 1085 3404 reservemus.

91 3426 145 3488 list
165 3430 251 3506 igitur
273 3429 403 3508 utrisque
426 3443 590 3501 commune,
615 3425 772 3487 conciliare
795 3426 865 3502 sibi,
890 3436 1024 3487 avertere
1051 3425 1126 3487 abll
