2566 4026
145 214 207 276 210
464 226 500 271 u.
513 224 592 271 nnn.
609 223 830 284 ournrmranr

145 381 289 441 actionem
314 377 419 438 Cicero
449 379 520 438 alias
550 381 639 458 quael
663 399 831 441 sermonem
855 380 926 440 alias
954 383 1166 462 eloquentiam

145 466 303 544 qvondam
318 465 459 542 corporis
474 462 553 522 dicit.
584 462 663 523 Idem
681 472 776 523 tamen
794 463 865 523 duas
882 466 943 523 eius
959 476 1063 543 partes
1082 469 1165 545 facit,

145 557 297 628 quaesunt
313 546 433 607 eaedem
446 548 696 625 pronuntiationis,
716 565 820 607 vocem
834 556 921 626 atque
936 558 1056 610 motum.
1088 553 1154 626 Qua

118 641 267 712 apropter
290 639 413 710 utraque
435 630 633 709 appellatione
655 631 853 692 indifferenter
878 634 918 692 uti
945 634 1025 694 licet.
1065 636 1166 696 Habet

145 726 240 777 autern
254 733 302 775 res
319 716 383 794 ipsa
397 717 495 775 miram
508 717 649 792 quandam
666 717 693 774 in
714 715 891 775 orationibus
902 717 960 776 vim
975 735 1011 778 ac
1027 728 1165 797 potesta-

144 811 215 868 tem;
237 817 334 877 neque
352 801 426 859 enim
441 807 498 858 tam
516 799 623 876 refert,
651 800 747 878 qualia
763 802 835 876 sint,
860 819 935 878 quae
950 801 1025 862 intra
1043 813 1165 864 nosmet

144 888 225 964 ipsos
243 884 468 962 composuimus,
488 901 572 961 quam
588 900 645 962 quo
660 883 746 942 modo
762 883 933 952 efferantur;
950 903 1014 944 nam
1026 887 1069 947 ita
1084 891 1164 968 quis·
1196 919 1198 923 ·

144 988 219 1048 que,
241 977 272 1027 ut
293 968 387 1044 audit,
409 976 551 1027 movetur.
587 967 684 1041 Quare
705 985 801 1047 neque
822 967 956 1047 probatio
974 969 1052 1046 ulla,
1088 991 1166 1051 quae

142 1053 228 1112 modo
245 1052 324 1111 venit
343 1051 379 1111 ab
395 1059 530 1127 oratore,
557 1061 613 1110 tam
632 1052 712 1111 iirma
734 1061 793 1128 est,
818 1061 849 1111 ut
870 1070 928 1111 non
949 1055 1056 1131 perdat
1083 1058 1166 1116 vires

144 1154 230 1212 suas,
252 1137 307 1195 nisi
331 1135 480 1195 adiuvatur
502 1136 721 1195 asseveratione
744 1136 876 1195 dicentis.
909 1135 1041 1196 Affectus
1068 1142 1165 1199 omnis

143 1220 317 1298 languescat
333 1237 459 1279 necesse
478 1228 539 1295 est,
554 1220 609 1279 nisi
626 1236 717 1295 voce,
733 1219 831 1295 vultu,
847 1220 934 1278 totius
950 1237 1045 1299 prope
1061 1222 1166 1283 habitu

116 1304 277 1383 doorporis
292 1304 467 1365 inardescat.
494 1302 566 1363 Nam
583 1321 646 1362 cum
660 1303 735 1363 haec
751 1304 845 1363 omnia
861 1303 1032 1364 fecerimus:
1052 1307 1165 1368 ielices

143 1397 255 1465 tamen,
271 1389 297 1447 si
314 1395 443 1447 nostrum
458 1387 537 1447 illum
552 1389 649 1464 ignem
664 1387 752 1446 iudex
768 1390 952 1466 conceperim
969 1388 1079 1450 nedum
1099 1409 1167 1451 eum

143 1474 237 1551 supini
261 1474 416 1549 securique
436 1489 620 1548 moveamus,
645 1490 681 1531 ac
702 1488 760 1530 non
780 1473 843 1550 ipsc
865 1480 964 1532 nostra
982 1475 1166 1535 oscitatione

115 1557 285 1619 dsolvatur.
316 1555 499 1616 Documento
518 1564 582 1614 sunt
597 1555 646 1614 vel
662 1556 772 1615 scenici
786 1564 913 1630 actores,
930 1557 979 1634 qui
994 1566 1023 1616 ει
1039 1560 1165 1637 optimis

143 1649 294 1718 poetarum
315 1648 423 1700 tantum
440 1640 577 1699 adiiciunt
593 1641 721 1716 gratiae,
744 1648 775 1698 ut
791 1656 844 1698 nos
866 1640 974 1699 infinito
997 1643 1095 1718 magis
1115 1661 1165 1703 ea·

143 1723 208 1782 dem
223 1724 275 1783 illa
289 1723 385 1783 audita
404 1741 488 1801 quam
504 1723 581 1782 lecta
598 1723 761 1792 delectent;
783 1732 812 1783 et
828 1724 975 1783 vilissimis
992 1726 1083 1784 etiam
1100 1728 1164 1806 qui·

142 1806 262 1866 busdam
278 1808 431 1884 impetrant
446 1824 548 1883 aures,
568 1815 614 1882 ut,
634 1807 737 1885 quibus
753 1807 848 1866 nullus
867 1817 912 1867 est
926 1810 955 1866 in
968 1806 1165 1870 bibliothecis

116 1890 244 1966 olocus,
264 1891 301 1949 sit
316 1891 401 1950 etiam
417 1890 556 1968 frequens
572 1891 600 1949 in
616 1891 746 1951 theatris.
782 1890 893 1964 Quodsi
908 1892 935 1950 in
951 1892 1058 1968 rebus,
1089 1912 1164 1973 quas

143 1973 225 2032 fictas
249 1991 316 2034 esse
339 1975 445 2033 scimus
463 1983 492 2034 et
512 1975 627 2050 inanes,
651 1983 759 2034 tanturn
777 1976 970 2051 pronuntiatio
987 1984 1108 2053 potest,
1132 1987 1164 2036 ut

142 2059 226 2129 iram,
257 2058 407 2134 lacrimas,
436 2057 660 2133 sollicitudinem
684 2057 801 2118 afferat:
834 2068 940 2136 quanto
966 2059 1034 2137 plus
1059 2061 1163 2121 valeat

142 2159 268 2201 necesse
290 2151 349 2219 est,
369 2141 417 2200 ubi
434 2151 463 2202 et
479 2139 644 2202 credimus?
670 2141 812 2220 Equidem
829 2143 879 2202 vel
893 2144 1077 2202 mediocrem
1097 2162 1162 2205 ora·

142 2227 250 2286 tionem
267 2227 494 2287 commendatam
509 2225 617 2285 viribus
634 2227 755 2285 actionis
778 2226 943 2286 affirmarim
961 2227 1028 2304 plus
1045 2226 1160 2289 habitu-

112 2313 201 2370 6ram
225 2329 293 2370 esse
307 2313 443 2370 momenti
461 2329 545 2388 quam
561 2311 698 2388 optimam
720 2310 822 2369 eadem
839 2311 889 2370 illa
905 2311 1084 2372 destitutam.
1117 2313 1161 2372 Si·

143 2394 257 2471 quidem
279 2404 308 2454 et
329 2394 561 2470 Demosthenes,
590 2392 659 2472 quid
681 2402 761 2452 esset
787 2394 816 2452 in
838 2403 901 2454 toto
924 2394 1039 2456 dicendi
1065 2413 1159 2474 opere

140 2479 278 2555 primum,
301 2480 497 2555 interrogatus
517 2478 742 2556 pronuntiationi
758 2477 881 2555 palmam
902 2479 981 2538 dedit
1003 2478 1160 2559 eidemque

142 2562 300 2621 secundum
321 2580 356 2622 ac
376 2563 490 2622 tertium
507 2561 619 2637 locum,
645 2560 740 2620 donec
762 2560 797 2620 ab
821 2578 857 2620 eo
877 2564 978 2640 quaeri
996 2562 1158 2639 desineret,

142 2653 174 2703 ut
197 2662 260 2704 eam
275 2646 367 2704 videri
390 2654 494 2723 posset
515 2662 572 2704 non
588 2645 777 2723 praecipuam
800 2646 853 2705 sed
878 2646 970 2706 solam
992 2647 1157 2712 iudicasse:

115 2727 210 2787 'tideo
226 2730 291 2805 ipse
308 2737 365 2788 tam
381 2730 536 2807 diligenter
551 2729 626 2806 apud
634 2727 831 2788 Andronicum
846 2728 1021 2807 hypocriten
1037 2731 1156 2806 studuit,

142 2819 173 2870 ιιι
189 2811 394 2872 admirantibus
411 2815 473 2872 eius
490 2813 650 2872 orationem
665 2811 785 2871 Rhodiis
801 2829 859 2873 non
873 2815 1016 2872 immerito
1033 2813 1157 2874 Aeschi-

143 2913 195 2954 nes
212 2896 322 2956 dixisse
336 2897 484 2957 videatur:
502 2895 585 2969 Quid
594 2898 623 2957 ei
633 2897 734 2974 ipsum
745 2898 936 2958 audissetis?
951 2896 988 2956 Et
1001 2896 1041 2956 Μ.
1050 2896 1159 2958 Cicero

115 2986 228 3038 &unam
246 2981 414 3042 indicendo
432 2981 575 3042 actionem
597 2980 753 3042 dominari
773 2988 863 3058 putat.
899 2980 960 3041 llac
981 2978 1033 3040 Gn.
1051 2981 1158 3042 Lentu-

142 3063 199 3123 lum
222 3063 288 3142 plus
315 3066 458 3143 opinionis
481 3075 669 3125 consecutum
687 3082 772 3143 quam
790 3064 957 3143 eloquentia
979 3065 1085 3142 tradit,
1111 3084 1159 3126 ea·

143 3147 209 3207 dem
226 3145 259 3207 Ο.
280 3147 441 3209 Gracchum
463 3151 491 3208 in
508 3149 641 3209 deflenda
656 3148 753 3208 fratris
771 3166 845 3208 nece
868 3151 956 3208 totius
977 3148 1083 3227 populi
1099 3149 1158 3210 Ro·

143 3231 217 3290 mani
237 3230 369 3292 lacrimas
390 3234 571 3306 concitasse,
597 3242 625 3292 et
645 3232 801 3292 Antonium
825 3241 854 3291 et
877 3230 1012 3292 Crassum
1036 3233 1157 3293 multum

142 3313 289 3390 valuisse,
305 3316 458 3394 plurimum
473 3334 544 3376 vero
563 3318 598 3390 Q.
615 3315 809 3376 Hortensium.
844 3314 932 3375 Cuius
951 3318 994 3375 rei
1010 3316 1085 3376 fides
1103 3325 1159 3393 est,

144 3397 222 3472 quod
238 3399 299 3456 eius
316 3401 424 3478 scripta
441 3409 548 3460 tantum
563 3402 636 3460 intra
654 3399 756 3459 famam
772 3408 852 3475 sunt,
880 3418 936 3478 qua
954 3399 1001 3459 diu
1017 3401 1160 3479 princeps

143 3487 261 3557 orator,
291 3481 444 3560 aliquando
461 3484 591 3544 aemulus
608 3481 760 3543 Ciceronis
777 3485 955 3544 existimatus
973 3493 1035 3560 est,
1059 3486 1161 3545 novis·
