2566 4026
377 169 467 219 mou.
483 168 633 219 cunnos.
646 169 715 216 ura.
726 170 772 233 1v,
784 167 810 219 n.
1040 160 1098 220 177

92 325 178 402 beat,
201 326 227 385 si
243 326 414 402 contigerit,
437 325 522 384 etiam
541 342 630 384 verae
648 324 734 384 alicui
751 324 795 383 rei
816 324 973 385 cohaereat
990 334 1038 386 aut
1054 344 1098 387 ar·

90 419 246 490 gumentc,
271 407 348 490 quod
369 409 406 468 sit
428 409 456 467 in
478 425 581 484 causa,
605 407 799 468 confirmetur.
840 406 912 468 Nam
937 427 1012 488 quae
1038 419 1099 472 tota

93 504 176 555 extra
192 511 254 552 rem
272 494 362 571 petita
378 501 458 567 sunt,
482 492 637 552 mentiendi
661 491 807 551 licentiam
822 491 956 571 produnt.
991 490 1142 561 (duran-90

92 579 158 639 dum
180 578 356 656 praecipue,
380 576 478 656 (quod
505 575 679 654 lingentibus
709 574 880 655 frequenter
906 576 1035 658 excidit)
1062 598 1098 639 ue

94 679 149 741 qua
170 663 246 721 Inter
267 678 300 719 se
322 669 468 740 pugnent,
495 660 636 739 quaedam
666 659 741 718 enirn
762 657 891 738 partibus
914 658 1099 722 blandiuntur

93 745 146 805 sed
161 746 190 804 in
203 763 339 804 summam
355 761 414 805 non
426 746 622 813 consentiunt;
638 752 805 822 praeterea,
820 760 857 802 ne
874 743 920 819 iis,
938 760 1013 821 quae
1029 763 1099 805 vera

93 847 161 889 esse
178 828 332 904 constabit,
353 829 475 889 adversa
495 829 570 896 sint:
587 828 616 887 in
639 826 741 888 schola
757 828 852 902 etiam,
869 845 906 887 ne
923 827 1007 887 color
1019 837 1141 894 extra91

93 913 218 972 themata
232 921 396 990 quaeratur.
429 911 590 990 Utrobique
606 919 701 971 autem
718 919 816 970 orator
830 911 995 970 meminisse
1011 910 1099 972 dabe-

93 996 134 1056 bit
149 999 264 1057 actione
280 1005 351 1071 tota,
369 996 436 1074 quid
451 995 576 1071 duxerit,
594 995 729 1074 quoniam
747 994 843 1054 solent
858 994 1007 1070 excidere,
1026 1014 1100 1074 quae

93 1080 167 1140 ialsa
190 1089 268 1147 sunt;
289 1097 449 1157 verumque
467 1088 511 1138 est
527 1079 613 1153 illud,
639 1079 716 1157 quod
737 1077 825 1155 vulgo
844 1078 962 1154 dicitur,
984 1081 1099 1141 menda·

94 1183 157 1224 cem
177 1181 334 1223 memorem
353 1180 420 1222 esse
442 1171 591 1241 oportere.
630 1162 760 1222 Sciamus
776 1170 888 1238 autem,
905 1163 930 1222 si
946 1163 983 1222 dc
998 1172 1143 1229 nosnoot

93 1248 173 1307 iacto
195 1255 365 1325 quaeratur,
389 1265 474 1306 unum
493 1245 577 1305 uobis
598 1245 706 1323 aliquid
735 1263 802 1305 esse
824 1246 989 1314 dicendum:
1019 1247 1043 1307 si
1063 1247 1100 1308 de

94 1333 207 1407 alieno,
231 1333 345 1390 mittere
369 1332 397 1390 in
418 1330 501 1408 plura
523 1331 706 1408 suspiciones
723 1330 824 1389 licere.
858 1328 912 1389 list
928 1339 1022 1389 tamen
1039 1333 1099 1409 qui·

94 1415 216 1474 busdam
231 1413 414 1474 scholasticis
428 1415 649 1490 controversiis,
666 1415 695 1472 in
713 1413 816 1491 quibus
832 1415 959 1492 ponitur,
975 1413 1101 1492 aliquem

94 1516 152 1558 non
178 1499 358 1576 respondere
387 1499 464 1575 quod
490 1500 701 1575 interrogatur,
725 1497 845 1558 libertas
867 1499 960 1557 omnia
985 1516 1099 1559 enume-

94 1582 185 1656 randi,
204 1599 278 1659 quae
299 1582 471 1659 responderi
492 1582 666 1660 potuissent.
702 1581 851 1659 Fingenda
872 1598 944 1641 vero
965 1584 1143 1646 nemine-93

93 1668 181 1725 rimus
197 1683 243 1741 ea,
261 1683 335 1744 quae
350 1683 407 1724 non
426 1667 529 1726 cadant
544 1667 573 1724 iu
585 1673 699 1724 testem.
732 1665 804 1725 Sunt
820 1675 915 1726 autem
926 1665 1010 1743 baec,
1025 1685 1100 1746 quae

95 1768 111 1809 a
137 1758 237 1808 nostro
262 1749 394 1808 dicuntur
416 1751 526 1825 animo,
549 1751 629 1809 cuius
649 1750 704 1826 ipsi
726 1757 832 1809 tantum
856 1750 965 1810 conscii
986 1769 1099 1818 sumus:

95 1836 162 1893 item
179 1831 256 1911 quod
275 1851 291 1892 a
311 1833 471 1908 deiunctis,
491 1851 546 1893 nec
562 1832 619 1893 boc
636 1834 710 1892 enim
726 1836 834 1911 estqui
850 1843 952 1911 negem
973 1835 1100 1912 itemque
1121 1850 1125 1858 ·

94 1917 129 1977 ab
147 1934 183 1976 eo
202 1918 247 1976 cui
263 1916 339 1975 idem
354 1917 507 1994 expediet,
524 1918 548 1976 is
565 1919 640 1976 enim
654 1933 712 1975 nou
727 1917 859 1995 negabit;
877 1916 912 1976 ab
931 1917 1099 1977 adversario

95 2018 226 2080 quoque,
250 2001 317 2078 quia
340 2017 397 2058 non
419 2010 464 2059 est
480 2000 629 2060 habiturus
646 2001 675 2059 in
692 2001 826 2079 negando
842 2000 937 2060 iidem.
969 2002 1145 2064 Somnio-94

95 2104 156 2143 rum
171 2094 200 2144 et
216 2085 453 2162 superstitionum
466 2084 583 2144 colores
600 2086 663 2163 ipsa
678 2084 733 2144 iam
746 2086 886 2145 iacilitate
899 2087 1102 2146 auctoritatem

95 2169 291 2247 perdiderunt.
323 2167 389 2227 Non
405 2177 450 2227 est
465 2178 560 2229 autem
576 2169 647 2227 satis
664 2169 692 2226 in
707 2169 872 2229 narratione
887 2169 928 2228 uti
941 2169 1099 2246 coloribus,

94 2253 147 2310 nisi
164 2271 218 2330 per
234 2260 323 2311 totam
339 2253 482 2312 actionem
499 2254 692 2328 consentiant,
710 2270 774 2312 cum
790 2253 963 2331 praesertim
975 2269 1101 2332 quorun·

95 2336 158 2394 darn
179 2335 313 2415 probatio
337 2335 400 2396 sola
423 2337 510 2395 sitin
532 2337 753 2396 asseveratione
775 2344 805 2395 at
818 2338 1055 2415 perseverantia:
1072 2344 1144 2401 ut95

94 2419 144 2492 ille
162 2421 334 2498 parasitus,
357 2421 410 2498 qui
423 2428 470 2481 ter
491 2420 670 2481 abdicatum
691 2420 819 2481 adicite
838 2420 976 2481 iuvenem
996 2427 1025 2480 et
1046 2420 1102 2481 ab·

93 2503 224 2565 solutum
246 2511 394 2580 tanquam
417 2523 506 2565 acum
522 2503 618 2582 filium
632 2505 760 2580 assem,
785 2500 902 2562 babebit
921 2501 1036 2580 quidem
1052 2519 1101 2564 co·

94 2585 204 2662 lorem,
227 2604 285 2665 quo
308 2587 400 2664 dicat,
428 2597 457 2647 et
487 2596 687 2666 paupertatem
713 2587 767 2647 sibi
794 2604 910 2647 causam
935 2587 1101 2665 exponendi

93 2670 204 2745 inisse,
230 2679 258 2730 et
279 2672 346 2731 ideo
362 2689 378 2730 a
394 2690 427 2731 se
443 2673 561 2750 parasiti
576 2688 731 2750 personam
748 2689 815 2732 esse
830 2678 1012 2748 susceptam,
1035 2672 1100 2750 quia

94 2755 122 2812 in
137 2754 186 2813 illa
204 2754 289 2813 domo
309 2754 397 2813 iulium
412 2755 550 2824 baberet;
575 2765 603 2815 et
617 2755 685 2816 ideo
700 2755 779 2816 illum
793 2763 839 2816 ter
853 2757 1035 2814 innocentem
1051 2754 1100 2815 ab·

94 2839 228 2913 dicatum,
245 2839 311 2917 quia
329 2838 403 2897 lilius
419 2839 577 2899 abdicantis
589 2856 647 2899 uon
662 2849 751 2900 esset.
781 2839 844 2899 Nisi
859 2848 954 2899 tamen
969 2840 998 2898 in
1012 2840 1100 2898 omni·
1108 2846 1142 2902 96

93 2921 147 2981 bus
163 2921 261 2981 verbis
277 2931 305 2981 et
322 2939 450 2983 amorem
466 2925 587 3002 patrium
609 2931 696 3002 atque
712 2925 786 2984 bunc
803 2923 918 3003 quidem
933 2923 1100 2983 ardentissi-

93 3024 169 3065 mum
186 3005 358 3082 ostenderit,
380 3016 408 3066 et
425 3008 520 3067 odium
536 3008 631 3066 divitis
647 3016 676 3066 et
690 3017 796 3068 metum
813 3026 866 3086 pro
882 3010 998 3084 iuvene,
1015 3024 1101 3085 quem

93 3089 261 3167 periculose
287 3108 450 3150 mansurum
475 3092 503 3150 in
524 3090 573 3151 illa
593 3091 696 3168 domo,
720 3093 748 3149 iu
770 3109 825 3168 qua
848 3100 904 3152 tam
929 3093 1037 3151 invisus
1052 3092 1099 3167 sit,

93 3174 182 3235 sciat:
206 3175 374 3253 suspicione
393 3174 516 3235 subiecti
539 3176 671 3253 petitoris
693 3190 751 3234 non
776 3175 894 3235 carebit.
927 3175 1033 3236 Euenit
1048 3175 1144 3238 alt-ot

93 3258 207 3336 quando
229 3259 256 3316 in
272 3257 456 3318 scholasticis
472 3260 696 3335 controversiis,
720 3258 797 3336 quod
814 3259 842 3318 in
863 3260 929 3319 ioro
951 3278 987 3321 an
1008 3262 1101 3339 possit

92 3343 230 3401 accidere
246 3341 356 3418 dubito,
372 3352 402 3402 ut
419 3342 522 3403 eodem
537 3344 638 3403 colore
653 3351 775 3419 utraque
791 3360 857 3421 pars
873 3352 978 3420 utatur,
996 3343 1100 3406 deinde

93 3443 159 3485 eum
174 3443 227 3504 pro
245 3445 277 3485 se
294 3444 427 3505 quaeque
446 3427 600 3504 defendat,
622 3436 651 3486 ut
666 3428 694 3486 in
708 3427 757 3486 illa
774 3429 990 3487 controversia:
1019 3426 1143 3490 demas

134 3531 165 3568 x.
177 3532 201 3567 r.
216 3531 329 3578 purnru.
909 3509 946 3570 12
