2566 4026
367 191 460 242 lusu.
473 191 624 242 ORATOR.
636 193 708 241 LIB.
720 193 757 258 11,
769 188 812 243 17.
1093 185 1134 246 93

111 369 182 430 gere
204 347 364 426 voluptati
386 347 484 406 velim.
522 347 714 407 Transeamus
734 349 821 425 igitur
842 350 878 411 ad
900 369 964 412 eam
987 354 1134 429 quaestio·

112 454 192 511 nem,
221 449 307 512 quae
328 433 478 509 sequitur,
506 448 542 490 an
561 431 712 492 rhetorice
733 450 795 492 ars
820 436 866 494 sit.
913 434 999 510 Quod
1022 436 1161 514 quidemt

113 521 188 582 adeo
207 536 252 578 ex
266 516 333 591 his,
354 517 402 593 qui
422 525 581 593 praecepta
598 515 712 576 dicendi
735 517 930 594 tradiderunt,
952 536 1036 578 nemo
1053 521 1134 580 dubi·

114 606 204 679 tavit,
230 609 266 660 nt
291 601 379 660 etiam
399 601 472 678 ipsis
496 598 636 658 librorum
657 599 747 659 titulis
769 610 904 662 testatum
927 605 980 678 sit,
1007 606 1134 682 scriptos

116 707 169 751 eos
187 689 234 748 de
257 693 331 746 orte
353 685 528 753 rhetorica·
551 682 657 743 Cicero
678 701 750 744 vero
772 688 873 763 etiam,
894 704 969 765 quae
984 687 1136 749 rhetorico

116 780 267 847 vocetur,
298 786 367 829 esse
389 767 589 846 ordfidoaom
610 769 813 847 eloquentiam
838 769 924 831 dicat.
970 770 1056 844 Quod
1078 788 1136 830 non

118 866 261 920 oratores
278 862 388 913 tantum
405 852 601 927 vindicarunt,
623 861 654 912 ut
675 854 777 913 studiis
800 853 908 932 aliquid
930 855 990 914 suis
1011 857 1135 932 praesti-

118 944 191 1004 tisse
216 937 390 1014 videantur,
414 936 467 996 sed
488 954 552 996 cum
573 936 617 996 his
639 936 786 1016 philosphi
810 946 839 998 et
855 940 948 999 Stoici
974 948 1003 998 et
1017 938 1134 1017 Peripa·

118 1027 203 1087 tetici
222 1023 362 1102 plerique
384 1022 577 1082 consentiunt.
617 1020 663 1081 hc
679 1039 726 1081 me
748 1021 897 1084 dubitasse
920 1024 1079 1100 confiteor,
1102 1034 1163 1088 ant

120 1112 196 1172 hanc
215 1115 333 1187 partem
356 1106 535 1183 quaestionis
556 1105 732 1165 tractandam
749 1115 894 1185 putarem;
917 1126 980 1168 nam
1004 1110 1067 1186 quis
1090 1119 1136 1169 est

120 1195 195 1256 adeo
214 1209 278 1252 non
299 1189 335 1250 ab
355 1189 517 1249 eruditione
538 1189 625 1249 modo
647 1189 701 1249 sed
723 1208 841 1250 asensu
856 1202 985 1252 remotus
1000 1191 1134 1270 hominis,

122 1289 149 1339 nt
163 1274 334 1338 fabricandi
355 1273 471 1352 quidem
485 1282 514 1332 et
531 1274 650 1333 texendi
667 1283 696 1332 et
712 1292 728 1333 e
744 1275 805 1334 luto
820 1294 892 1337 vasa
906 1276 1030 1336 ducendi
1044 1286 1136 1336 artem

121 1371 224 1442 putet,
256 1358 427 1419 rhetoricen
452 1367 564 1434 autem,
593 1360 745 1418 maximum
771 1376 806 1419 ac
835 1360 1075 1438 pulcherrimum,
1106 1369 1136 1419 ut

121 1463 213 1525 supra
243 1444 384 1518 diximus,
415 1458 506 1520 opus,
532 1443 561 1500 in
587 1451 644 1502 tarn
671 1442 793 1503 sublime
817 1444 963 1522 fastigium
989 1447 1137 1504 existimet

121 1533 185 1591 sine
203 1537 270 1589 arte
284 1522 425 1586 venissel
457 1525 600 1604 Equidem
613 1526 698 1602 illos,
723 1529 771 1605 qui
788 1537 889 1589 contra
905 1530 1163 1607 disputaverunt,4

122 1632 180 1674 non
196 1611 302 1673 tamid
322 1612 467 1686 sensisse,
492 1610 569 1688 quod
585 1610 732 1686 dicerent,
756 1630 840 1690 quam
856 1631 999 1672 exercere
1021 1615 1137 1690 ingenia

123 1700 267 1758 materiae
284 1694 455 1756 difficultate
481 1695 570 1754 credo
588 1694 735 1770 voluisse,
759 1697 834 1756 sicut
855 1696 1048 1774 Polycraten,
1072 1716 1136 1757 curn

124 1781 289 1842 Busiridem
310 1779 441 1840 laudaret
463 1786 492 1837 et
516 1776 790 1853 Clytaemnestram
814 1798 975 1859 quanquam
994 1783 1035 1857 is,
1059 1780 1137 1859 quod

125 1868 168 1927 bis
186 1865 331 1926 dissimile
346 1881 404 1923 non
428 1872 489 1938 cst,
513 1866 714 1941 composuisse
736 1867 913 1941 orationem,
938 1883 1012 1942 quae
1029 1873 1074 1924 est
1087 1865 1135 1924 ha-

124 1951 184 2011 bita
203 1959 307 2010 contra
325 1949 483 2022 Socraten,
507 1947 620 2007 dicitur.

212 2033 337 2107 Quidam
358 2031 566 2092 naturalem
590 2048 658 2090 esse
679 2030 847 2091 rhetoricen
868 2032 970 2094 volunt
991 2040 1020 2091 et
1042 2040 1161 2091 tament>

124 2118 257 2181 adiuvari
280 2117 491 2176 exercitatione
512 2131 570 2174 non
594 2115 769 2190 diffitentur,
787 2126 818 2175 ut
839 2116 966 2177 inlibris
984 2113 1136 2176 Ciceronis

125 2205 161 2265 de
177 2201 305 2262 Oratore
320 2200 390 2261 dicit
404 2199 564 2275 Antonius,
580 2199 823 2261 obseruationem
839 2200 980 2278 quandam
996 2218 1064 2261 esse
1080 2219 1137 2262 non

124 2297 229 2349 artem.
266 2285 351 2359 Quod
374 2300 432 2343 non
453 2285 537 2359 ideo,
558 2291 589 2342 ut
611 2300 665 2361 pro
686 2300 758 2342 vero
778 2279 970 2362 accipiamus,
993 2294 1038 2344 est
1059 2287 1162 2364 posi-6

124 2381 201 2439 tum;
226 2367 280 2429 sed
295 2377 326 2428 ut
342 2368 460 2427 Antonii
475 2384 602 2445 persona
617 2376 769 2443 servetur,
789 2371 837 2446 qui
854 2367 1051 2429 dissimulator
1066 2371 1136 2428 artis

126 2458 189 2516 init.
229 2452 310 2513 llanc
324 2461 420 2512 autem
435 2453 600 2530 opinionem
615 2452 752 2512 habuisse
768 2451 870 2526 Lysias
885 2453 1008 2512 videtur.
1048 2450 1137 2511 Cuius

127 2541 292 2600 sententiae
308 2536 373 2596 talis
388 2536 521 2596 defensio
538 2545 593 2611 est,
611 2537 688 2614 quod
703 2535 811 2594 indocti
827 2543 856 2593 et
871 2534 987 2594 barbari
1003 2545 1032 2593 et
1047 2537 1136 2610 servi,

129 2641 184 2704 pro
207 2641 241 2682 se
257 2639 322 2681 oum
337 2621 510 2699 loquuntur,
533 2621 641 2698 aliquid
662 2620 757 2681 dicant
774 2618 867 2678 simile
888 2620 1049 2696 principio,
1072 2636 1136 2677 nar·

129 2716 212 2782 rent,
233 2704 376 2785 probent,
399 2704 542 2779 refutent,
567 2714 596 2763 et
617 2705 712 2784 (quod
732 2705 790 2763 vim
811 2703 916 2762 habeat
936 2702 1063 2782 epilogi)
1087 2702 1136 2761 de·

128 2800 297 2870 precentur.
349 2788 463 2849 Deinde
490 2788 625 2849 adiiciunt
652 2789 717 2848 illas
742 2788 898 2848 verborum
926 2788 1163 2862 cavillationes?

128 2875 216 2951 nihil,
241 2873 320 2953 quod
336 2891 373 2933 ex
389 2883 452 2934 arte
467 2874 533 2949 liat,
553 2881 619 2935 ante
635 2881 725 2932 artem
738 2873 843 2940 inisse;
867 2874 945 2950 atqui
960 2871 1069 2932 dixisse
1085 2871 1136 2930 ho·

129 2962 222 3019 mines
237 2975 293 3036 pro
311 2975 345 3016 se
362 2967 391 3017 et
407 2960 435 3016 in
451 2957 524 3018 alios
543 2974 676 3036 semper,
700 2957 839 3016 doctores
858 2959 928 3016 artis
947 2974 1015 3016 sero
1037 2958 1137 3015 iamet

132 3045 209 3104 circa
232 3042 331 3102 Tisian
358 3050 387 3100 et
411 3039 524 3101 Coraca
546 3042 666 3119 primum
686 3051 839 3118 repertos,
870 3043 1030 3101 orationem
1049 3042 1137 3118 igitur

129 3137 194 3188 unte
211 3135 305 3186 artem
320 3126 412 3185 inisse
428 3143 524 3203 eoque
540 3134 703 3184 autemnon
719 3143 796 3184 esse.
825 3123 887 3184 Nos
903 3143 1008 3204 porro,
1024 3126 1164 3204 quantos

131 3212 264 3292 coeperit
280 3209 364 3269 buius
379 3211 423 3268 rei
438 3208 586 3285 doctrina,
603 3226 660 3268 non
675 3208 840 3269 laboramus
857 3211 1029 3287 exquirere;
1048 3227 1135 3287 quan·

131 3313 212 3374 quam
229 3293 307 3374 apud
321 3292 475 3353 Homerum
491 3302 520 3352 et
535 3301 758 3371 praeceptorem
769 3293 944 3353 Phoenicem
956 3312 1019 3352 oum
1031 3291 1136 3370 agendi

130 3389 186 3440 tum
208 3381 296 3440 etiam
313 3377 451 3456 loquendi
470 3386 500 3436 et
520 3387 653 3437 oratores
669 3377 769 3455 plures
785 3385 814 3436 et
835 3393 919 3436 omne
935 3379 964 3436 in
978 3377 1069 3437 tribus
1085 3377 1135 3436 du·

132 3464 209 3525 cibus
238 3463 379 3524 orationis
405 3479 498 3540 genus
525 3470 555 3521 et
579 3462 734 3521 certamina
760 3477 876 3540 quoque
900 3463 1052 3541 proposita
1075 3460 1136 3519 elo·
