2566 4026
154 149 195 212 64
468 163 504 210 m
523 161 602 209 rna.
622 161 844 222 omurmmur

154 317 329 392 erraverint,
333 309 452 376 statim
468 317 665 396 corrigentur;
690 325 719 374 at
734 316 867 376 indoctus
883 316 934 376 ille
951 317 1037 378 etiam
1052 315 1157 395 proba

153 402 194 463 bit
209 401 335 462 fortasse
351 401 456 460 vitiosa
475 411 503 460 et
518 401 639 479 placere
662 400 842 460 audientibus
863 395 977 461 iudicio
987 418 1040 460 suo
1059 411 1157 479 coget

114 487 196 550 rasit
212 501 284 563 ergo
301 493 359 544 tam
375 485 541 565 eloquentia
558 503 642 564 quam
659 485 787 544 moribus
803 486 1086 563 praestantissimus,
1111 487 1160 565 qui

153 571 190 631 ad
206 569 359 630 Phoenicis
374 569 520 629 Homerici
536 569 701 647 exemplum
718 570 817 630 dicere
834 587 868 630 ac
884 569 984 630 facere
1000 569 1115 630 doceat.

39 713 78 729 ‘
244 722 287 772 oa
305 721 416 773 PRIMtS
435 723 522 774 nouo
540 721 721 773 mnasonem
738 722 1062 774 EXERCITATIONIBUS.

237 818 287 879 lv.
315 819 388 879 Hinc
403 821 474 895 iam,
494 837 566 898 quas
582 819 689 898 primas
707 819 735 877 in
750 818 883 878 docendo
900 827 998 896 partes
1012 818 1161 879 rhetorum

153 911 262 982 putem,
279 902 395 963 tradere
411 905 556 981 incipiam,
573 903 661 964 dilata
677 920 833 981 parumper
844 902 894 963 ilia
907 920 982 981 quae
994 902 1058 962 sola
1069 904 1160 981 vulgo

153 995 275 1047 vocatur
292 996 354 1047 arte
369 987 526 1048 rhetorica.
562 987 607 1047 dc
623 987 690 1047 mihi
708 995 890 1065 opportunus
907 987 1030 1047 maxime
1046 987 1162 1047 videtur

153 1072 303 1149 ingressus
320 1071 355 1132 ab
374 1090 422 1148 eo,
442 1073 522 1133 ouius
541 1071 649 1151 aliquid
668 1071 761 1131 simile
778 1071 853 1150 apud
866 1072 1073 1170 grammaticos
1087 1090 1162 1150 puer

126 1155 299 1218 tdidioerit
338 1155 376 1216 Et
398 1158 464 1256 qpia
485 1159 695 1231 narrationum,
717 1164 843 1234 excepta
865 1173 923 1234 qua
949 1156 977 1214 in
994 1157 1090 1215 causis
1106 1158 1161 1214 uti·

153 1258 227 1316 mur,
246 1250 305 1301 tres
323 1243 490 1320 accepimus
506 1242 638 1320 species,
655 1239 796 1315 fabulam,
816 1257 891 1318 quae
909 1241 1067 1299 versatur
1059 1258 1087 1298 ιιι
1103 1249 1161 1300 tra

153 1323 267 1401 goediis
286 1333 373 1403 atque
399 1325 587 1401 carminibus,
609 1342 667 1384 non
690 1343 706 1385 a
728 1325 851 1383 veritate
867 1322 953 1383 modo
972 1323 1024 1383 sed
1041 1314 1162 1385 etiama

154 1407 247 1468 forma
262 1409 392 1468 veritatis
408 1418 532 1477 remota;
550 1417 766 1487 argumentum,
789 1406 992 1505 quodfalsum
1014 1408 1066 1468 sed
1087 1425 1160 1468 vero

154 1491 248 1551 simile
272 1492 442 1552 comoediae
464 1493 586 1569 tingunt;
609 1492 804 1566 historiam,'
796 1510 825 1550 m
848 1508 904 1570 qua
930 1499 974 1550 est
996 1500 1100 1568 gestae
1118 1493 1161 1552 rei

155 1575 316 1653 expositio;
336 1577 531 1652 grammaticis
548 1586 643 1635 autem
659 1576 791 1654 poeticas
807 1574 953 1634 dedimus:
972 1577 1047 1653 apud
1062 1576 1160 1637 rbeto·

154 1676 216 1717 rem
236 1659 345 1718 initium
367 1661 404 1720 sit
425 1660 628 1736 historica,
651 1667 730 1720 tanto
752 1659 900 1720 robustior
923 1669 1029 1736 quanto
1050 1662 1159 1722 verior.

128 1741 215 1808 aSeu
230 1743 365 1804 narrandi
383 1745 499 1822 quidem
515 1761 590 1823 quae
608 1742 691 1803 nobis
710 1745 818 1822 optima
834 1744 907 1804 ratio
923 1742 1074 1821 videatur,
1102 1753 1161 1805 tum

155 1827 431 1904 demonstrabimus,
456 1846 520 1888 oum
541 1826 577 1887 de
602 1827 729 1889 iudiciali
751 1837 835 1906 parte
857 1827 996 1887 dicemus.
1044 1827 1160 1889 Interim

155 1911 313 1972 admonere
329 1911 400 1972 illud
416 1921 460 1972 sat
473 1920 535 1986 est,
557 1920 588 1971 ut
612 1914 649 1973 sit
671 1930 706 1973 ea
723 1931 820 1991 neque
836 1911 916 1972 arida
932 1922 1053 1989 prorsus
1072 1922 1159 1992 atque

155 1996 267 2073 ieiuna,
287 1996 373 2074 (nam
397 1994 465 2075 quid
490 2013 564 2074 opus
587 2005 651 2057 erat
673 2005 781 2057 tantum
802 1995 903 2057 studiis
925 1995 1059 2056 laboris
1051 2015 1159 2076 impen

155 2077 280 2155 dere,
256 2098 281 2138 si
296 2098 344 2140 res
360 2081 450 2141 nudas
467 2089 554 2160 atque
571 2082 718 2141 inornatas
735 2081 863 2142 indicare
881 2080 950 2140 satis
967 2078 1158 2181 videreturt)

154 2180 251 2242 neque
272 2182 372 2223 rursus
395 2165 513 2224 sinuosa
534 2173 564 2224 et
584 2166 733 2226 arcessitis
755 2154 1051 2244 descriptionibus,
1042 2183 1070 2223 m
1086 2183 1159 2243 quas

128 2247 289 2326 dplerique
305 2248 462 2309 imitatione
478 2251 615 2327 poeticae
627 2249 763 2311 licentiae
776 2250 926 2325 ducuntur,
944 2249 1085 2310 lasciviat
1109 2248 1158 2307 Vi-

155 2332 224 2391 tium
235 2341 403 2411 utrumque;
422 2335 505 2411 peius
519 2343 615 2395 tamen
629 2334 711 2411 illud,
725 2334 804 2414 quod
820 2353 857 2395 ex
872 2334 969 2413 inopia
986 2350 1069 2411 quam
1082 2333 1159 2412 quod

157 2434 194 2476 ex
210 2417 295 2494 copia
310 2417 398 2477 venit.
430 2416 503 2478 Nam
518 2419 547 2478 in
562 2420 661 2497 pueris
679 2421 772 2480 oratio
789 2418 922 2498 perfecta
938 2436 993 2480 nec
1010 2418 1089 2494 exigi
1104 2435 1159 2476 nec

155 2500 268 2579 sperari
283 2509 399 2578 potest;
421 2502 525 2562 melior
548 2512 643 2563 autem
664 2503 776 2564 indoles
799 2503 875 2562 laeta
891 2503 1090 2578 generosique
1109 2517 1158 2560 oo·

127 2592 237 2646 tnatus
254 2593 283 2644 et
295 2584 344 2644 vel
359 2585 444 2664 plura
460 2588 538 2646 iusto
556 2587 725 2664 concipiens
741 2585 853 2645 interim
869 2585 995 2660 spiritus.
1028 2582 1091 2641 Neo
1108 2603 1157 2642 un·

155 2686 240 2749 quam
255 2687 302 2728 me
318 2670 347 2728 in
362 2669 406 2729 his
424 2670 563 2729 discentis
580 2671 659 2729 annis
677 2668 819 2741 offendat,
843 2667 867 2724 si
884 2665 951 2743 quid
969 2665 1154 2743 superfuerit.

155 2752 254 2826 Quin
246 2754 316 2830 ipsis
329 2751 498 2813 doctoribus
514 2753 570 2812 hoo
587 2770 654 2813 esse
671 2770 758 2812 curae
773 2750 871 2825 velim,
890 2757 920 2809 ut
932 2757 1049 2809 teneras
1063 2748 1157 2809 adbuc

154 2845 266 2897 mentes
281 2853 363 2896 more
386 2838 527 2896 nutricum
548 2835 664 2896 mollius
681 2836 759 2896 alant
777 2843 806 2894 et
823 2834 922 2895 satiari
936 2833 1018 2893 velut
1033 2832 1158 2911 quodam

154 2920 329 2981 iucundioris
347 2919 517 2999 disciplinae
533 2920 611 2979 lacte
628 2921 780 2998 patiantur.
813 2918 877 2979 Erit
899 2917 970 2978 illud
987 2917 1125 2996 plenius
1117 2936 1157 2976 m·

154 3005 238 3063 terim
255 3020 378 3082 corpus,
401 3005 478 3082 quod
500 3021 568 3064 mox
583 3002 680 3065 adulta
696 3012 776 3065 aetas
797 3004 946 3082 astringat.
992 3001 1065 3061 Hinc
1088 3020 1157 3080 spes

127 3086 280 3147 firoboris.
312 3087 436 3149 Maciem
451 3106 575 3167 namque
592 3097 621 3147 et
636 3088 827 3149 infirmitatem
849 3089 878 3149 in
892 3097 1042 3168 posterum
1057 3087 1158 3145 minari

154 3170 233 3230 solet
253 3173 384 3249 protinus
409 3173 540 3233 omnibus
563 3171 698 3233 membris
720 3190 879 3251 expressus
903 3173 1006 3233 inians.
1044 3168 1158 3230 Audeat

154 3254 228 3314 baec
250 3263 331 3315 aetas
353 3257 436 3334 plura
459 3265 488 3316 et
508 3256 635 3318 inveniat
657 3265 687 3317 et
707 3257 832 3318 inventis
849 3257 991 3335 gaudeat,
1014 3255 1071 3314 sint
1087 3253 1157 3314 licet

154 3337 206 3398 illa
220 3354 278 3397 non
295 3341 365 3401 satis
382 3342 462 3402 sicca
477 3341 590 3401 interim
607 3359 642 3402 ao
657 3359 772 3402 severa.
808 3341 910 3403 Facile
932 3337 1090 3401 remedium
1113 3347 1158 3398 est

127 3420 310 3491 tubertatis;
329 3425 439 3486 sterilia
455 3424 535 3485 nullo
551 3425 654 3486 labore
669 3422 831 3487 vincuntur.
862 3425 916 3487 llla
933 3426 1001 3485 mibi
1012 3422 1041 3482 iu
1058 3423 1157 3501 pueris
