2566 4026
424 128 836 236 rusr'.orraron.u1a.1,1.
1091 160 1126 220 11

120 328 189 406 piat.
234 324 415 386 Incredibile
436 333 496 400 est,
523 334 658 402 quantum
679 342 778 384 morae
800 326 918 385 lectioni
941 327 1169 391 festinationem

120 410 282 471 adiicietur.
310 408 765 484 Hincenimacciditdubitatio,
783 410 956 471 intermissio
964 413 1125 490 ,repetitio

120 495 184 594 plus
200 513 289 593 quarn
303 501 426 572 possunt
442 491 629 568 audentibus,
651 491 773 568 deinde,
797 511 859 552 cum
876 503 1022 571 errarunt,
1041 497 1126 555 etiam

120 581 154 638 iis
176 596 253 657 quae
275 581 333 637 iam
355 579 448 636 sciunt
471 575 676 635 diffidentibus.
715 573 802 636 Certa
824 579 861 636 sit
882 595 953 655 ergo
975 580 1003 636 in
1026 581 1175 658 primis33,

120 663 209 723 lectio
235 662 341 722 deinde
364 661 513 720 coniuncta
536 669 566 719 et
587 659 633 718 diu
656 660 778 736 lentior,
800 661 894 721 donec
916 664 1124 722 exercitatione

120 748 272 824 contingat
294 744 444 805 emendata
466 743 618 804 velocitas.
654 743 727 804 Nam
750 747 922 824 prospicere
943 749 971 804 in
993 746 1166 808 dextrumsst

119 830 216 909 (quod
238 847 340 889 omnes
361 829 557 908 praecipiunt)
582 837 611 886 et
630 830 803 906 providere,
825 847 883 889 non
904 832 1023 890 rationis
1038 830 1124 889 modo

118 914 171 974 sed
192 933 264 973 usus
287 929 404 992 quoque
425 921 482 980 est;
508 913 642 990 quoniam
664 916 816 989 sequentia
831 915 951 975 intuenti
971 915 1069 992 priora
1084 914 1124 972 di-

120 999 212 1058 cenda
236 1007 319 1073 suut,
348 1005 395 1072 et,
423 995 500 1075 quod
524 995 721 1055 dilticillimum
743 1007 805 1072 est,
832 997 984 1058 diuidenda
1005 1001 1123 1057 intentio

119 1083 222 1157 animi,
244 1090 277 1141 ut
297 1080 374 1141 aliud
395 1097 471 1140 voce
486 1079 563 1139 aliud
585 1080 678 1140 oculis
700 1089 812 1157 agatur.
850 1080 924 1142 lllud
945 1099 1002 1141 uon
1023 1085 1123 1160 poeni·

118 1166 190 1227 tebit
220 1182 357 1242 curasse,
385 1182 448 1224 cum
474 1162 605 1224 scribere
632 1166 745 1223 uomina
773 1183 846 1242 puer
872 1165 1124 1244 (quemadmodum

117 1252 207 1310 moris
226 1251 288 1329 εει)
305 1250 453 1327 coeperit,
473 1266 509 1306 ne
524 1248 598 1307 hanc
612 1265 731 1326 operam
746 1251 774 1307 iu
788 1248 939 1308 vocabulis
955 1248 1123 1327 vulgaribus

118 1344 145 1395 et
167 1335 249 1394 forte
273 1331 493 1393 occurrentibus
514 1332 626 1411 perdat.
665 1332 798 1392 Protinus
822 1334 896 1391 enim
917 1341 1015 1433 potest
1036 1336 1123 1393 iuter·
1131 1342 1164 1397 35

117 1420 313 1498 pretationem
337 1417 453 1495 linguae
478 1418 666 1490 secretioris,
695 1435 765 1494 quas
790 1415 895 1477 Graeci
914 1411 1047 1497 γλώσσας
1072 1434 1122 1476 vo-

118 1512 201 1578 caut,
232 1502 306 1562 dum
321 1500 398 1561 aliud
422 1501 533 1577 agitur,
560 1501 693 1560 ediscere
717 1510 746 1560 et
768 1503 844 1560 inter
867 1503 956 1579 prima
979 1502 1122 1562 elementa

118 1587 262 1664 consequi
283 1603 344 1644 rem
369 1594 474 1662 postea
496 1586 644 1663 proprium
670 1594 782 1663 tempus
806 1585 1041 1646 desideratorem.
1086 1585 1123 1645 Et

117 1672 255 1771 quoniam
273 1672 351 1729 circa
366 1687 414 1728 res
430 1668 524 1728 adbuc
539 1677 641 1728 tenues
657 1687 815 1746 moramur,
839 1673 857 1729 ii
873 1687 989 1748 quoque
1006 1688 1121 1745 versus,

116 1757 164 1834 qui
181 1754 218 1814 ad
234 1755 421 1814 imitationem
436 1752 582 1812 scribendi
598 1762 811 1832 proponentur,
834 1772 891 1814 nou
910 1756 1019 1814 otiosas
1035 1754 1122 1814 velim

116 1839 279 1898 sententias
302 1836 426 1896 habeant
446 1837 500 1896 sed
520 1837 674 1897 honesturn
696 1837 803 1916 aliquid
824 1847 984 1898 monentes.
1016 1839 1120 1899 Prose-
1131 1843 1164 1897 36

116 1926 214 2002 quitur
236 1921 311 1981 haec
326 1923 463 1980 memoria
486 1923 514 1979 in
532 1929 713 1981 senectutem
734 1932 762 1981 et
782 1924 923 2000 impressa
946 1924 1039 1983 animo
1060 1922 1122 1981 rudi

115 2025 211 2086 usque
230 2006 378 2066 admones
398 2005 541 2083 proiiciet
576 2003 669 2063 Etiam
685 2006 760 2066 dicta
782 2005 925 2067 clarorum
946 2008 1073 2065 virorum
1094 2015 1122 2065 et

116 2091 234 2150 electos
254 2090 409 2169 expolitis
430 2090 553 2148 maxime
580 2089 718 2167 (namque
745 2107 843 2150 eorum
871 2092 998 2168 cognitio
1025 2092 1120 2169 parvis

114 2177 229 2253 gratior
245 2175 305 2254 est)
320 2174 403 2233 locos
417 2173 551 2233 ediscere
566 2175 640 2232 inter
655 2172 747 2233 lusum
762 2175 840 2234 licet.
867 2174 939 2235 Nam
955 2184 983 2234 et
999 2176 1121 2234 maxime

114 2260 287 2318 necessaria
309 2267 353 2317 cst
376 2257 484 2316 oratori
506 2258 596 2335 (sicut
618 2273 671 2315 suo
695 2259 762 2318 loco
784 2261 891 2340 dicam)
915 2262 1068 2334 memoria,
1092 2267 1121 2317 ει

116 2361 151 2403 ea
175 2344 336 2421 praecipue
359 2340 485 2400 lirmatur
508 2350 595 2418 atque
619 2341 703 2401 alitur
724 2345 950 2418 exercitatione,
975 2353 1003 2403 et
1023 2345 1052 2402 in
1073 2345 1118 2417 iis,

115 2427 280 2505 dequibus
305 2443 381 2485 nunc
408 2426 567 2503 loquimur,
594 2426 752 2502 aetatibus,
781 2446 855 2504 quae
877 2428 1013 2487 nihildum
1038 2429 1119 2504 ipsae

115 2528 262 2589 generare
279 2527 364 2569 exse
380 2519 504 2588 queunt,
521 2526 614 2589 prope
631 2511 696 2570 sola
712 2518 772 2585 est,
790 2528 864 2588 quae
880 2513 970 2569 iuvari
986 2528 1054 2569 cura
1069 2511 1119 2569 do·

116 2597 242 2655 centium
258 2595 362 2673 possit.
391 2592 456 2652 Non
474 2594 598 2653 alienum
613 2593 700 2653 luerit
717 2595 837 2670 exigere
855 2594 890 2653 ab
906 2593 950 2651 his
967 2592 1162 2666 aetatibus,3l

114 2697 173 2757 quo
190 2681 228 2738 sit
249 2678 411 2738 absolutius
435 2696 468 2737 os
485 2687 514 2737 et
535 2681 706 2756 expressior
722 2673 834 2754 sermo,
858 2687 888 2737 ut
903 2677 1015 2735 nomina
1033 2692 1119 2753 quae-

114 2765 178 2825 dam
201 2779 367 2840 versusque
390 2763 542 2822 affectatae
565 2762 742 2822 difficultatis
767 2781 804 2821 ex
824 2761 955 2841 pluribus
977 2769 1006 2821 et
1021 2777 1120 2836 asper-

115 2849 185 2907 rime
208 2846 382 2907 coeuntibus
402 2849 479 2907 inter
499 2866 532 2906 εε
553 2845 674 2921 syllabis
697 2856 845 2907 catenatos
863 2856 892 2906 et
906 2845 986 2904 velut
1007 2843 1119 2904 confra-
1169 2855 1172 2861 ’

114 2949 207 3008 gosos
237 2949 322 3009 quam
348 2933 515 2990 citatissime
542 2930 675 2999 volvant;
702 2929 815 3008 χαλινοὶ
836 2930 949 2991 Graece
968 2939 1118 2989 vocantur.

115 3016 174 3075 Res
196 3016 311 3075 modica
337 3014 430 3092 dictu,
461 3033 516 3092 qua
538 3024 632 3074 tamen
660 3016 765 3073 omissa
791 3014 878 3074 multa
901 3014 1017 3091 linguae
1039 3015 1118 3090 vitia,

113 3101 166 3160 nisi
188 3100 291 3178 primis
309 3100 470 3158 eximuntur
491 3101 589 3174 annis,
611 3097 813 3158 inemendabili
834 3100 862 3157 in
884 3107 1032 3177 posterum
1055 3116 1119 3176 pra-

115 3184 203 3244 vitate
219 3183 368 3242 durantur.

247 3334 377 3387 UTlLlUS
395 3334 478 3386 Domi
496 3335 542 3385 AN
561 3335 594 3385 ΙΝ
614 3335 748 3386 SoHoLts
768 3335 987 3388 ERUDIANTUPt,

197 3431 235 3494 ll.
274 3433 334 3494 Sed
355 3433 438 3494 nobis
460 3434 515 3492 iarn
535 3432 672 3512 paulatim
694 3449 868 3492 accrescere
890 3450 964 3510 puer
987 3439 1015 3491 et
1038 3433 1120 3491 exire
