2574 3998
202 139 244 197 40
515 153 552 198 ιι.
571 150 649 197 nno.
668 151 888 211 QUINTILIANI

152 304 369 383 'ltamphibolia
392 321 450 363 non
476 313 530 365 εει.
575 303 778 382 Amphiboliae
800 315 894 366 autem
916 308 1006 366 omnis
1032 309 1087 368 crit
1108 310 1137 368 in
1159 309 1201 370 its

196 390 344 468 quaestio;
365 388 535 468 aliquando,
550 397 615 446 uter
626 391 663 447 sit
675 390 831 448 secundum
847 399 974 451 naturam
985 394 1078 470 magis
1090 408 1200 459 sermo;

195 490 327 550 semper,
349 481 443 531 utrum
460 474 497 531 sit
514 473 650 549 aequius:
677 482 770 531 utrum
788 474 829 548 is,
853 476 900 552 qui
923 477 1040 553 scripsit
1063 494 1097 537 ac
1120 477 1199 550 dixit,

194 557 329 616 voluerit.
376 556 502 630 Quarum
522 557 550 614 in
563 565 712 633 utramque
728 565 839 634 partem
857 559 926 617 satis
944 576 981 618 ex
995 558 1056 636 his,
1073 576 1147 640 quae
1165 558 1201 618 de

196 642 363 702 coniectura
380 640 558 718 etqualitate
574 638 711 715 diximus,
730 650 920 719 praeceptum
937 652 993 701 εει.

348 792 391 841 ΒΕ
408 789 663 842 PRAEDIOTORUM
680 790 835 843 STATUUM
854 791 1068 845 COGNATIONE.

279 885 315 946 X.
346 886 400 948 Est
415 896 509 946 antem
529 888 669 965 quaedam
685 889 759 947 inter
774 887 828 948 hos
844 897 935 948 status
950 889 1095 964 cognatio.
1127 887 1202 948 Nam

196 981 225 1030 et
246 972 274 1029 in
297 972 440 1046 linitione,
459 988 532 1049 quae
556 971 593 1030 sit
613 971 747 1031 voluntas
770 973 906 1048 nominis,
935 973 1098 1050 quaeritur,
1122 981 1152 1031 ει
1174 975 1200 1034 in

194 1055 385 1132 syllogismo,
405 1056 453 1134 qui
469 1053 613 1114 sccundus
631 1073 647 1114 a
663 1056 790 1114 finitione
806 1065 896 1115 status
914 1065 978 1130 est,
1001 1057 1067 1133 quia
1084 1065 1196 1134 specta·

195 1148 256 1213 tur,
286 1138 354 1217 quid
375 1138 501 1199 voluerit
521 1140 664 1217 scriptor;
696 1149 725 1198 et
752 1141 909 1200 contrarias
931 1138 1017 1215 leges
1038 1139 1110 1198 duos
1133 1158 1202 1199 esse

195 1224 296 1300 scripti
323 1232 351 1282 et
372 1222 528 1282 voluntatis
555 1230 645 1282 status
671 1233 801 1302 apparet.
847 1223 957 1282 Rursus
977 1232 1005 1282 ει
1023 1224 1112 1282 linitio
1129 1241 1200 1301 quo-

197 1305 348 1366 dammodo
373 1316 418 1366 est
440 1306 631 1385 amphibolia,
658 1309 769 1366 cumin
791 1307 860 1367 duas
879 1315 977 1384 partes
995 1306 1144 1366 diducatur
1160 1309 1200 1366 in·

168 1389 334 1450 itellectus
350 1392 482 1450 nominis.
522 1391 666 1468 Scriptum
682 1400 711 1450 et
725 1391 858 1451 voluntas
870 1390 958 1451 hahet
973 1392 1001 1449 in
1015 1390 1114 1449 verbis
1130 1392 1200 1450 iuris

196 1477 412 1552 quaestionem,
439 1474 516 1552 quod
540 1475 615 1533 idem
631 1476 783 1534 antinomia
800 1475 915 1552 petitur.
955 1473 1085 1551 Ideoque
1106 1476 1201 1535 omnia

195 1558 269 1617 haec
296 1559 409 1635 quidam
431 1560 569 1636 scriptum
596 1566 624 1617 et
645 1558 823 1618 voluntatem
839 1576 907 1616 esse
927 1558 1076 1633 dixerunt,
1103 1558 1151 1618 alii
1172 1560 1199 1619 in

196 1642 305 1719 scripto
327 1651 356 1700 et
371 1642 519 1701 voluntate
541 1640 742 1719 amphiboliam
759 1660 843 1716 esse,
868 1659 942 1720 quae
962 1641 1031 1702 iacit
1053 1644 1199 1720 quaestio·

197 1741 272 1783 nem.
306 1724 365 1784 Sed
382 1725 514 1785 distincta
528 1734 602 1783 sunt.
641 1724 727 1783 Aliud
744 1734 787 1784 est
803 1726 877 1784 enim
893 1725 1047 1786 obscurum
1062 1728 1106 1785 ius
1122 1725 1200 1785 aliud

167 1805 368 1885 3amhigunm.
399 1808 490 1886 Igitur
504 1808 593 1868 linitio
610 1809 638 1866 in
659 1816 759 1868 natura
780 1811 844 1887 ipsa
860 1811 981 1868 nominis
998 1811 1199 1888 quaestionem

195 1890 283 1950 habet
297 1892 482 1969 generalem,
506 1900 534 1952 ει
552 1909 627 1970 quae
648 1909 715 1950 esse
736 1893 821 1952 etiam
839 1895 910 1953 citra
931 1894 1115 1972 complexum
1133 1911 1200 1952 cau·

196 1991 247 2035 sae
265 1978 373 2054 possit;
392 1978 530 2055 scriptum
545 1986 575 2035 et
591 1975 726 2036 voluntas
744 1976 780 2036 de
800 1993 836 2036 eo
854 1977 980 2055 disputat
994 1977 1102 2051 verbo,
1123 1976 1202 2054 qnod

197 2068 242 2119 est
257 2061 285 2119 in
300 2060 384 2138 lege,
401 2060 588 2137 syllogismus
604 2059 640 2119 de
657 2077 710 2136 eo,
733 2060 810 2138 quod
826 2079 883 2120 non
901 2070 955 2121 est.
997 2060 1201 2138 Amphiholiae

196 2142 232 2202 lis
250 2145 279 2203 in
294 2144 439 2204 diversum
454 2144 555 2220 trahit,
578 2143 676 2222 legum
691 2147 897 2204 contrariarum
914 2163 952 2204 ex
967 2144 1083 2204 diverso
1105 2161 1202 2221 pugna

167 2235 251 2291 nest.
287 2227 390 2307 Neque
413 2229 554 2288 immerito
581 2237 610 2287 et
632 2238 753 2307 recepta
769 2237 814 2288 εει
831 2247 847 2288 a
863 2229 1038 2288 doctissimis
1056 2227 1130 2288 lraec
1146 2226 1200 2287 dif-

196 2311 319 2372 ferentia
344 2321 373 2372 et
397 2312 473 2391 apud
490 2311 629 2391 plurimos
646 2331 681 2373 ac
696 2312 935 2391 prudentissimos
958 2312 1050 2372 durat.
1191 2313 1193 2318 '

518 2462 561 2512 DE
575 2463 611 2513 VI
627 2462 871 2514 DISPOSITIONIS.

181 2557 183 2559 ’
278 2557 315 2618 Et
338 2558 453 2618 de'hoc
480 2561 594 2638 quidem
616 2579 727 2638 genere
755 2558 969 2638 dispositionis,
1007 2557 1119 2618 etiamsi
1145 2575 1204 2617 non

98 2715 102 2724 ¹
169 2645 304 2718 somnia,
327 2642 400 2702 tradi
421 2652 516 2702 tamen
534 2643 630 2722 aliqua
651 2652 815 2722 potucmnt.
846 2644 917 2703 Sunt
938 2641 1010 2717 alia,
1036 2658 1127 2720 quae,
1149 2642 1204 2701 nisi

197 2728 363 2806 proposita,
384 2726 420 2787 de
437 2744 493 2805 qua
509 2727 660 2788 dicendum
676 2736 737 2803 est,
753 2728 890 2802 materia,
914 2726 990 2785 viam
1005 2726 1129 2785 docendi
1144 2742 1202 2785 non

197 2810 366 2889 praebeant.
399 2809 465 2870 Non
481 2813 556 2870 enim
572 2828 659 2871 causa
674 2811 809 2870 universa
824 2812 852 2869 in
866 2811 1053 2888 quaestiones
1069 2827 1104 2869 ac
1119 2809 1203 2869 locos

197 2894 358 2955 diducenda
380 2902 440 2969 est,
463 2894 516 2954 sed
537 2894 592 2954 hac
611 2896 694 2973 ipsae
714 2904 813 2972 partes
833 2893 940 2954 habent
956 2911 1055 2952 rursus
1074 2892 1204 2952 ordinem

198 2996 288 3038 suum.
332 2976 405 3037 Nam
423 2987 451 3036 et
468 2978 495 3037 in
511 2980 662 3056 prooemio
679 2980 799 3056 primum
820 2987 865 3037 est
880 2977 986 3056 aliquid
1002 2985 1032 3036 et
1047 2976 1204 3036 secundum

197 3080 233 3121 ac
250 3061 409 3140 deinceps,
437 3070 465 3121 ει
481 3063 614 3141 quaestio
637 3063 728 3122 omnis
750 3080 785 3122 ac
799 3061 883 3121 locus
901 3060 989 3121 habet
1005 3079 1084 3119 suam
1106 3060 1204 3138 dispo·

169 3146 332 3208 ositionem
352 3154 382 3203 ut
398 3145 498 3205 theses
517 3147 603 3206 etiam
618 3145 776 3224 simplices.
817 3144 879 3204 Nisi
897 3145 974 3205 forte
994 3146 1064 3204 satis
1088 3145 1143 3203 erit
1163 3143 1203 3204 di·

198 3228 313 3291 videndi
333 3230 460 3307 peritus,
487 3231 535 3308 qui
562 3231 789 3289 controversiam
814 3230 844 3288 in
868 3227 943 3288 haec
969 3227 1128 3303 diduxerit,
1159 3227 1205 3285 An

199 3327 283 3371 omne
306 3315 464 3391 praemium
488 3313 622 3374 viroiorti
648 3312 769 3374 dandum
795 3314 849 3388 sit,
876 3330 912 3371 an
936 3329 973 3370 ex
997 3313 1126 3390 privato;
1159 3309 1205 3369 An

198 3396 330 3474 nuptiae,
347 3415 383 3456 an
395 3398 474 3474 eius,
491 3416 565 3477 qnae
577 3407 664 3476 nupta
674 3398 728 3473 sit,
745 3414 781 3456 an
791 3392 884 3456 haec?
905 3394 1025 3471 deinde,
1043 3414 1106 3455 cum
1118 3395 1205 3455 fucrit
