2566 4026
400 166 843 234 msu.0nuroa.u1u.111,1.
1069 153 1127 217 lta

498 432 676 498 LIBER
705 433 767 496 III.

112 579 193 631 Libro
209 579 287 630 tertio
305 577 370 628 haec
387 578 558 627 eontinentur:
575 577 736 626 Prooemium
756 576 788 626 de
803 576 971 642 scriptoribus
989 584 1051 629 artis
1069 579 1127 630 rhe-

147 650 257 700 toricae.
301 646 375 706 Quod
397 647 497 695 initium
520 645 668 699 rhetorices.
712 644 781 703 Quae
805 652 900 710 partes.
941 645 1010 704 Quae
1032 663 1127 712 genera

149 731 297 768 causarum.
328 715 424 774 Quibus
446 715 603 765 contineatur
622 715 704 764 omnis
720 715 782 764 ratio
800 714 910 764 dicendi.
941 713 1008 772 Quid
1025 717 1058 765 sit
1075 724 1127 768 sta·

149 797 201 836 tus.
230 785 303 837 Unde
316 785 430 835 ducatur.
459 782 524 842 Quot
539 784 618 848 etqui
636 791 725 834 status.
750 783 788 833 De
802 783 878 833 laude
894 793 916 834 et
930 784 1124 848 vituperatione.

148 856 189 906 De
209 855 327 905 suasoria
342 861 366 904 et
384 853 582 918 prosopopoeia.
611 852 649 902 De
667 852 783 918 partibus
803 866 936 903 causarum
955 853 1124 908 iudicialium,

147 925 189 975 De
208 924 348 990 generibus
366 922 512 973 earundem.
546 920 611 979 Quid
629 922 662 970 sit
681 922 804 986 quaestio,
823 922 896 983 ratio,
916 921 1047 982 iudicatio,
1067 937 1126 973 con-

149 995 251 1054 tinens,
271 1003 295 1043 et
311 999 434 1056 quatenus
452 992 605 1041 necessaria.

190 1117 387 1170 PROOEMIUM
405 1118 447 1168 DE
468 1115 699 1168 SCRIPTORIBUS
719 1115 815 1166 ARTIS
833 1115 1050 1167 RHETORICAE.

114 1239 136 1299 1.
174 1204 321 1311 Quoniam
337 1237 365 1294 in
381 1234 455 1295 libro
474 1235 602 1295 secundo
620 1237 780 1312 quaesitum
799 1243 859 1310 est,
880 1235 947 1313 quid
964 1244 1044 1295 esset
1058 1236 1124 1296 rhe-

115 1327 213 1384 torice
229 1321 339 1398 etquis
355 1319 419 1378 linis
438 1321 514 1388 eius3
537 1329 626 1379 artem
643 1336 759 1397 quoque
776 1337 843 1399 esse
860 1336 923 1379 eam
937 1328 966 1379 et
981 1320 1080 1380 utilem
1096 1329 1125 1381 et

116 1410 271 1480 virtutem,
288 1413 320 1463 nt
344 1404 422 1462 vires
440 1413 559 1464 nostrae
582 1403 725 1479 tulerunt,
748 1402 939 1473 ostendimus;
963 1406 1124 1465 materiam·

117 1509 173 1570 que
192 1493 285 1551 eires
305 1505 423 1564 omues,
448 1487 484 1548 de
504 1487 607 1567 quibus
623 1488 723 1548 dicere
740 1496 909 1567 oporteret,
933 1487 1122 1549 subiecimus:

116 1579 172 1636 iam
194 1576 276 1648 hino,
306 1571 382 1632 uude
403 1575 551 1651 coeperit,
576 1571 678 1649 quibus
705 1581 834 1649 constet,
860 1589 918 1652 quo
940 1590 1073 1653 quaeque
1096 1574 1125 1633 in

117 1678 151 1720 ea
176 1658 265 1719 modo
292 1657 464 1718 invenienda
491 1665 578 1734 atque
601 1658 750 1718 tractanda
776 1660 850 1734 sint,
875 1675 1019 1736 exequar;
1050 1659 1124 1718 iutra

118 1762 204 1824 quem
219 1740 336 1802 modum
356 1741 491 1820 plerique
510 1742 672 1820 scriptores
688 1741 800 1801 Artium
816 1743 1024 1818 constiterunt,
1048 1741 1123 1802 adeo

118 1838 147 1887 ut
162 1824 368 1906 Apollodorus
385 1834 537 1885 contentus
553 1826 625 1885 solis
647 1825 829 1886 iudicialibus
845 1826 942 1886 luerit.
980 1825 1044 1886 Nec
1061 1833 1148 1886 sumi

117 1913 255 1990 ignarus,
279 1908 337 1969 hoc
354 1927 369 1970 a
386 1929 432 1969 me
447 1910 623 1988 praecipue,
648 1909 725 1988 quod
739 1909 786 1970 hio
802 1909 877 1970 liber
892 1910 1024 1986 inchoat,
1049 1926 1123 1988 opus

116 1997 267 2056 studiosos
284 1995 346 2053 eius
363 1994 566 2069 desiderasse,
587 2004 617 2053 ut
639 1995 824 2072 inquisitione
842 1996 1024 2072 opinionum,
1048 2011 1123 2072 quae

117 2081 335 2140 diversissimae
352 2078 482 2154 fuerunt,
506 2078 594 2155 longe
611 2077 826 2154 difficillimum,
846 2080 885 2138 ita
903 2079 1004 2138 nescio
1021 2095 1057 2138 en
1072 2078 1122 2138 mi-

118 2167 211 2224 nimae
227 2161 392 2239 legentibus
414 2163 539 2223 futurum
554 2162 711 2240 voluptati3
733 2164 840 2241 quippe
863 2163 941 2241 quod
956 2179 1051 2241 prope
1071 2180 1121 2222 nu·

117 2249 181 2308 dam
203 2255 429 2326 praeceptorum
453 2246 635 2306 traditionem
656 2245 813 2306 desideret.
861 2245 893 2306 lu
916 2248 1023 2307 ceteris
1047 2245 1148 2307 enimi

117 2334 281 2392 admiscere
302 2331 503 2408 temptavimus
526 2330 633 2407 aliquid
653 2331 771 2407 nitoris,
793 2348 850 2391 uon
869 2332 994 2392 iactandi
1015 2333 1123 2409 ingenii

116 2419 227 2493 gratia,
251 2432 373 2492 namque
397 2417 425 2474 iu
445 2415 473 2474 id
496 2413 566 2490 eligi
582 2415 701 2475 materia
722 2424 837 2492 poterat
857 2415 993 2491 uberior,
1016 2416 1070 2475 sed
1092 2423 1123 2474 ut

118 2501 174 2560 boc
197 2502 263 2578 ipso
286 2497 469 2558 alliceremus
485 2499 577 2575 magis
599 2499 776 2557 iuventutem
796 2500 832 2560 ad
853 2501 1050 2579 coguitionem
1072 2515 1121 2558 eo·

118 2602 195 2658 rum,
221 2601 295 2661 quae
312 2584 480 2643 necessaria
498 2581 598 2642 studiis
614 2580 840 2660 arbitrabamur,
860 2585 884 2643 si
901 2585 979 2645 ducti
994 2583 1121 2644 iucundi·

119 2677 176 2728 tate
193 2666 290 2746 aliqua
307 2667 441 2727 lectionis
457 2666 592 2726 libentius
609 2666 756 2726 discerent
772 2684 822 2744 ea,
840 2685 960 2747 quorum
975 2687 1011 2728 ue
1027 2669 1122 2728 ieiuna

117 2762 205 2830 atque
231 2751 310 2811 arida
337 2752 452 2812 traditio
476 2760 622 2811 averteret
648 2752 758 2810 animos
784 2762 813 2812 et
841 2770 926 2813 aures
950 2754 1123 2832 praesertim

117 2845 173 2896 tam
188 2836 331 2896 delicatas
347 2836 479 2911 raderet,
496 2834 678 2894 verebamur.
716 2835 779 2909 Qua
795 2839 908 2898 ratione
924 2855 957 2896 se
972 2837 1149 2898 Lucretiusl

117 2921 185 2980 dicit
201 2927 362 2999 praecepta
378 2918 583 2998 philosophiae
600 2921 726 2979 carmine
742 2937 810 2980 esse
826 2921 1025 3001 complexum
1046 2939 1122 2981 nam·

118 3022 173 3082 que
189 3005 260 3080 hac,
280 3012 310 3062 ut
327 3011 372 3062 est
388 3011 502 3080 notum,
524 3003 708 3064 similitudine
723 3006 824 3065 utitur:

272 3103 310 3150 Ac
324 3101 402 3152 veluti
416 3103 503 3169 pueris
520 3102 648 3154 absinthia
665 3110 745 3153 taetra
763 3104 893 3155 medentes

271 3185 334 3237 Cum
351 3186 411 3236 dare
430 3193 564 3252 conantur,
582 3187 655 3252 prius
672 3201 729 3237 oras
744 3187 837 3253 pocula
854 3189 949 3238 circum

270 3270 392 3337 Aspiraut
411 3271 494 3322 mellis
511 3271 580 3322 dulci
599 3273 716 3335 flavoque
735 3272 849 3336 liquore,

116 3360 146 3413 et
163 3370 240 3432 quae
261 3362 430 3431 sequuntur.
469 3355 529 3415 Sed
551 3373 604 3415 nos
628 3373 777 3431 veremur,
800 3373 838 3415 ne
861 3372 961 3433 parum
983 3354 1148 3419 holthem

114 3437 213 3497 mellis
237 3445 267 3497 et
284 3437 417 3498 absinthii
434 3439 552 3498 multum
571 3439 681 3499 habere
696 3440 845 3516 videatur,
869 3442 965 3520 sitque
980 3438 1124 3499 salulsrior
