2566 4026
141 147 181 209 80
454 159 491 205 u.
507 158 585 205 usu.
602 157 822 217 oumumunr

140 324 247 374 motum
262 330 320 373 non
336 312 516 372 enuntiandis
532 312 585 372 sed
603 311 779 392 quaerendis
796 312 895 372 verbis
912 313 1142 372 accommodant.

113 397 279 469 §Nonnulli
295 405 376 458 certa
393 396 448 455 sibi
463 397 559 472 initia,
576 398 743 475 priusquam
765 413 881 456 sensum
899 397 1077 472 invenerint,
1096 396 1146 456 dc·

141 484 262 558 stinant,
287 481 390 560 quibus
408 480 517 559 aliquid
539 481 640 539 diserti
661 479 891 557 subiungendum
912 482 966 556 sit,
987 499 1082 559 eaque
1099 481 1147 540 diu

141 585 242 626 secum
257 566 312 644 ipsi
329 565 469 643 clareque
484 563 613 624 meditati
631 565 789 642 desperata
801 566 995 625 connectendi
1006 564 1147 624 facultate

142 651 280 709 deserunt
297 659 326 708 et
343 648 379 709 ad
395 648 452 708 alia
468 648 607 726 deinceps
626 656 714 727 atque
730 648 797 708 inde
814 648 870 709 alia
886 650 1047 708 uonminus
1067 665 1145 708 com-

113 735 235 799 6nrunia
263 752 298 793 ac
319 742 387 793 uota
411 733 574 792 devertunt.
621 732 677 805 Qui
705 732 858 810 plurimum
879 734 1015 793 videntur
1036 732 1147 792 babere

141 819 272 893 rationis,
288 819 389 876 nonin
405 834 508 876 causas
525 825 622 876 tamen
638 816 769 876 laborem
790 834 873 875 suum
888 817 942 877 sed
959 819 988 876 iu
1003 818 1087 878 locos
1105 818 1146 875 in-

142 902 278 976 tendunt,
302 911 389 980 atque
412 902 440 958 in
461 900 505 960 bis
528 917 586 959 nou
608 902 725 978 corpori
747 902 929 979 prospiciunt
950 902 1004 961 sed
1024 901 1147 978 abrupta

114 993 130 1050 7
144 987 301 1065 quaedam,
323 995 354 1044 ut
375 985 452 1044 forte
468 985 504 1045 ad
519 1002 633 1043 manum
647 1002 776 1059 venere,
800 984 971 1046 iaculantur.
1003 984 1087 1045 Unde
1104 985 1145 1058 lit,

142 1079 173 1128 ut
191 1069 333 1129 dissoluta
358 1077 445 1128 etex
467 1069 591 1129 diversis
621 1077 762 1145 congesta
785 1071 879 1128 oratio
903 1068 1065 1129 cohaerere
1089 1085 1146 1127 non

142 1155 237 1233 possit
260 1153 421 1232 similisque
445 1155 482 1212 sit
506 1170 663 1230 puerorum
684 1155 917 1228 commentariis,
947 1153 976 1210 in
1001 1170 1074 1230 quos
1099 1170 1145 1225 ea,

143 1256 218 1317 quae
236 1237 300 1297 aliis
325 1237 553 1298 declamantibus
577 1236 694 1297 laudata
717 1246 801 1313 sunt,
827 1245 976 1314 rogarunt.
1024 1235 1145 1313 Magnas

142 1331 239 1382 tamen
255 1323 414 1382 sententias
431 1331 461 1381 et
478 1340 527 1382 res
543 1321 653 1395 bonas,
678 1322 717 1380 ita
734 1324 809 1380 euim
824 1321 945 1398 gloriari
961 1319 1076 1394 solent,
1094 1318 1146 1378 cli·

144 1406 229 1473 dunt;
253 1424 318 1465 nam
343 1415 372 1465 et
396 1404 512 1464 barbari
529 1414 558 1465 et
574 1406 667 1472 servi;
686 1414 715 1463 et
731 1406 756 1464 si
774 1405 831 1464 boc
847 1414 892 1464 sat
908 1414 972 1480 est,
997 1403 1077 1463 nulla
1102 1412 1148 1462 est

143 1491 216 1548 ratio
232 1490 356 1549 dicendi.

224 1641 356 1700 QUARE
378 1639 586 1690 INERUDITI
611 1640 920 1692 INGENIOSIORES
946 1640 1079 1690 VULGO

515 1725 764 1776 HABEANTUR.

228 1823 291 1884 XII.
322 1823 367 1885 Ne
383 1823 440 1884 boc
456 1826 571 1904 quidem
587 1825 766 1902 negaverim,
784 1825 868 1903 sequi
883 1823 1055 1903 plerumque
1073 1821 1148 1881 hanc

144 1911 320 1988 opinionem,
339 1917 370 1968 ut
385 1909 487 1968 lortius
505 1910 604 1970 dicere
622 1910 775 1968 videantur
790 1908 916 1976 indocti;
941 1908 1062 1986 primunr
1077 1906 1148 1964 vitio

143 1993 219 2053 male
234 1994 434 2069 iudicantium,
452 1995 500 2072 qui
517 1996 656 2054 maiorem
673 1991 783 2052 habere
798 1992 856 2050 vim
872 1992 994 2051 credunt
1010 2009 1055 2067 ea,
1073 2007 1150 2068 quaa

142 2094 201 2136 nou
212 2076 321 2137 babent
332 2087 433 2152 artem,
452 2087 482 2136 ut
496 2079 653 2155 effringere
667 2095 752 2155 quam
764 2076 891 2154 aperire,
909 2094 1045 2153 rumpere
1064 2091 1150 2152 quam

115 2160 280 2235 2solvere,
305 2160 421 2221 trahere
445 2180 529 2240 quam
554 2163 664 2223 ducere
694 2169 794 2238 putant
817 2158 974 2218 robustius.
1021 2157 1094 2217 Nam
1120 2167 1149 2215 et

143 2244 299 2323 gladiator,
317 2246 365 2323 qui
381 2261 524 2304 armorum
540 2248 649 2305 inscius
663 2247 692 2305 in
709 2246 800 2304 rixam
815 2246 882 2320 ruit,
900 2252 930 2303 et
945 2243 1082 2317 luctator,
1100 2242 1150 2321 qui

145 2330 232 2388 totius
249 2331 382 2407 corporis
398 2331 461 2388 nisu
479 2331 562 2405 inid,
581 2331 660 2409 quod
676 2329 769 2389 semel
784 2329 906 2404 invasit,
925 2327 1072 2403 incumbit,
1089 2326 1165 2385 forn

144 2415 201 2472 tior
217 2413 253 2472 ab
268 2413 313 2473 his
328 2423 465 2482 vocatum
490 2434 554 2475 cum
570 2416 684 2474 interim
708 2423 738 2474 et
753 2413 801 2473 bic
818 2414 991 2492 frequenter
1008 2413 1067 2471 suis
1082 2410 1148 2468 viri·

143 2498 197 2557 bus
215 2499 280 2575 ipse
295 2501 505 2576 prosteruitur,
533 2508 562 2559 et
585 2498 666 2558 illum
687 2498 869 2558 vehementis
891 2501 1016 2576 imp‘etus
1040 2495 1151 2571 excipit

115 2582 303 2642 3adversarii
319 2582 415 2642 mollis
431 2584 579 2644 articulus.
614 2583 675 2643 Sed
692 2592 757 2641 sunt
772 2585 801 2641 in
816 2581 871 2642 hac
887 2590 989 2659 parte,
1006 2595 1081 2656 quae
1098 2578 1148 2634 im·

144 2675 256 2744 peritos
275 2668 361 2726 etiam
376 2667 547 2726 naturaliter
562 2667 680 2735 fallant;
705 2684 770 2726 nam
787 2674 816 2724 et
833 2665 954 2737 divisio,
980 2678 1043 2720 cum
1059 2657 1148 2735 pluri·

144 2769 220 2809 mum
234 2750 333 2810 valeat
348 2752 377 2808 in
393 2753 499 2827 causis,
517 2754 648 2830 speciem
663 2753 767 2810 virium
782 2749 891 2822 minuit,
911 2754 941 2804 et
951 2744 1033 2803 rudia
1048 2741 1148 2820 politis

116 2836 254 2894 tmaiora
280 2843 310 2893 et
332 2853 435 2913 sparsa
466 2838 636 2914 compositis
658 2834 860 2894 numerosiora
883 2830 1048 2889 creduntur.
1096 2824 1150 2885 Est

143 2926 299 2996 praeterea
316 2920 458 2997 quaedam
472 2921 607 2980 virtutum
628 2920 823 2996 vitiorumque
840 2915 962 2989 vicinia,
988 2930 1044 2991 qua
1059 2909 1148 2969 male-

146 3002 228 3061 dicus
244 3019 297 3080 pro
314 3003 427 3080 libero,
452 3006 623 3064 temerarius
639 3020 694 3082 pro
712 3001 797 3075 lorti,
824 2999 933 3059 effusus
950 3013 1004 3076 pro
1024 2995 1147 3071 copioso

147 3087 297 3163 accipitur.
346 3087 494 3148 Maledicit
518 3097 612 3150 autem
635 3085 794 3149 ineruditus
819 3083 948 3161 apertius
978 3089 1007 3140 et
1030 3079 1148 3156 saepius

145 3168 195 3227 vel
219 3187 284 3228 cum
304 3173 438 3248 periculo
463 3174 594 3252 suscepti
617 3172 772 3250 litigatoris
789 3169 963 3249 frequenter
981 3166 1067 3225 etiam
1083 3179 1146 3222 suo.

117 3251 239 3313 tdffen
258 3263 288 3314 et
302 3257 356 3316 ista
372 3275 421 3317 res
437 3259 619 3337 opinionem,
644 3257 711 3335 quia
732 3254 923 3315 libentissime
944 3251 1076 3311 homines
1100 3265 1144 3306 au«

147 3337 226 3396 diunt
243 3357 288 3414 ea,
307 3359 382 3419 quae
399 3343 498 3403 dicere
515 3343 570 3420 ipsi
585 3341 756 3401 noluissent.
787 3339 863 3400 lllud
879 3353 997 3417 quoque
1014 3334 1146 3406 alterum,

147 3422 223 3499 quod
241 3425 329 3483 estin
345 3426 512 3486 elocutione
527 3427 608 3505 ipsa,
625 3425 803 3506 periculum,
820 3425 911 3482 minus
927 3423 998 3480 vitat
1014 3426 1145 3478 conatur·
