2566 4026
256 181 259 185 ¹
356 169 446 217 mss.
464 168 613 217 cunnos.
632 149 700 216 uin.
716 169 785 236 ΧΠ,
802 167 844 218 11.
1065 154 1127 215 275

124 341 181 403 qne
197 324 246 383 illa
267 323 405 384 facultate
427 322 559 401 praedito
581 340 640 382 non
656 322 810 401 optandum
827 323 925 400 operis
941 321 1127 400 pulcherrimi

124 425 209 487 qnam
224 407 423 485 longissimum
438 415 569 485 tempus,
593 406 646 466 sed
667 406 733 485 quia
750 405 836 465 decet
851 405 908 465 boc
925 422 1042 484 quoqne
1058 424 1126 485 pro·

124 493 258 570 spicere,
280 510 317 551 nc
341 489 409 570 qnid
428 492 529 569 peius,
554 507 638 568 quam
655 489 773 565 iecerit,
796 489 893 550 iaciat.
931 487 1035 568 Neque
1052 493 1156 558 enimn

124 577 246 636 scientia
260 575 346 636 modo
364 583 477 635 constat
494 583 607 649 orator,
627 591 702 653 quae
720 582 842 650 augetur
858 573 955 647 annis,
972 572 1025 632 sed
1040 591 1127 653 voce,

124 660 235 735 latere,
259 658 407 728 firmitate;
430 658 532 736 quibus
554 658 654 718 fractis
670 667 718 718 aut
732 657 883 717 imminutis
899 665 993 716 aetate
1011 675 1063 717 sen
1078 676 1127 718 va·

123 742 252 804 latudine
266 742 424 804 cavendum
436 751 491 818 est,
507 759 544 802 ne
558 741 626 820 quid
638 742 666 799 irr
678 750 795 801 oratore
809 758 917 801 summo
933 739 1127 820 desideretur,

124 845 162 886 ne
177 828 337 887 intersistat
351 826 504 903 fatigatus,
526 844 564 885 nc
589 842 663 903 quae
686 825 764 884 dicet
785 843 886 904 parum
903 825 994 885 audiri
1011 826 1127 902 sentiat,

124 928 160 970 ne
184 928 218 970 se
241 919 361 989 quaerat
376 911 513 989 priorem.
545 908 613 968 Vidi
629 926 685 985 ego
701 908 790 986 longe
806 909 947 983 omnium,
969 925 1042 987 quos
1060 909 1156 976 mihis

125 1012 309 1072 cognoscere
333 995 470 1070 contigit,
497 1010 635 1052 summum
657 1002 820 1068 oratorem,
847 992 1003 1075 Domitium
1026 992 1128 1053 dirum

122 1079 209 1139 valde
225 1096 341 1153 senem,
366 1078 474 1137 cotidie
490 1076 598 1155 aliquid
615 1094 718 1151 exea,
743 1095 827 1155 quam
844 1085 1005 1152 meruerat,
1029 1084 1127 1137 aucto·

123 1163 208 1222 ritate
230 1163 416 1241 perdentem,
442 1179 505 1221 cum
523 1169 629 1237 agente
651 1159 719 1236 illo,
744 1179 831 1240 quem
854 1161 1015 1239 principem
1036 1161 1127 1221 fuisse

123 1246 267 1324 qnondam
282 1245 339 1305 iori
354 1263 411 1305 non
427 1253 491 1305 erat
506 1244 630 1320 dubium,
648 1243 712 1320 alii,
730 1245 808 1323 qnod
823 1245 969 1322 iudignum
983 1243 1126 1321 videatur,
1212 1242 1219 1249 ’

91 1343 95 1348 ·
121 1329 267 1406 riderent,
284 1329 333 1390 alii
350 1329 576 1395 erubescerent;
594 1345 668 1406 quae
687 1330 805 1389 occasio
822 1328 874 1388 iuit
890 1327 1020 1403 dicendi,
1037 1329 1128 1389 mulla

122 1433 190 1474 eum
202 1412 337 1492 deficere
353 1429 444 1491 quum
460 1414 610 1475 desinere.
637 1409 740 1491 Neque
755 1421 836 1473 erant
848 1412 898 1473 illa
915 1412 1155 1491 qualiacunqnet

121 1496 195 1557 mala
211 1497 264 1557 sed
282 1499 400 1557 minora.
433 1495 532 1570 Quare
547 1504 700 1575 antequam
715 1497 743 1555 in
757 1495 810 1556 has
827 1497 929 1556 aetatis
946 1496 1044 1555 veniat
1059 1496 1125 1555 insi·

122 1581 201 1658 dias,
217 1583 350 1660 receptui
365 1589 450 1641 canet
466 1581 538 1639 etin
554 1588 667 1658 portum
682 1581 795 1657 integra
811 1599 884 1641 nave
900 1578 1063 1658 perveniet.

206 1664 309 1743 Neque
336 1667 410 1725 enim
432 1663 559 1724 minores
581 1682 662 1739 eum,
687 1681 750 1723 cum
773 1665 801 1725 id
822 1664 942 1740 iecerit,
968 1662 1126 1723 studiorum

121 1748 232 1808 irnctus
252 1757 474 1829 prosequentur.
516 1746 574 1808 Aut
597 1746 647 1807 ille
669 1757 851 1810 monumenta
875 1765 972 1808 rerum
998 1748 1125 1826 posteris

120 1842 183 1908 ant,
200 1841 229 1892 ut
243 1832 274 1892 b.
293 1830 416 1894 Crassus
432 1834 459 1892 in
476 1831 558 1891 libris
575 1829 727 1894 Ciceronis
744 1832 883 1907 destinat,
905 1833 967 1892 iura
983 1848 1124 1911 quaeren-

118 1916 195 1976 tibus
210 1917 313 1977 reddet
330 1927 378 1978 aut
401 1916 587 1996 eloquentiae
610 1926 766 1995 componet
788 1926 879 1978 artem
900 1925 948 1977 aut
962 1914 1124 1994 pulcherri-

117 2001 171 2059 mis
191 2002 269 2060 vitae
290 2002 460 2079 praeceptis
481 1999 597 2076 dignum
620 2017 653 2059 os
676 2000 764 2061 dabit.
800 1999 1038 2080 Frequentabunt
1052 2004 1152 2058 verod

119 2083 182 2141 eius
201 2083 316 2142 domum
334 2085 434 2161 optimi
455 2084 577 2142 iuvenes
597 2100 679 2142 more
700 2093 833 2145 veterum
849 2094 878 2144 et
894 2101 994 2144 veram
1009 2082 1125 2144 dicendi

117 2166 193 2224 viam
207 2164 288 2224 velut
312 2183 350 2224 ex
366 2164 484 2225 oraculo
505 2174 615 2243 petent.
651 2164 712 2225 Hcs
734 2167 784 2226 ilie
807 2167 943 2227 formabit
963 2169 1046 2246 quasi
1062 2167 1124 2227 elo·

118 2249 254 2327 quentiae
271 2266 394 2327 parens,
417 2257 446 2307 et
469 2256 497 2307 ut
511 2256 597 2307 vetus
610 2248 789 2326 gubernator
803 2250 888 2311 litora
905 2260 934 2310 et
958 2260 1059 2328 portus
1083 2259 1123 2326 et,

118 2349 193 2411 quae
211 2340 414 2411 tempestatum
430 2330 527 2408 signa,
546 2333 615 2411 qnid
632 2332 769 2392 secundis
784 2332 916 2409 datibus,
938 2333 1005 2412 qnid
1021 2333 1123 2394 adver·

117 2416 157 2475 sis
182 2417 254 2476 ratio
283 2425 402 2495 poscat,
427 2415 561 2490 docebit,
588 2432 646 2475 non
668 2415 848 2477 humanitatis
872 2417 965 2477 solum
983 2418 1124 2477 communi

117 2500 218 2560 ductus
235 2501 334 2561 officio
356 2501 409 2560 sed
430 2517 528 2560 amore
550 2499 675 2577 quodam
693 2502 803 2579 operis.
835 2500 928 2561 Nemo
948 2501 1022 2560 enim
1037 2501 1151 2560 minuit

117 2584 187 2645 velit
214 2585 258 2661 id,
290 2586 318 2645 in
346 2602 403 2664 quo
429 2585 568 2646 maximus
592 2583 652 2643 init.
691 2583 767 2658 Quid
790 2602 880 2664 porro
904 2594 949 2645 est
971 2583 1122 2644 honestius

116 2687 201 2748 quam
218 2669 328 2731 docere
352 2670 431 2748 qnod
452 2669 561 2748 optime
584 2665 681 2728 scias?
715 2668 765 2728 Sic
782 2668 868 2729 adse
887 2665 1017 2729 Caelium
1032 2668 1122 2729 dedu·

116 2762 191 2812 ctum
206 2772 223 2814 a
244 2763 328 2833 patre
346 2750 452 2813 Cicero
471 2751 639 2831 profitetur;
663 2752 705 2812 sic
721 2752 857 2828 Pansam,
878 2752 1014 2827 Hirtium,
1031 2750 1120 2812 Doia-

114 2836 223 2897 bellam
248 2839 276 2897 in
301 2854 412 2896 morem
437 2836 643 2915 praeceptoris
665 2838 798 2896 exercuit
819 2836 926 2896 cotidie
947 2835 1048 2895 dicens
1072 2853 1121 2895 an-

116 2920 267 2999 diensque.
299 2920 345 2981 Ac
367 2922 468 2980 nescio
490 2938 526 2979 au
547 2936 612 2978 eum
633 2929 700 2980 tunc
722 2919 919 2981 beatissimum
936 2919 1017 2980 credi
1033 2920 1150 2998 opor-7

114 3013 174 3065 teat
196 3006 278 3080 iore,
302 3022 365 3064 cum
390 3006 446 3064 iam
468 3011 602 3063 secretus
626 3013 655 3063 et
678 3014 884 3080 consecratus,
908 3002 983 3065 liber
1003 3002 1120 3078 invidia,

114 3089 218 3165 procul
247 3088 480 3149 contentionibus
514 3087 617 3148 famam
645 3087 674 3147 in
695 3097 756 3149 tuto
786 3088 940 3149 collocarit
967 3095 996 3146 et
1016 3088 1122 3146 sentiet

113 3172 196 3231 vivus
213 3191 293 3249 eam,
316 3191 391 3252 quac
408 3181 476 3251 post
496 3172 555 3233 iata
571 3172 715 3250 praestari
735 3174 827 3251 magis
842 3171 932 3248 solet,
954 3171 1120 3230 veneratio·

113 3271 180 3313 nem
197 3265 240 3331 et,
259 3256 327 3334 quid
342 3256 418 3335 apud
435 3266 571 3335 posteros
587 3256 698 3316 iuturus
716 3257 768 3332 sit,
785 3255 905 3317 videbit.

202 3336 345 3400 Conscius
362 3359 424 3401 snm
439 3340 523 3416 mibi,
545 3348 680 3419 quantum
695 3341 897 3402 mediocritate
913 3339 1004 3415 valui,
1030 3340 1148 3417 quae-8

115 3439 171 3501 que
188 3432 273 3484 antea
297 3425 428 3501 scierim,
453 3443 585 3503 quaeque
612 3424 711 3503 operis
731 3425 851 3486 huiusce
867 3425 960 3503 gratia
975 3422 1119 3502 potuerim

881 3506 944 3570 18*
