<?xml version="1.0" encoding="UTF-8"?>
<!DOCTYPE html PUBLIC "-//W3C//DTD XHTML 1.0 Transitional//EN"
    "http://www.w3.org/TR/xhtml1/DTD/xhtml1-transitional.dtd">
<html xmlns="http://www.w3.org/1999/xhtml" xml:lang="en" lang="en">
 <head>
  <title>
</title>
<meta http-equiv="Content-Type" content="text/html;charset=utf-8" />
  <meta name='ocr-system' content='tesseract 3.04.00' />
  <meta name='ocr-capabilities' content='ocr_page ocr_carea ocr_par ocr_line ocrx_word'/>
</head>
<body>
  <div class='ocr_page' id='page_1' title='image "./mfabiiquintilia00bonngoog/mfabiiquintilia00bonngoog_0286.png"; bbox 0 0 2566 4026; ppageno 0'>
   <div class='ocr_carea' id='block_1_1' title="bbox 389 140 1116 220">
    <p class='ocr_par' dir='ltr' id='par_1_1' title="bbox 389 140 1116 220">
     <span class='ocr_line' id='line_1_1' title="bbox 389 140 1116 220; baseline 0 -17"><span class='ocrx_word' id='word_1_1' title='bbox 389 155 479 205; x_wconf 85' lang='lat' dir='ltr'><strong>rusr.</strong></span> <span class='ocrx_word' id='word_1_2' title='bbox 493 154 642 204; x_wconf 75' lang='lat' dir='ltr'><strong>causon.</strong></span> <span class='ocrx_word' id='word_1_3' title='bbox 656 155 725 202; x_wconf 83' lang='lat' dir='ltr'><strong>nrn.</strong></span> <span class='ocrx_word' id='word_1_4' title='bbox 737 153 828 220; x_wconf 79' lang='lat' dir='ltr'><strong>v1,s.</strong></span> <span class='ocrx_word' id='word_1_5' title='bbox 1054 140 1116 203; x_wconf 81' lang='lat'><strong>259</strong></span> 
     </span>
    </p>
   </div>
   <div class='ocr_carea' id='block_1_2' title="bbox 112 307 1146 3394">
    <p class='ocr_par' dir='ltr' id='par_1_2' title="bbox 112 307 1146 3142">
     <span class='ocr_line' id='line_1_2' title="bbox 198 307 1117 389; baseline -0.001 -17"><span class='ocrx_word' id='word_1_6' title='bbox 198 311 272 372; x_wconf 82' lang='lat' dir='ltr'><strong>Nam</strong></span> <span class='ocrx_word' id='word_1_7' title='bbox 289 320 319 371; x_wconf 89' lang='lat' dir='ltr'><strong>et</strong></span> <span class='ocrx_word' id='word_1_8' title='bbox 333 328 388 389; x_wconf 91' lang='lat' dir='ltr'><strong>per</strong></span> <span class='ocrx_word' id='word_1_9' title='bbox 403 318 507 386; x_wconf 83' lang='lat' dir='ltr'><strong>totam,</strong></span> <span class='ocrx_word' id='word_1_10' title='bbox 531 318 561 369; x_wconf 92' lang='lat' dir='ltr'><strong>ut</strong></span> <span class='ocrx_word' id='word_1_11' title='bbox 577 309 716 385; x_wconf 85' lang='lat' dir='ltr'>diximus,</span> <span class='ocrx_word' id='word_1_12' title='bbox 746 325 861 368; x_wconf 85' lang='lat' dir='ltr'><strong>causam</strong></span> <span class='ocrx_word' id='word_1_13' title='bbox 882 307 966 368; x_wconf 90' lang='lat' dir='ltr'><strong>locus</strong></span> <span class='ocrx_word' id='word_1_14' title='bbox 990 319 1036 368; x_wconf 89' lang='lat' dir='ltr'><strong>est</strong></span> <span class='ocrx_word' id='word_1_15' title='bbox 1062 309 1117 371; x_wconf 84' lang='lat' dir='ltr'><strong>af·</strong></span> 
     </span>
     <span class='ocr_line' id='line_1_3' title="bbox 112 393 1117 471; baseline -0.007 -11"><span class='ocrx_word' id='word_1_16' title='bbox 112 399 129 460; x_wconf 86' lang='lat' dir='ltr'><strong>i</strong></span> <span class='ocrx_word' id='word_1_17' title='bbox 135 395 303 471; x_wconf 87' lang='lat' dir='ltr'><strong>ectibus,</strong></span> <span class='ocrx_word' id='word_1_18' title='bbox 321 403 350 454; x_wconf 92' lang='lat' dir='ltr'><strong>et</strong></span> <span class='ocrx_word' id='word_1_19' title='bbox 366 411 466 455; x_wconf 93' lang='lat' dir='ltr'><strong>eorum</strong></span> <span class='ocrx_word' id='word_1_20' title='bbox 481 412 539 453; x_wconf 95' lang='lat' dir='ltr'><strong>non</strong></span> <span class='ocrx_word' id='word_1_21' title='bbox 556 393 680 470; x_wconf 88' lang='lat' dir='ltr'><strong>simplex</strong></span> <span class='ocrx_word' id='word_1_22' title='bbox 695 401 795 452; x_wconf 83' lang='lat' dir='ltr'><strong>natura</strong></span> <span class='ocrx_word' id='word_1_23' title='bbox 810 410 866 451; x_wconf 91' lang='lat' dir='ltr'><strong>nec</strong></span> <span class='ocrx_word' id='word_1_24' title='bbox 882 393 910 450; x_wconf 90' lang='lat' dir='ltr'><strong>iu</strong></span> <span class='ocrx_word' id='word_1_25' title='bbox 926 393 1045 453; x_wconf 88' lang='lat' dir='ltr'><strong>transitu</strong></span> <span class='ocrx_word' id='word_1_26' title='bbox 1061 403 1117 453; x_wconf 88' lang='lat' dir='ltr'><strong>tra·</strong></span> 
     </span>
     <span class='ocr_line' id='line_1_4' title="bbox 113 474 1146 557; baseline -0.005 -15"><span class='ocrx_word' id='word_1_27' title='bbox 113 480 230 555; x_wconf 87' lang='lat' dir='ltr'><strong>ctanda,</strong></span> <span class='ocrx_word' id='word_1_28' title='bbox 248 495 306 557; x_wconf 92' lang='lat' dir='ltr'><strong>quo</strong></span> <span class='ocrx_word' id='word_1_29' title='bbox 317 477 387 537; x_wconf 86' lang='lat' dir='ltr'>nihil</span> <span class='ocrx_word' id='word_1_30' title='bbox 404 477 510 537; x_wconf 86' lang='lat' dir='ltr'><strong>aiierre</strong></span> <span class='ocrx_word' id='word_1_31' title='bbox 525 478 615 536; x_wconf 89' lang='lat' dir='ltr'><strong>mains</strong></span> <span class='ocrx_word' id='word_1_32' title='bbox 626 478 670 536; x_wconf 84' lang='lat' dir='ltr'><strong>vis</strong></span> <span class='ocrx_word' id='word_1_33' title='bbox 687 476 787 536; x_wconf 89' lang='lat' dir='ltr'><strong>orandi</strong></span> <span class='ocrx_word' id='word_1_34' title='bbox 799 484 908 553; x_wconf 85' lang='lat' dir='ltr'><strong>potest.</strong></span> <span class='ocrx_word' id='word_1_35' title='bbox 933 474 1006 535; x_wconf 87' lang='lat' dir='ltr'><strong>Nam</strong></span> <span class='ocrx_word' id='word_1_36' title='bbox 1019 485 1146 542; x_wconf 73' lang='lat' dir='ltr'><strong>ceteras</strong></span> 
     </span>
     <span class='ocr_line' id='line_1_5' title="bbox 112 560 1118 638; baseline -0.005 -13"><span class='ocrx_word' id='word_1_37' title='bbox 112 565 238 626; x_wconf 85' lang='lat' dir='ltr'><strong>iorsitan</strong></span> <span class='ocrx_word' id='word_1_38' title='bbox 256 562 350 622; x_wconf 91' lang='lat' dir='ltr'><strong>tennis</strong></span> <span class='ocrx_word' id='word_1_39' title='bbox 367 578 483 638; x_wconf 90' lang='lat' dir='ltr'><strong>quoque</strong></span> <span class='ocrx_word' id='word_1_40' title='bbox 501 570 530 621; x_wconf 91' lang='lat' dir='ltr'><strong>et</strong></span> <span class='ocrx_word' id='word_1_41' title='bbox 544 569 664 637; x_wconf 83' lang='lat' dir='ltr'><strong>angusta</strong></span> <span class='ocrx_word' id='word_1_42' title='bbox 682 560 790 636; x_wconf 84' lang='lat' dir='ltr'><strong>ingenii</strong></span> <span class='ocrx_word' id='word_1_43' title='bbox 806 576 898 635; x_wconf 88' lang='lat' dir='ltr'><strong>vena,</strong></span> <span class='ocrx_word' id='word_1_44' title='bbox 922 561 946 617; x_wconf 91' lang='lat' dir='ltr'><strong>si</strong></span> <span class='ocrx_word' id='word_1_45' title='bbox 966 561 1052 619; x_wconf 94' lang='lat' dir='ltr'><strong>modo</strong></span> <span class='ocrx_word' id='word_1_46' title='bbox 1069 561 1118 620; x_wconf 87' lang='lat' dir='ltr'><strong>vel</strong></span> 
     </span>
     <span class='ocr_line' id='line_1_6' title="bbox 114 642 1117 721; baseline -0.008 -12"><span class='ocrx_word' id='word_1_47' title='bbox 114 648 248 709; x_wconf 87' lang='lat' dir='ltr'><strong>doctrina</strong></span> <span class='ocrx_word' id='word_1_48' title='bbox 268 644 318 705; x_wconf 89' lang='lat' dir='ltr'><strong>vel</strong></span> <span class='ocrx_word' id='word_1_49' title='bbox 340 663 393 702; x_wconf 91' lang='lat' dir='ltr'><strong>usu</strong></span> <span class='ocrx_word' id='word_1_50' title='bbox 411 645 448 704; x_wconf 90' lang='lat' dir='ltr'><strong>sit</strong></span> <span class='ocrx_word' id='word_1_51' title='bbox 463 644 573 720; x_wconf 86' lang='lat' dir='ltr'><strong>adiuta,</strong></span> <span class='ocrx_word' id='word_1_52' title='bbox 594 661 739 720; x_wconf 83' lang='lat' dir='ltr'><strong>generare</strong></span> <span class='ocrx_word' id='word_1_53' title='bbox 761 651 847 721; x_wconf 89' lang='lat' dir='ltr'><strong>atque</strong></span> <span class='ocrx_word' id='word_1_54' title='bbox 872 642 908 703; x_wconf 91' lang='lat' dir='ltr'><strong>ad</strong></span> <span class='ocrx_word' id='word_1_55' title='bbox 928 642 1042 719; x_wconf 75' lang='lat' dir='ltr'><strong>frugem</strong></span> <span class='ocrx_word' id='word_1_56' title='bbox 1066 643 1117 703; x_wconf 87' lang='lat' dir='ltr'><strong>aii·</strong></span> 
     </span>
     <span class='ocr_line' id='line_1_7' title="bbox 115 726 1118 810; baseline -0.006 -18"><span class='ocrx_word' id='word_1_57' title='bbox 115 749 201 810; x_wconf 90' lang='lat' dir='ltr'><strong>qnam</strong></span> <span class='ocrx_word' id='word_1_58' title='bbox 223 729 389 808; x_wconf 80' lang='lat' dir='ltr'><strong>perducere</strong></span> <span class='ocrx_word' id='word_1_59' title='bbox 412 737 513 805; x_wconf 66' lang='lat' dir='ltr'><strong>queam</strong></span> <span class='ocrx_word' id='word_1_60' title='bbox 537 737 618 788; x_wconf 92' lang='lat' dir='ltr'><strong>certe</strong></span> <span class='ocrx_word' id='word_1_61' title='bbox 639 736 704 786; x_wconf 89' lang='lat' dir='ltr'><strong>sunt</strong></span> <span class='ocrx_word' id='word_1_62' title='bbox 728 743 903 804; x_wconf 83' lang='lat' dir='ltr'><strong>semperque</strong></span> <span class='ocrx_word' id='word_1_63' title='bbox 923 726 1038 786; x_wconf 86' lang='lat' dir='ltr'><strong>inerunt</strong></span> <span class='ocrx_word' id='word_1_64' title='bbox 1060 743 1118 786; x_wconf 92' lang='lat' dir='ltr'><strong>non</strong></span> 
     </span>
     <span class='ocr_line' id='line_1_8' title="bbox 113 809 1117 895; baseline -0.005 -20"><span class='ocrx_word' id='word_1_65' title='bbox 113 832 217 895; x_wconf 89' lang='lat' dir='ltr'><strong>parum</strong></span> <span class='ocrx_word' id='word_1_66' title='bbox 237 812 334 886; x_wconf 92' lang='lat' dir='ltr'><strong>multi,</strong></span> <span class='ocrx_word' id='word_1_67' title='bbox 366 812 413 888; x_wconf 91' lang='lat' dir='ltr'><strong>qui</strong></span> <span class='ocrx_word' id='word_1_68' title='bbox 439 813 509 870; x_wconf 89' lang='lat' dir='ltr'><strong>satis</strong></span> <span class='ocrx_word' id='word_1_69' title='bbox 538 812 650 888; x_wconf 91' lang='lat' dir='ltr'><strong>perite,</strong></span> <span class='ocrx_word' id='word_1_70' title='bbox 681 828 754 888; x_wconf 89' lang='lat' dir='ltr'><strong>quae</strong></span> <span class='ocrx_word' id='word_1_71' title='bbox 778 819 878 869; x_wconf 85' lang='lat' dir='ltr'><strong>essent</strong></span> <span class='ocrx_word' id='word_1_72' title='bbox 898 809 1117 887; x_wconf 81' lang='lat' dir='ltr'><strong>probationibus</strong></span> 
     </span>
     <span class='ocr_line' id='line_1_9' title="bbox 113 893 1117 973; baseline -0.004 -16"><span class='ocrx_word' id='word_1_73' title='bbox 113 897 207 973; x_wconf 89' lang='lat' dir='ltr'><strong>utilia,</strong></span> <span class='ocrx_word' id='word_1_74' title='bbox 224 897 398 973; x_wconf 83' lang='lat' dir='ltr'><strong>reperirent.</strong></span> <span class='ocrx_word' id='word_1_75' title='bbox 436 893 517 968; x_wconf 81' lang='lat' dir='ltr'><strong>Quos</strong></span> <span class='ocrx_word' id='word_1_76' title='bbox 541 896 674 972; x_wconf 87' lang='lat' dir='ltr'><strong>equidem</strong></span> <span class='ocrx_word' id='word_1_77' title='bbox 689 908 747 952; x_wconf 89' lang='lat' dir='ltr'><strong>non</strong></span> <span class='ocrx_word' id='word_1_78' title='bbox 763 902 933 970; x_wconf 91' lang='lat' dir='ltr'><strong>contemno,</strong></span> <span class='ocrx_word' id='word_1_79' title='bbox 950 893 1003 953; x_wconf 90' lang='lat' dir='ltr'><strong>sed</strong></span> <span class='ocrx_word' id='word_1_80' title='bbox 1018 893 1117 955; x_wconf 90' lang='lat' dir='ltr'><strong>bacte-</strong></span> 
     </span>
     <span class='ocr_line' id='line_1_10' title="bbox 113 978 1116 1055; baseline -0.003 -15"><span class='ocrx_word' id='word_1_81' title='bbox 113 999 168 1041; x_wconf 87' lang='lat' dir='ltr'><strong>nns</strong></span> <span class='ocrx_word' id='word_1_82' title='bbox 184 979 272 1039; x_wconf 89' lang='lat' dir='ltr'><strong>utiles</strong></span> <span class='ocrx_word' id='word_1_83' title='bbox 294 978 401 1053; x_wconf 85' lang='lat' dir='ltr'><strong>credo,</strong></span> <span class='ocrx_word' id='word_1_84' title='bbox 424 995 461 1037; x_wconf 92' lang='lat' dir='ltr'><strong>ne</strong></span> <span class='ocrx_word' id='word_1_85' title='bbox 483 979 549 1055; x_wconf 94' lang='lat' dir='ltr'><strong>quid</strong></span> <span class='ocrx_word' id='word_1_86' title='bbox 573 996 626 1055; x_wconf 92' lang='lat' dir='ltr'><strong>per</strong></span> <span class='ocrx_word' id='word_1_87' title='bbox 644 995 696 1038; x_wconf 90' lang='lat' dir='ltr'><strong>eos</strong></span> <span class='ocrx_word' id='word_1_88' title='bbox 712 978 798 1038; x_wconf 89' lang='lat' dir='ltr'><strong>iudici</strong></span> <span class='ocrx_word' id='word_1_89' title='bbox 815 979 851 1036; x_wconf 92' lang='lat' dir='ltr'><strong>sit</strong></span> <span class='ocrx_word' id='word_1_90' title='bbox 868 979 1013 1054; x_wconf 81' lang='lat' dir='ltr'><strong>ignotum,</strong></span> <span class='ocrx_word' id='word_1_91' title='bbox 1030 987 1116 1055; x_wconf 89' lang='lat' dir='ltr'><strong>atque</strong></span> 
     </span>
     <span class='ocr_line' id='line_1_11' title="bbox 115 1060 1116 1144; baseline -0.003 -21"><span class='ocrx_word' id='word_1_92' title='bbox 115 1064 164 1144; x_wconf 89' lang='lat' dir='ltr'><strong>(nt</strong></span> <span class='ocrx_word' id='word_1_93' title='bbox 180 1063 285 1138; x_wconf 89' lang='lat' dir='ltr'><strong>dicam,</strong></span> <span class='ocrx_word' id='word_1_94' title='bbox 302 1063 379 1140; x_wconf 92' lang='lat' dir='ltr'><strong>quod</strong></span> <span class='ocrx_word' id='word_1_95' title='bbox 400 1063 510 1141; x_wconf 87' lang='lat' dir='ltr'><strong>sentio)</strong></span> <span class='ocrx_word' id='word_1_96' title='bbox 527 1061 646 1138; x_wconf 84' lang='lat' dir='ltr'><strong>dignos,</strong></span> <span class='ocrx_word' id='word_1_97' title='bbox 664 1078 679 1120; x_wconf 89' lang='lat' dir='ltr'><strong>a</strong></span> <span class='ocrx_word' id='word_1_98' title='bbox 697 1060 799 1138; x_wconf 90' lang='lat' dir='ltr'><strong>quibus</strong></span> <span class='ocrx_word' id='word_1_99' title='bbox 819 1079 933 1120; x_wconf 88' lang='lat' dir='ltr'><strong>causam</strong></span> <span class='ocrx_word' id='word_1_100' title='bbox 949 1061 1049 1121; x_wconf 80' lang='lat' dir='ltr'><strong>diserti</strong></span> <span class='ocrx_word' id='word_1_101' title='bbox 1066 1062 1116 1120; x_wconf 95' lang='lat' dir='ltr'><strong>do·</strong></span> 
     </span>
     <span class='ocr_line' id='line_1_12' title="bbox 114 1144 1116 1223; baseline -0.005 -15"><span class='ocrx_word' id='word_1_102' title='bbox 114 1156 267 1215; x_wconf 82' lang='lat' dir='ltr'><strong>cerentur3</strong></span> <span class='ocrx_word' id='word_1_103' title='bbox 292 1145 340 1223; x_wconf 91' lang='lat' dir='ltr'><strong>qui</strong></span> <span class='ocrx_word' id='word_1_104' title='bbox 360 1162 433 1204; x_wconf 87' lang='lat' dir='ltr'><strong>uero</strong></span> <span class='ocrx_word' id='word_1_105' title='bbox 457 1145 580 1204; x_wconf 90' lang='lat' dir='ltr'><strong>iudicem</strong></span> <span class='ocrx_word' id='word_1_106' title='bbox 600 1163 705 1222; x_wconf 89' lang='lat' dir='ltr'><strong>rapere</strong></span> <span class='ocrx_word' id='word_1_107' title='bbox 721 1153 766 1221; x_wconf 91' lang='lat' dir='ltr'><strong>et,</strong></span> <span class='ocrx_word' id='word_1_108' title='bbox 789 1146 918 1222; x_wconf 86' lang='lat' dir='ltr'><strong>inquom</strong></span> <span class='ocrx_word' id='word_1_109' title='bbox 931 1145 1024 1204; x_wconf 89' lang='lat' dir='ltr'><strong>vellet</strong></span> <span class='ocrx_word' id='word_1_110' title='bbox 1038 1144 1116 1204; x_wconf 89' lang='lat' dir='ltr'><strong>habi·</strong></span> 
     </span>
     <span class='ocr_line' id='line_1_13' title="bbox 114 1228 1116 1306; baseline -0.006 -14"><span class='ocrx_word' id='word_1_111' title='bbox 114 1241 174 1292; x_wconf 89' lang='lat' dir='ltr'><strong>turn</strong></span> <span class='ocrx_word' id='word_1_112' title='bbox 189 1231 283 1305; x_wconf 89' lang='lat' dir='ltr'><strong>animi,</strong></span> <span class='ocrx_word' id='word_1_113' title='bbox 300 1238 402 1306; x_wconf 88' lang='lat' dir='ltr'><strong>posset</strong></span> <span class='ocrx_word' id='word_1_114' title='bbox 416 1228 589 1306; x_wconf 81' lang='lat' dir='ltr'><strong>perducere,</strong></span> <span class='ocrx_word' id='word_1_115' title='bbox 607 1245 663 1305; x_wconf 90' lang='lat' dir='ltr'><strong>quo</strong></span> <span class='ocrx_word' id='word_1_116' title='bbox 682 1228 759 1287; x_wconf 94' lang='lat' dir='ltr'><strong>dicto</strong></span> <span class='ocrx_word' id='word_1_117' title='bbox 778 1228 919 1303; x_wconf 84' lang='lat' dir='ltr'><strong>flendum,</strong></span> <span class='ocrx_word' id='word_1_118' title='bbox 936 1228 1116 1287; x_wconf 88' lang='lat' dir='ltr'><strong>irascendum</strong></span> 
     </span>
     <span class='ocr_line' id='line_1_14' title="bbox 114 1311 1145 1390; baseline -0.006 -16"><span class='ocrx_word' id='word_1_119' title='bbox 114 1322 214 1390; x_wconf 84' lang='lat' dir='ltr'><strong>esset,</strong></span> <span class='ocrx_word' id='word_1_120' title='bbox 233 1331 314 1372; x_wconf 89' lang='lat' dir='ltr'><strong>rarus</strong></span> <span class='ocrx_word' id='word_1_121' title='bbox 333 1312 395 1371; x_wconf 89' lang='lat' dir='ltr'><strong>fuit.</strong></span> <span class='ocrx_word' id='word_1_122' title='bbox 426 1311 514 1388; x_wconf 79' lang='lat' dir='ltr'><strong>Atqui</strong></span> <span class='ocrx_word' id='word_1_123' title='bbox 530 1312 586 1372; x_wconf 90' lang='lat' dir='ltr'><strong>boc</strong></span> <span class='ocrx_word' id='word_1_124' title='bbox 602 1321 657 1387; x_wconf 86' lang='lat' dir='ltr'><strong>est,</strong></span> <span class='ocrx_word' id='word_1_125' title='bbox 674 1311 751 1389; x_wconf 90' lang='lat' dir='ltr'><strong>quod</strong></span> <span class='ocrx_word' id='word_1_126' title='bbox 767 1312 927 1371; x_wconf 78' lang='lat' dir='ltr'><strong>dominetur</strong></span> <span class='ocrx_word' id='word_1_127' title='bbox 942 1312 970 1369; x_wconf 92' lang='lat' dir='ltr'><strong>in</strong></span> <span class='ocrx_word' id='word_1_128' title='bbox 992 1311 1145 1384; x_wconf 79' lang='lat' dir='ltr'><strong>iudiciis,4</strong></span> 
     </span>
     <span class='ocr_line' id='line_1_15' title="bbox 114 1393 1116 1473; baseline -0.007 -15"><span class='ocrx_word' id='word_1_129' title='bbox 114 1398 190 1459; x_wconf 82' lang='lat' dir='ltr'><strong>baec</strong></span> <span class='ocrx_word' id='word_1_130' title='bbox 214 1397 407 1473; x_wconf 91' lang='lat' dir='ltr'><strong>eloquentiam</strong></span> <span class='ocrx_word' id='word_1_131' title='bbox 428 1405 542 1472; x_wconf 84' lang='lat' dir='ltr'><strong>regunt.</strong></span> <span class='ocrx_word' id='word_1_132' title='bbox 592 1393 722 1472; x_wconf 79' lang='lat' dir='ltr'><strong>Namque</strong></span> <span class='ocrx_word' id='word_1_133' title='bbox 752 1403 918 1472; x_wconf 83' lang='lat' dir='ltr'><strong>argumenta</strong></span> <span class='ocrx_word' id='word_1_134' title='bbox 947 1394 1116 1473; x_wconf 88' lang='lat' dir='ltr'><strong>pierumque</strong></span> 
     </span>
     <span class='ocr_line' id='line_1_16' title="bbox 114 1479 1115 1556; baseline -0.007 -14"><span class='ocrx_word' id='word_1_135' title='bbox 114 1489 272 1541; x_wconf 87' lang='lat' dir='ltr'><strong>nascuntur</strong></span> <span class='ocrx_word' id='word_1_136' title='bbox 288 1497 325 1538; x_wconf 88' lang='lat' dir='ltr'><strong>ex</strong></span> <span class='ocrx_word' id='word_1_137' title='bbox 341 1496 438 1554; x_wconf 88' lang='lat' dir='ltr'><strong>consa,</strong></span> <span class='ocrx_word' id='word_1_138' title='bbox 456 1489 485 1538; x_wconf 85' lang='lat' dir='ltr'><strong>et</strong></span> <span class='ocrx_word' id='word_1_139' title='bbox 501 1495 555 1556; x_wconf 95' lang='lat' dir='ltr'><strong>pro</strong></span> <span class='ocrx_word' id='word_1_140' title='bbox 570 1479 691 1537; x_wconf 89' lang='lat' dir='ltr'><strong>meliore</strong></span> <span class='ocrx_word' id='word_1_141' title='bbox 708 1488 790 1556; x_wconf 81' lang='lat' dir='ltr'><strong>parte</strong></span> <span class='ocrx_word' id='word_1_142' title='bbox 808 1479 891 1556; x_wconf 88' lang='lat' dir='ltr'><strong>plura</strong></span> <span class='ocrx_word' id='word_1_143' title='bbox 908 1487 973 1537; x_wconf 93' lang='lat' dir='ltr'><strong>sunt</strong></span> <span class='ocrx_word' id='word_1_144' title='bbox 989 1494 1115 1554; x_wconf 81' lang='lat' dir='ltr'><strong>semper,</strong></span> 
     </span>
     <span class='ocr_line' id='line_1_17' title="bbox 115 1561 1116 1642; baseline -0.006 -16"><span class='ocrx_word' id='word_1_145' title='bbox 115 1574 165 1640; x_wconf 89' lang='lat' dir='ltr'><strong>nt,</strong></span> <span class='ocrx_word' id='word_1_146' title='bbox 186 1565 236 1642; x_wconf 89' lang='lat' dir='ltr'><strong>qui</strong></span> <span class='ocrx_word' id='word_1_147' title='bbox 252 1581 305 1640; x_wconf 92' lang='lat' dir='ltr'><strong>per</strong></span> <span class='ocrx_word' id='word_1_148' title='bbox 322 1563 396 1621; x_wconf 89' lang='lat' dir='ltr'><strong>haec</strong></span> <span class='ocrx_word' id='word_1_149' title='bbox 416 1565 501 1637; x_wconf 86' lang='lat' dir='ltr'><strong>vicit,</strong></span> <span class='ocrx_word' id='word_1_150' title='bbox 524 1571 630 1621; x_wconf 84' lang='lat' dir='ltr'><strong>tontum</strong></span> <span class='ocrx_word' id='word_1_151' title='bbox 653 1580 709 1620; x_wconf 92' lang='lat' dir='ltr'><strong>non</strong></span> <span class='ocrx_word' id='word_1_152' title='bbox 731 1561 858 1622; x_wconf 82' lang='lat' dir='ltr'><strong>defuisse</strong></span> <span class='ocrx_word' id='word_1_153' title='bbox 877 1561 931 1621; x_wconf 89' lang='lat' dir='ltr'><strong>sibi</strong></span> <span class='ocrx_word' id='word_1_154' title='bbox 946 1561 1116 1621; x_wconf 85' lang='lat' dir='ltr'><strong>advocatum</strong></span> 
     </span>
     <span class='ocr_line' id='line_1_18' title="bbox 115 1645 1144 1723; baseline -0.007 -14"><span class='ocrx_word' id='word_1_155' title='bbox 115 1650 199 1709; x_wconf 88' lang='lat' dir='ltr'><strong>sciat.</strong></span> <span class='ocrx_word' id='word_1_156' title='bbox 230 1645 286 1706; x_wconf 94' lang='lat' dir='ltr'><strong>Ubi</strong></span> <span class='ocrx_word' id='word_1_157' title='bbox 300 1663 372 1705; x_wconf 89' lang='lat' dir='ltr'><strong>vero</strong></span> <span class='ocrx_word' id='word_1_158' title='bbox 389 1647 488 1704; x_wconf 87' lang='lat' dir='ltr'><strong>animis</strong></span> <span class='ocrx_word' id='word_1_159' title='bbox 503 1645 626 1705; x_wconf 92' lang='lat' dir='ltr'><strong>indicum</strong></span> <span class='ocrx_word' id='word_1_160' title='bbox 642 1647 686 1705; x_wconf 90' lang='lat' dir='ltr'><strong>vis</strong></span> <span class='ocrx_word' id='word_1_161' title='bbox 707 1645 854 1706; x_wconf 82' lang='lat' dir='ltr'><strong>afferenda</strong></span> <span class='ocrx_word' id='word_1_162' title='bbox 873 1654 933 1721; x_wconf 88' lang='lat' dir='ltr'><strong>est,</strong></span> <span class='ocrx_word' id='word_1_163' title='bbox 957 1655 986 1705; x_wconf 87' lang='lat' dir='ltr'><strong>et</strong></span> <span class='ocrx_word' id='word_1_164' title='bbox 1001 1645 1037 1704; x_wconf 87' lang='lat' dir='ltr'><strong>ab</strong></span> <span class='ocrx_word' id='word_1_165' title='bbox 1053 1647 1144 1723; x_wconf 71' lang='lat' dir='ltr'><strong>ipsas</strong></span> 
     </span>
     <span class='ocr_line' id='line_1_19' title="bbox 117 1729 1116 1806; baseline -0.006 -15"><span class='ocrx_word' id='word_1_166' title='bbox 117 1732 179 1791; x_wconf 79' lang='lat' dir='ltr'><strong>reri</strong></span> <span class='ocrx_word' id='word_1_167' title='bbox 200 1729 443 1806; x_wconf 82' lang='lat' dir='ltr'><strong>contemplatione</strong></span> <span class='ocrx_word' id='word_1_168' title='bbox 460 1729 627 1789; x_wconf 89' lang='lat' dir='ltr'><strong>abducenda</strong></span> <span class='ocrx_word' id='word_1_169' title='bbox 642 1747 737 1788; x_wconf 90' lang='lat' dir='ltr'><strong>mens:</strong></span> <span class='ocrx_word' id='word_1_170' title='bbox 763 1729 802 1789; x_wconf 95' lang='lat' dir='ltr'><strong>ibi</strong></span> <span class='ocrx_word' id='word_1_171' title='bbox 822 1730 969 1806; x_wconf 89' lang='lat' dir='ltr'><strong>proprium</strong></span> <span class='ocrx_word' id='word_1_172' title='bbox 992 1729 1116 1787; x_wconf 88' lang='lat' dir='ltr'><strong>oratoris</strong></span> 
     </span>
     <span class='ocr_line' id='line_1_20' title="bbox 117 1809 1116 1894; baseline -0.005 -19"><span class='ocrx_word' id='word_1_173' title='bbox 117 1832 192 1894; x_wconf 89' lang='lat' dir='ltr'><strong>opus</strong></span> <span class='ocrx_word' id='word_1_174' title='bbox 208 1823 263 1873; x_wconf 92' lang='lat' dir='ltr'><strong>est.</strong></span> <span class='ocrx_word' id='word_1_175' title='bbox 292 1811 356 1872; x_wconf 92' lang='lat' dir='ltr'><strong>Hoc</strong></span> <span class='ocrx_word' id='word_1_176' title='bbox 370 1829 427 1871; x_wconf 92' lang='lat' dir='ltr'><strong>non</strong></span> <span class='ocrx_word' id='word_1_177' title='bbox 447 1813 533 1872; x_wconf 86' lang='lat' dir='ltr'><strong>docet</strong></span> <span class='ocrx_word' id='word_1_178' title='bbox 550 1809 694 1889; x_wconf 71' lang='lat' dir='ltr'><strong>litigator,</strong></span> <span class='ocrx_word' id='word_1_179' title='bbox 716 1812 773 1872; x_wconf 87' lang='lat' dir='ltr'><strong>hoc</strong></span> <span class='ocrx_word' id='word_1_180' title='bbox 790 1812 898 1872; x_wconf 85' lang='lat' dir='ltr'><strong>libellis</strong></span> <span class='ocrx_word' id='word_1_181' title='bbox 913 1830 970 1872; x_wconf 94' lang='lat' dir='ltr'><strong>non</strong></span> <span class='ocrx_word' id='word_1_182' title='bbox 989 1813 1116 1872; x_wconf 89' lang='lat' dir='ltr'><strong>contine·</strong></span> 
     </span>
     <span class='ocr_line' id='line_1_21' title="bbox 117 1896 1115 1972; baseline -0.003 -16"><span class='ocrx_word' id='word_1_183' title='bbox 117 1907 172 1963; x_wconf 84' lang='lat' dir='ltr'><strong>tur.</strong></span> <span class='ocrx_word' id='word_1_184' title='bbox 203 1896 393 1957; x_wconf 89' lang='lat' dir='ltr'><strong>Probationes</strong></span> <span class='ocrx_word' id='word_1_185' title='bbox 410 1898 483 1955; x_wconf 90' lang='lat' dir='ltr'><strong>enim</strong></span> <span class='ocrx_word' id='word_1_186' title='bbox 499 1896 626 1955; x_wconf 84' lang='lat' dir='ltr'><strong>efficiant</strong></span> <span class='ocrx_word' id='word_1_187' title='bbox 640 1915 725 1972; x_wconf 90' lang='lat' dir='ltr'><strong>sane,</strong></span> <span class='ocrx_word' id='word_1_188' title='bbox 741 1905 771 1955; x_wconf 93' lang='lat' dir='ltr'><strong>ut</strong></span> <span class='ocrx_word' id='word_1_189' title='bbox 788 1913 902 1957; x_wconf 84' lang='lat' dir='ltr'><strong>causam</strong></span> <span class='ocrx_word' id='word_1_190' title='bbox 915 1905 1042 1955; x_wconf 87' lang='lat' dir='ltr'><strong>nostram</strong></span> <span class='ocrx_word' id='word_1_191' title='bbox 1057 1913 1115 1954; x_wconf 91' lang='lat' dir='ltr'><strong>me·</strong></span> 
     </span>
     <span class='ocr_line' id='line_1_22' title="bbox 117 1980 1115 2058; baseline -0.004 -16"><span class='ocrx_word' id='word_1_192' title='bbox 117 1981 220 2042; x_wconf 89' lang='lat' dir='ltr'><strong>liorem</strong></span> <span class='ocrx_word' id='word_1_193' title='bbox 242 1997 309 2039; x_wconf 89' lang='lat' dir='ltr'><strong>esse</strong></span> <span class='ocrx_word' id='word_1_194' title='bbox 329 1980 439 2039; x_wconf 90' lang='lat' dir='ltr'><strong>indices</strong></span> <span class='ocrx_word' id='word_1_195' title='bbox 455 1989 570 2056; x_wconf 90' lang='lat' dir='ltr'><strong>putent,</strong></span> <span class='ocrx_word' id='word_1_196' title='bbox 592 1980 713 2039; x_wconf 85' lang='lat' dir='ltr'><strong>aiiectns</strong></span> <span class='ocrx_word' id='word_1_197' title='bbox 730 1988 893 2058; x_wconf 88' lang='lat' dir='ltr'><strong>praestant,</strong></span> <span class='ocrx_word' id='word_1_198' title='bbox 920 1989 951 2039; x_wconf 89' lang='lat' dir='ltr'><strong>nt</strong></span> <span class='ocrx_word' id='word_1_199' title='bbox 967 1982 1051 2039; x_wconf 80' lang='lat' dir='ltr'><strong>etiam</strong></span> <span class='ocrx_word' id='word_1_200' title='bbox 1065 1997 1115 2038; x_wconf 86' lang='lat' dir='ltr'><strong>ve·</strong></span> 
     </span>
     <span class='ocr_line' id='line_1_23' title="bbox 116 2062 1144 2141; baseline -0.005 -16"><span class='ocrx_word' id='word_1_201' title='bbox 116 2064 183 2133; x_wconf 87' lang='lat' dir='ltr'><strong>lint;</strong></span> <span class='ocrx_word' id='word_1_202' title='bbox 201 2064 254 2123; x_wconf 89' lang='lat' dir='ltr'><strong>sed</strong></span> <span class='ocrx_word' id='word_1_203' title='bbox 265 2064 310 2140; x_wconf 88' lang='lat' dir='ltr'><strong>id,</strong></span> <span class='ocrx_word' id='word_1_204' title='bbox 329 2063 406 2140; x_wconf 90' lang='lat' dir='ltr'><strong>quod</strong></span> <span class='ocrx_word' id='word_1_205' title='bbox 419 2062 535 2139; x_wconf 81' lang='lat' dir='ltr'><strong>volunt,</strong></span> <span class='ocrx_word' id='word_1_206' title='bbox 554 2064 674 2123; x_wconf 88' lang='lat' dir='ltr'><strong>credunt</strong></span> <span class='ocrx_word' id='word_1_207' title='bbox 694 2080 819 2141; x_wconf 92' lang='lat' dir='ltr'><strong>quoqne.</strong></span> <span class='ocrx_word' id='word_1_208' title='bbox 854 2063 926 2124; x_wconf 90' lang='lat' dir='ltr'><strong>Nam</strong></span> <span class='ocrx_word' id='word_1_209' title='bbox 941 2082 1003 2123; x_wconf 89' lang='lat' dir='ltr'><strong>cum</strong></span> <span class='ocrx_word' id='word_1_210' title='bbox 1018 2064 1144 2138; x_wconf 85' lang='lat' dir='ltr'><strong>irasci,6</strong></span> 
     </span>
     <span class='ocr_line' id='line_1_24' title="bbox 116 2147 1115 2223; baseline -0.003 -15"><span class='ocrx_word' id='word_1_211' title='bbox 116 2148 229 2222; x_wconf 79' lang='lat' dir='ltr'><strong>favere,</strong></span> <span class='ocrx_word' id='word_1_212' title='bbox 247 2147 357 2222; x_wconf 91' lang='lat' dir='ltr'><strong>odisse,</strong></span> <span class='ocrx_word' id='word_1_213' title='bbox 372 2148 504 2206; x_wconf 89' lang='lat' dir='ltr'><strong>misereri</strong></span> <span class='ocrx_word' id='word_1_214' title='bbox 522 2156 696 2223; x_wconf 89' lang='lat' dir='ltr'><strong>coeperunt:</strong></span> <span class='ocrx_word' id='word_1_215' title='bbox 713 2148 760 2223; x_wconf 79' lang='lat' dir='ltr'><strong>agi</strong></span> <span class='ocrx_word' id='word_1_216' title='bbox 775 2149 829 2206; x_wconf 89' lang='lat' dir='ltr'><strong>iam</strong></span> <span class='ocrx_word' id='word_1_217' title='bbox 844 2166 905 2206; x_wconf 89' lang='lat' dir='ltr'><strong>rem</strong></span> <span class='ocrx_word' id='word_1_218' title='bbox 921 2164 1000 2207; x_wconf 89' lang='lat' dir='ltr'><strong>suam</strong></span> <span class='ocrx_word' id='word_1_219' title='bbox 1017 2148 1115 2206; x_wconf 81' lang='lat' dir='ltr'><strong>existi-</strong></span> 
     </span>
     <span class='ocr_line' id='line_1_25' title="bbox 116 2230 1115 2308; baseline -0.004 -15"><span class='ocrx_word' id='word_1_220' title='bbox 116 2240 210 2299; x_wconf 78' lang='lat' dir='ltr'><strong>ment;</strong></span> <span class='ocrx_word' id='word_1_221' title='bbox 227 2239 271 2306; x_wconf 89' lang='lat' dir='ltr'><strong>et,</strong></span> <span class='ocrx_word' id='word_1_222' title='bbox 288 2232 362 2290; x_wconf 92' lang='lat' dir='ltr'><strong>sicut</strong></span> <span class='ocrx_word' id='word_1_223' title='bbox 381 2240 508 2290; x_wconf 88' lang='lat' dir='ltr'><strong>amantes</strong></span> <span class='ocrx_word' id='word_1_224' title='bbox 524 2231 561 2289; x_wconf 91' lang='lat' dir='ltr'><strong>de</strong></span> <span class='ocrx_word' id='word_1_225' title='bbox 575 2230 667 2289; x_wconf 89' lang='lat' dir='ltr'><strong>forma</strong></span> <span class='ocrx_word' id='word_1_226' title='bbox 681 2230 808 2289; x_wconf 87' lang='lat' dir='ltr'><strong>iudicare</strong></span> <span class='ocrx_word' id='word_1_227' title='bbox 826 2248 883 2289; x_wconf 91' lang='lat' dir='ltr'><strong>non</strong></span> <span class='ocrx_word' id='word_1_228' title='bbox 900 2240 1032 2308; x_wconf 92' lang='lat' dir='ltr'><strong>possunt,</strong></span> <span class='ocrx_word' id='word_1_229' title='bbox 1050 2231 1115 2307; x_wconf 89' lang='lat' dir='ltr'><strong>quia</strong></span> 
     </span>
     <span class='ocr_line' id='line_1_26' title="bbox 116 2313 1115 2391; baseline -0.006 -16"><span class='ocrx_word' id='word_1_230' title='bbox 116 2332 234 2375; x_wconf 87' lang='lat' dir='ltr'><strong>sensum</strong></span> <span class='ocrx_word' id='word_1_231' title='bbox 246 2314 396 2374; x_wconf 88' lang='lat' dir='ltr'><strong>oculorum</strong></span> <span class='ocrx_word' id='word_1_232' title='bbox 411 2314 552 2391; x_wconf 80' lang='lat' dir='ltr'><strong>praecipit</strong></span> <span class='ocrx_word' id='word_1_233' title='bbox 569 2315 693 2371; x_wconf 86' lang='lat' dir='ltr'><strong>animus:</strong></span> <span class='ocrx_word' id='word_1_234' title='bbox 706 2314 745 2372; x_wconf 89' lang='lat' dir='ltr'><strong>ita</strong></span> <span class='ocrx_word' id='word_1_235' title='bbox 757 2329 868 2373; x_wconf 89' lang='lat' dir='ltr'><strong>omnem</strong></span> <span class='ocrx_word' id='word_1_236' title='bbox 879 2314 1009 2372; x_wconf 89' lang='lat' dir='ltr'><strong>veritatis</strong></span> <span class='ocrx_word' id='word_1_237' title='bbox 1024 2313 1115 2389; x_wconf 91' lang='lat' dir='ltr'><strong>inqui·</strong></span> 
     </span>
     <span class='ocr_line' id='line_1_27' title="bbox 116 2395 1114 2472; baseline -0.005 -14"><span class='ocrx_word' id='word_1_238' title='bbox 116 2398 225 2458; x_wconf 88' lang='lat' dir='ltr'><strong>rendae</strong></span> <span class='ocrx_word' id='word_1_239' title='bbox 249 2398 389 2457; x_wconf 89' lang='lat' dir='ltr'><strong>rationem</strong></span> <span class='ocrx_word' id='word_1_240' title='bbox 411 2398 498 2457; x_wconf 84' lang='lat' dir='ltr'><strong>iudex</strong></span> <span class='ocrx_word' id='word_1_241' title='bbox 526 2397 627 2455; x_wconf 93' lang='lat' dir='ltr'><strong>omittit</strong></span> <span class='ocrx_word' id='word_1_242' title='bbox 654 2404 812 2472; x_wconf 89' lang='lat' dir='ltr'><strong>occupatus</strong></span> <span class='ocrx_word' id='word_1_243' title='bbox 835 2395 1001 2464; x_wconf 86' lang='lat' dir='ltr'><strong>affectibus;</strong></span> <span class='ocrx_word' id='word_1_244' title='bbox 1031 2403 1114 2453; x_wconf 89' lang='lat' dir='ltr'><strong>aestu</strong></span> 
     </span>
     <span class='ocr_line' id='line_1_28' title="bbox 115 2477 1141 2558; baseline -0.005 -17"><span class='ocrx_word' id='word_1_245' title='bbox 115 2481 209 2542; x_wconf 87' lang='lat' dir='ltr'><strong>fertur</strong></span> <span class='ocrx_word' id='word_1_246' title='bbox 223 2489 252 2539; x_wconf 89' lang='lat' dir='ltr'><strong>et</strong></span> <span class='ocrx_word' id='word_1_247' title='bbox 269 2480 349 2539; x_wconf 89' lang='lat' dir='ltr'><strong>velut</strong></span> <span class='ocrx_word' id='word_1_248' title='bbox 364 2480 465 2558; x_wconf 89' lang='lat' dir='ltr'><strong>rapido</strong></span> <span class='ocrx_word' id='word_1_249' title='bbox 485 2480 590 2539; x_wconf 86' lang='lat' dir='ltr'><strong>flumini</strong></span> <span class='ocrx_word' id='word_1_250' title='bbox 617 2479 795 2556; x_wconf 90' lang='lat' dir='ltr'><strong>obsequitur.</strong></span> <span class='ocrx_word' id='word_1_251' title='bbox 831 2477 873 2538; x_wconf 86' lang='lat' dir='ltr'><strong>lta</strong></span> <span class='ocrx_word' id='word_1_252' title='bbox 895 2480 1141 2554; x_wconf 76' lang='lat' dir='ltr'><strong>argumentandi</strong></span> 
     </span>
     <span class='ocr_line' id='line_1_29' title="bbox 116 2563 1115 2641; baseline -0.007 -16"><span class='ocrx_word' id='word_1_253' title='bbox 116 2572 209 2625; x_wconf 88' lang='lat' dir='ltr'><strong>testes</strong></span> <span class='ocrx_word' id='word_1_254' title='bbox 232 2564 299 2641; x_wconf 94' lang='lat' dir='ltr'><strong>quid</strong></span> <span class='ocrx_word' id='word_1_255' title='bbox 319 2566 447 2640; x_wconf 80' lang='lat' dir='ltr'><strong>egerint,</strong></span> <span class='ocrx_word' id='word_1_256' title='bbox 468 2563 661 2641; x_wconf 90' lang='lat' dir='ltr'><strong>pronuntiatio</strong></span> <span class='ocrx_word' id='word_1_257' title='bbox 678 2563 817 2631; x_wconf 90' lang='lat' dir='ltr'><strong>ostendit;</strong></span> <span class='ocrx_word' id='word_1_258' title='bbox 841 2569 1001 2621; x_wconf 90' lang='lat' dir='ltr'><strong>commotus</strong></span> <span class='ocrx_word' id='word_1_259' title='bbox 1022 2570 1115 2620; x_wconf 86' lang='lat' dir='ltr'><strong>autem</strong></span> 
     </span>
     <span class='ocr_line' id='line_1_30' title="bbox 116 2643 1115 2723; baseline -0.006 -15"><span class='ocrx_word' id='word_1_260' title='bbox 116 2647 152 2708; x_wconf 90' lang='lat' dir='ltr'><strong>ab</strong></span> <span class='ocrx_word' id='word_1_261' title='bbox 176 2655 294 2707; x_wconf 87' lang='lat' dir='ltr'><strong>oratore</strong></span> <span class='ocrx_word' id='word_1_262' title='bbox 309 2647 412 2723; x_wconf 86' lang='lat' dir='ltr'><strong>index,</strong></span> <span class='ocrx_word' id='word_1_263' title='bbox 435 2647 503 2723; x_wconf 91' lang='lat' dir='ltr'><strong>quid</strong></span> <span class='ocrx_word' id='word_1_264' title='bbox 519 2648 640 2720; x_wconf 88' lang='lat' dir='ltr'><strong>sentiat,</strong></span> <span class='ocrx_word' id='word_1_265' title='bbox 662 2646 768 2705; x_wconf 87' lang='lat' dir='ltr'><strong>sedens</strong></span> <span class='ocrx_word' id='word_1_266' title='bbox 784 2645 877 2705; x_wconf 88' lang='lat' dir='ltr'><strong>adbuc</strong></span> <span class='ocrx_word' id='word_1_267' title='bbox 895 2654 981 2721; x_wconf 91' lang='lat' dir='ltr'><strong>atque</strong></span> <span class='ocrx_word' id='word_1_268' title='bbox 997 2643 1115 2703; x_wconf 90' lang='lat' dir='ltr'><strong>audiens</strong></span> 
     </span>
     <span class='ocr_line' id='line_1_31' title="bbox 116 2727 1115 2807; baseline -0.006 -16"><span class='ocrx_word' id='word_1_269' title='bbox 116 2730 280 2791; x_wconf 83' lang='lat' dir='ltr'><strong>confitetur.</strong></span> <span class='ocrx_word' id='word_1_270' title='bbox 316 2728 378 2806; x_wconf 86' lang='lat' dir='ltr'><strong>An,</strong></span> <span class='ocrx_word' id='word_1_271' title='bbox 404 2748 467 2788; x_wconf 92' lang='lat' dir='ltr'><strong>cum</strong></span> <span class='ocrx_word' id='word_1_272' title='bbox 482 2729 546 2804; x_wconf 90' lang='lat' dir='ltr'><strong>ille,</strong></span> <span class='ocrx_word' id='word_1_273' title='bbox 568 2731 615 2807; x_wconf 91' lang='lat' dir='ltr'><strong>qui</strong></span> <span class='ocrx_word' id='word_1_274' title='bbox 631 2730 780 2807; x_wconf 88' lang='lat' dir='ltr'><strong>plerisque</strong></span> <span class='ocrx_word' id='word_1_275' title='bbox 796 2727 1028 2806; x_wconf 89' lang='lat' dir='ltr'><strong>perorationibus</strong></span> <span class='ocrx_word' id='word_1_276' title='bbox 1042 2727 1115 2804; x_wconf 87' lang='lat' dir='ltr'><strong>peti·</strong></span> 
     </span>
     <span class='ocr_line' id='line_1_32' title="bbox 117 2807 1115 2890; baseline -0.007 -15"><span class='ocrx_word' id='word_1_277' title='bbox 117 2823 181 2890; x_wconf 91' lang='lat' dir='ltr'><strong>tur,</strong></span> <span class='ocrx_word' id='word_1_278' title='bbox 197 2812 282 2872; x_wconf 89' lang='lat' dir='ltr'><strong>fletus</strong></span> <span class='ocrx_word' id='word_1_279' title='bbox 300 2814 439 2889; x_wconf 77' lang='lat' dir='ltr'><strong>erumpit,</strong></span> <span class='ocrx_word' id='word_1_280' title='bbox 453 2831 510 2872; x_wconf 89' lang='lat' dir='ltr'><strong>non</strong></span> <span class='ocrx_word' id='word_1_281' title='bbox 528 2812 621 2890; x_wconf 86' lang='lat' dir='ltr'><strong>palam</strong></span> <span class='ocrx_word' id='word_1_282' title='bbox 636 2813 711 2872; x_wconf 89' lang='lat' dir='ltr'><strong>dicta</strong></span> <span class='ocrx_word' id='word_1_283' title='bbox 725 2813 868 2871; x_wconf 88' lang='lat' dir='ltr'><strong>sententia</strong></span> <span class='ocrx_word' id='word_1_284' title='bbox 890 2807 954 2870; x_wconf 78' lang='lat' dir='ltr'><strong>cst?</strong></span> <span class='ocrx_word' id='word_1_285' title='bbox 983 2810 1046 2870; x_wconf 91' lang='lat' dir='ltr'><strong>Huc</strong></span> <span class='ocrx_word' id='word_1_286' title='bbox 1062 2811 1115 2887; x_wconf 84' lang='lat' dir='ltr'><strong>igi·</strong></span> 
     </span>
     <span class='ocr_line' id='line_1_33' title="bbox 118 2895 1114 2973; baseline -0.006 -16"><span class='ocrx_word' id='word_1_287' title='bbox 118 2907 163 2957; x_wconf 93' lang='lat' dir='ltr'><strong>tur</strong></span> <span class='ocrx_word' id='word_1_288' title='bbox 178 2896 323 2955; x_wconf 87' lang='lat' dir='ltr'><strong>incumbat</strong></span> <span class='ocrx_word' id='word_1_289' title='bbox 338 2904 452 2972; x_wconf 89' lang='lat' dir='ltr'><strong>orator,</strong></span> <span class='ocrx_word' id='word_1_290' title='bbox 476 2895 621 2973; x_wconf 90' lang='lat' dir='ltr'><strong>hocopus</strong></span> <span class='ocrx_word' id='word_1_291' title='bbox 640 2897 719 2971; x_wconf 90' lang='lat' dir='ltr'><strong>eius,</strong></span> <span class='ocrx_word' id='word_1_292' title='bbox 738 2896 784 2955; x_wconf 92' lang='lat' dir='ltr'><strong>hic</strong></span> <span class='ocrx_word' id='word_1_293' title='bbox 799 2895 883 2954; x_wconf 89' lang='lat' dir='ltr'><strong>labor</strong></span> <span class='ocrx_word' id='word_1_294' title='bbox 900 2903 961 2970; x_wconf 89' lang='lat' dir='ltr'><strong>est,</strong></span> <span class='ocrx_word' id='word_1_295' title='bbox 979 2896 1041 2953; x_wconf 90' lang='lat' dir='ltr'><strong>sine</strong></span> <span class='ocrx_word' id='word_1_296' title='bbox 1057 2909 1114 2971; x_wconf 90' lang='lat' dir='ltr'><strong>qno</strong></span> 
     </span>
     <span class='ocr_line' id='line_1_34' title="bbox 118 2977 1114 3055; baseline -0.005 -15"><span class='ocrx_word' id='word_1_297' title='bbox 118 2989 218 3041; x_wconf 85' lang='lat' dir='ltr'><strong>cetera</strong></span> <span class='ocrx_word' id='word_1_298' title='bbox 238 2979 323 3055; x_wconf 89' lang='lat' dir='ltr'><strong>nuda,</strong></span> <span class='ocrx_word' id='word_1_299' title='bbox 340 2980 446 3053; x_wconf 91' lang='lat' dir='ltr'><strong>ieiuna,</strong></span> <span class='ocrx_word' id='word_1_300' title='bbox 462 2979 581 3053; x_wconf 85' lang='lat' dir='ltr'><strong>infirma,</strong></span> <span class='ocrx_word' id='word_1_301' title='bbox 598 2982 708 3055; x_wconf 86' lang='lat' dir='ltr'><strong>ingrata</strong></span> <span class='ocrx_word' id='word_1_302' title='bbox 728 2981 798 3047; x_wconf 89' lang='lat' dir='ltr'><strong>sint;</strong></span> <span class='ocrx_word' id='word_1_303' title='bbox 815 2978 888 3038; x_wconf 89' lang='lat' dir='ltr'><strong>adeo</strong></span> <span class='ocrx_word' id='word_1_304' title='bbox 903 2977 984 3036; x_wconf 87' lang='lat' dir='ltr'><strong>velut</strong></span> <span class='ocrx_word' id='word_1_305' title='bbox 997 2978 1114 3055; x_wconf 87' lang='lat' dir='ltr'><strong>spiritus</strong></span> 
     </span>
     <span class='ocr_line' id='line_1_35' title="bbox 118 3062 825 3142; baseline -0.004 -19"><span class='ocrx_word' id='word_1_306' title='bbox 118 3063 217 3142; x_wconf 91' lang='lat' dir='ltr'><strong>operis</strong></span> <span class='ocrx_word' id='word_1_307' title='bbox 232 3063 314 3121; x_wconf 90' lang='lat' dir='ltr'><strong>huius</strong></span> <span class='ocrx_word' id='word_1_308' title='bbox 332 3072 419 3140; x_wconf 86' lang='lat' dir='ltr'><strong>atque</strong></span> <span class='ocrx_word' id='word_1_309' title='bbox 431 3065 537 3121; x_wconf 87' lang='lat' dir='ltr'><strong>animus</strong></span> <span class='ocrx_word' id='word_1_310' title='bbox 556 3072 600 3121; x_wconf 93' lang='lat' dir='ltr'><strong>est</strong></span> <span class='ocrx_word' id='word_1_311' title='bbox 620 3064 648 3120; x_wconf 94' lang='lat' dir='ltr'><strong>in</strong></span> <span class='ocrx_word' id='word_1_312' title='bbox 664 3062 825 3122; x_wconf 87' lang='lat' dir='ltr'><strong>affectibus.</strong></span> 
     </span>
    </p>

    <p class='ocr_par' dir='ltr' id='par_1_3' title="bbox 118 3143 1143 3394">
     <span class='ocr_line' id='line_1_36' title="bbox 200 3143 1143 3223; baseline -0.002 -17"><span class='ocrx_word' id='word_1_313' title='bbox 200 3145 308 3206; x_wconf 89' lang='lat' dir='ltr'><strong>Horum</strong></span> <span class='ocrx_word' id='word_1_314' title='bbox 323 3156 428 3222; x_wconf 91' lang='lat' dir='ltr'><strong>autem,</strong></span> <span class='ocrx_word' id='word_1_315' title='bbox 445 3148 519 3205; x_wconf 91' lang='lat' dir='ltr'><strong>sicut</strong></span> <span class='ocrx_word' id='word_1_316' title='bbox 535 3147 687 3223; x_wconf 86' lang='lat' dir='ltr'><strong>antiquitus</strong></span> <span class='ocrx_word' id='word_1_317' title='bbox 703 3145 835 3204; x_wconf 84' lang='lat' dir='ltr'><strong>traditum</strong></span> <span class='ocrx_word' id='word_1_318' title='bbox 846 3146 1021 3223; x_wconf 89' lang='lat' dir='ltr'><strong>accepimns,</strong></span> <span class='ocrx_word' id='word_1_319' title='bbox 1040 3143 1143 3204; x_wconf 87' lang='lat' dir='ltr'><strong>duae8</strong></span> 
     </span>
     <span class='ocr_line' id='line_1_37' title="bbox 118 3223 1113 3307; baseline -0.003 -17"><span class='ocrx_word' id='word_1_320' title='bbox 118 3241 184 3290; x_wconf 90' lang='lat' dir='ltr'><strong>sunt</strong></span> <span class='ocrx_word' id='word_1_321' title='bbox 208 3231 341 3307; x_wconf 90' lang='lat' dir='ltr'><strong>species:</strong></span> <span class='ocrx_word' id='word_1_322' title='bbox 365 3230 484 3290; x_wconf 88' lang='lat' dir='ltr'><strong>aiteram</strong></span> <span class='ocrx_word' id='word_1_323' title='bbox 503 3227 606 3290; x_wconf 86' lang='lat' dir='ltr'><strong>Graeci</strong></span> <span class='ocrx_word' id='word_1_324' title='bbox 620 3223 719 3300; x_wconf 77' lang='grc' dir='ltr'><em>πάθος</em></span> <span class='ocrx_word' id='word_1_325' title='bbox 732 3238 854 3304; x_wconf 88' lang='lat' dir='ltr'><strong>vocant,</strong></span> <span class='ocrx_word' id='word_1_326' title='bbox 880 3228 956 3306; x_wconf 92' lang='lat' dir='ltr'><strong>qnod</strong></span> <span class='ocrx_word' id='word_1_327' title='bbox 974 3244 1028 3286; x_wconf 92' lang='lat' dir='ltr'><strong>nos</strong></span> <span class='ocrx_word' id='word_1_328' title='bbox 1049 3245 1113 3287; x_wconf 87' lang='lat' dir='ltr'><strong>uer·</strong></span> 
     </span>
     <span class='ocr_line' id='line_1_38' title="bbox 118 3297 1114 3394; baseline -0.004 -20"><span class='ocrx_word' id='word_1_329' title='bbox 118 3323 213 3374; x_wconf 91' lang='lat' dir='ltr'><strong>tentes</strong></span> <span class='ocrx_word' id='word_1_330' title='bbox 230 3322 311 3373; x_wconf 90' lang='lat' dir='ltr'><strong>recte</strong></span> <span class='ocrx_word' id='word_1_331' title='bbox 325 3331 360 3373; x_wconf 89' lang='lat' dir='ltr'><strong>ac</strong></span> <span class='ocrx_word' id='word_1_332' title='bbox 374 3314 493 3391; x_wconf 87' lang='lat' dir='ltr'><strong>proprie</strong></span> <span class='ocrx_word' id='word_1_333' title='bbox 508 3313 651 3394; x_wconf 73' lang='lat' dir='ltr'><strong>affectum</strong></span> <span class='ocrx_word' id='word_1_334' title='bbox 665 3314 799 3388; x_wconf 89' lang='lat' dir='ltr'><strong>dicimus,</strong></span> <span class='ocrx_word' id='word_1_335' title='bbox 817 3312 936 3372; x_wconf 87' lang='lat' dir='ltr'><strong>alteram</strong></span> <span class='ocrx_word' id='word_1_336' title='bbox 951 3297 1044 3388; x_wconf 79' lang='grc' dir='ltr'><em>ἦθος,</em></span> <span class='ocrx_word' id='word_1_337' title='bbox 1066 3329 1114 3372; x_wconf 88' lang='lat' dir='ltr'><strong>cu-</strong></span> 
     </span>
    </p>
   </div>
   <div class='ocr_carea' id='block_1_3' title="bbox 118 3393 1115 3510">
    <p class='ocr_par' dir='ltr' id='par_1_4' title="bbox 118 3393 1115 3510">
     <span class='ocr_line' id='line_1_39' title="bbox 118 3393 1115 3510; baseline -0.001 -55"><span class='ocrx_word' id='word_1_338' title='bbox 118 3397 162 3457; x_wconf 89' lang='lat' dir='ltr'><strong>ius</strong></span> <span class='ocrx_word' id='word_1_339' title='bbox 183 3398 313 3472; x_wconf 89' lang='lat' dir='ltr'><strong>nomine,</strong></span> <span class='ocrx_word' id='word_1_340' title='bbox 335 3406 365 3455; x_wconf 91' lang='lat' dir='ltr'><strong>ut</strong></span> <span class='ocrx_word' id='word_1_341' title='bbox 387 3414 443 3466; x_wconf 70' lang='lat' dir='ltr'><strong>eno</strong></span> <span class='ocrx_word' id='word_1_342' title='bbox 465 3397 578 3472; x_wconf 89' lang='lat' dir='ltr'><strong>quidem</strong></span> <span class='ocrx_word' id='word_1_343' title='bbox 600 3398 712 3463; x_wconf 86' lang='lat' dir='ltr'><strong>sentio.</strong></span> <span class='ocrx_word' id='word_1_344' title='bbox 735 3405 815 3455; x_wconf 83' lang='lat' dir='ltr'><strong>caret</strong></span> <span class='ocrx_word' id='word_1_345' title='bbox 839 3393 1115 3510; x_wconf 59' lang='lat' dir='ltr'><strong>serm0*Romanus;</strong></span> 
     </span>
    </p>
   </div>
   <div class='ocr_carea' id='block_1_4' title="bbox 0 0 1294 4026">
    <p class='ocr_par' dir='ltr' id='par_1_5' title="bbox 0 0 1294 4026">
     <span class='ocr_line' id='line_1_40' title="bbox 0 0 1294 4026; baseline 0 0"><span class='ocrx_word' id='word_1_346' title='bbox 0 0 1294 4026; x_wconf 95' lang='lat' dir='ltr'><strong> </strong></span> 
     </span>
    </p>
   </div>
  </div>
 </body>
</html>
