2566 4026
400 167 489 215 msr.
505 162 837 232 onaroa.mn.t⁷,1a.
1058 150 1120 213 229

116 345 188 391 crus
203 325 283 386 euim
297 323 453 384 adultera.
492 320 573 380 Prius
595 319 632 379 de
654 319 797 380 adulterio
820 319 1048 381 convincendum
1064 328 1120 396 est,

116 420 157 486 nt,
176 426 241 468 cnm
256 407 285 467 id
308 408 440 484 coeperit
456 422 523 464 esse
541 419 594 482 pro
611 413 711 479 certo,
729 403 778 464 liat
793 405 896 464 incerti
912 411 1120 482 argumentum.

114 493 276 573 Spiculum
291 499 374 551 tuum
388 491 421 550 in
434 507 563 567 corpore
574 489 670 550 occisi
679 489 833 550 iuoeutum
844 496 904 555 cst;
921 495 1010 566 negat
1024 506 1120 558 snum3

113 588 145 639 ut
160 575 326 656 probationi
344 576 447 652 prosit,
464 571 643 650 probandum
660 580 714 632 est.
754 571 829 632 Illud
845 572 901 633 hoo
917 572 986 633 loeo
1002 577 1149 632 moneret

113 665 190 722 iuter
207 659 375 718 necessaria
395 667 449 732 est,
467 656 544 715 nulla
565 673 633 715 esse
650 656 792 732 firmiora,
819 674 904 734 quam
926 674 1001 736 qnae
1018 673 1056 716 ex
1071 656 1121 716 du·

112 746 169 807 biis
185 745 343 804 factasunt
359 750 448 801 corta.
482 737 603 801 Caedes
617 758 639 802 u
654 747 683 800 te
700 741 862 803 commisso
879 750 940 817 cst,
963 748 1122 803 cruentam

113 832 195 893 euim
209 835 322 889 vestem
343 826 498 891 tabulatu·
519 840 576 883 nou
598 832 644 882 est
665 831 722 884 tam
740 841 835 900 grave
859 833 1075 903 argumentum,
1097 825 1122 883 si

113 913 223 974 latetur
242 911 367 988 quamsi
386 908 575 968 convincitur.
613 904 686 966 Nam
703 908 728 966 si
743 908 866 984 latetur,
883 909 979 968 multis
997 926 1035 967 ex
1054 925 1121 968 oau-

112 999 155 1057 sis
171 997 265 1076 potuit
280 1001 399 1053 cruenta
419 1009 486 1051 esse
501 991 608 1058 vestis;
627 992 652 1049 si
667 1000 771 1068 negat,
787 992 834 1051 hio
851 1009 958 1052 causae
976 991 1122 1052 cardinem

112 1083 207 1160 ponit,
224 1081 326 1155 inquo
344 1079 369 1135 si
384 1077 478 1135 victus
495 1075 592 1149 luerit,
610 1076 695 1135 etiam
713 1076 941 1153 insequentibus
959 1078 1026 1135 ruit.
1056 1073 1122 1135 Non

113 1167 191 1225 enim
205 1162 320 1222 videtur
335 1164 363 1220 in
379 1159 512 1237 negando
528 1160 696 1218 mentiturus
712 1158 821 1234 luisse,
844 1161 898 1219 nisi
921 1159 1121 1238 desperasset,

116 1249 144 1309 id
160 1265 251 1326 posse
267 1244 394 1319 delendi,
412 1246 436 1302 si
453 1242 650 1303 confiteretur.

199 1329 384 1390 Firmissimis
398 1336 631 1404 argumentorum
648 1325 770 1403 singulis
782 1324 953 1401 instandum,
966 1326 1121 1386 infirmiora
1134 1334 1151 1388 4

114 1412 323 1492 congreganda
339 1421 419 1478 sunt;
446 1413 512 1488 quia
533 1411 583 1471 illa
605 1429 659 1489 per
680 1429 713 1469 se
737 1411 824 1470 fortia
845 1426 903 1468 non
925 1419 1043 1488 oportet
1066 1413 1121 1470 cir·

114 1497 323 1559 cumstantibus
340 1495 510 1569 obscurare,
529 1503 570 1570 ut,
589 1495 685 1573 qualia
699 1503 774 1571 sunt,
792 1502 961 1572 appareant,
979 1494 1054 1555 haec
1070 1495 1120 1553 im·

113 1581 224 1643 becilla
239 1589 339 1641 natura
354 1588 451 1639 mutuo
468 1578 575 1639 auxilio
595 1580 781 1638 sustinentur.
812 1578 914 1656 Itaque
936 1580 961 1637 si
978 1596 1036 1638 non
1052 1596 1119 1658 pos·
1134 1586 1151 1639 5

114 1675 182 1726 sunt
196 1665 308 1738 valere,
325 1665 391 1741 qnia
412 1681 514 1739 magna
530 1664 595 1738 sint,
612 1662 760 1738 valebunt,
781 1664 847 1741 quia
863 1663 951 1723 multa
967 1672 1047 1731 sunt;
1068 1665 1121 1723 uti·

115 1768 173 1828 qne
192 1766 264 1809 vero
283 1748 318 1808 ad
342 1747 471 1807 eiusdem
494 1749 538 1807 rei
553 1746 756 1825 probationem
777 1748 871 1808 omnia
893 1757 1036 1825 spectant.
1072 1747 1121 1821 Ut,

114 1835 139 1893 si
156 1836 220 1912 quis
236 1832 405 1893 hereditatis
425 1832 518 1908 gratia
540 1830 683 1891 hominem
700 1830 846 1891 occidisse
870 1830 999 1892 dicatur:
1026 1828 1122 1893 Here-

114 1919 242 1979 ditatem
257 1917 411 1996 specubus
428 1924 456 1976 et
475 1933 619 1993 mapuum
634 1916 850 1990 hereditatem,
869 1923 898 1975 et
909 1933 1035 1995 pauper
1049 1936 1123 1977 erus

115 2010 144 2066 ct
159 2010 223 2063 uum
236 2002 370 2063 manime
391 2017 411 2059 u
426 2000 631 2060 creditoribus
652 2000 864 2078 appellabaris
870 2020 885 2067 ,·
904 2007 933 2060 et
946 2000 1123 2083 offenderes

114 2105 194 2158 eorm,
214 2086 302 2146 carius
316 2101 389 2146 erus
403 2083 502 2155 heres,
518 2092 547 2144 et
561 2091 747 2145 mutaturum
760 2084 883 2146 tubulus
894 2085 1028 2146 suetus.
1058 2085 1120 2145 Sin-

114 2169 184 2246 gula
206 2169 283 2230 levia
307 2175 372 2226 sunt
395 2176 424 2226 et
439 2169 615 2241 communia,
638 2170 772 2227 universa
791 2183 864 2226 vero
886 2166 985 2228 valent
1007 2169 1119 2229 etiamsi

114 2270 173 2317 non
189 2262 220 2312 ut
235 2252 354 2312 fulmine
367 2259 464 2311 tamen
477 2260 508 2310 ut
521 2251 670 2327 grandine.
986 2300 990 2311 .

202 2336 350 2410 Quaedam
370 2344 537 2412 argumenta
565 2351 677 2411 ponere
704 2335 773 2392 satis
796 2351 853 2393 non
880 2343 936 2410 est,
962 2335 1150 2399 adiuvandaii

114 2429 196 2481 sunt:
218 2421 373 2499 cupiditas
390 2436 488 2481 cuusu
502 2419 630 2479 sceleris
642 2417 718 2495 fuit,
741 2435 815 2494 quae
843 2419 881 2476 sit
898 2420 942 2476 vis
959 2419 1035 2487 eius:
1057 2422 1120 2497 iro,

114 2514 252 2584 quantum
273 2504 381 2563 eillciat
403 2506 431 2562 in
449 2504 548 2563 animis
566 2501 709 2561 hominnm
723 2500 790 2560 talis
806 2501 941 2569 allecum
962 2504 1002 2561 ita
1026 2511 1056 2561 et
1076 2503 1122 2563 lir-

113 2590 206 2650 miora
223 2597 305 2646 erunt
324 2589 387 2665 ipsa
402 2596 431 2646 et
449 2588 515 2665 plus
531 2585 678 2646 habebunt
694 2585 828 2661 decoris,
852 2586 876 2643 si
898 2602 956 2644 non
978 2585 1070 2645 nudos
1093 2596 1122 2646 et

112 2672 196 2733 velut
214 2689 300 2732 earne
317 2671 459 2749 spoliatos
472 2680 550 2730 artus
563 2669 751 2730 ostenderint.
782 2667 901 2729 Multum
918 2670 1004 2729 etiam
1016 2670 1118 2746 refert,
1131 2681 1148 2736 7

113 2759 139 2816 si
163 2764 333 2832 argumento
354 2757 476 2814 nitemur
499 2755 574 2828 odii,
596 2763 689 2813 utrum
711 2752 768 2813 hoo
793 2771 832 2812 ex
852 2753 958 2813 invidia
976 2755 1063 2814 sitan
1082 2773 1121 2814 ex

113 2840 217 2900 iniuria
235 2857 271 2898 an
285 2857 323 2898 ex
338 2838 459 2915 ambitu,
484 2848 568 2898 vetus
585 2856 621 2898 nu
636 2855 757 2912 norum,
783 2837 924 2898 adversus
940 2838 1120 2914 inferiorem,

112 2941 231 3002 parem,
248 2924 462 3001 superiorem,
491 2922 630 2997 alienum,
664 2922 868 3000 propinquum.
913 2923 989 2981 Suos
1014 2922 1122 2982 habent

114 3008 210 3066 omnia
226 3008 280 3066 ista
305 3016 445 3068 tractatus
462 3015 491 3067 et
511 3008 547 3067 ad
565 3006 717 3066 utilitatem
732 3007 823 3084 partis
839 3007 918 3081 eius,
944 3024 1030 3084 quam
1057 3014 1119 3065 tne-

113 3109 187 3165 mur,
206 3090 360 3150 referenda
376 3099 451 3149 sunt.
488 3089 551 3150 Neo
566 3099 661 3150 tamen
678 3089 808 3149 omnibus
825 3108 957 3168 semper,
983 3107 1058 3168 quae
1078 3092 1149 3155 ine

114 3174 291 3250 venerimus,
307 3176 482 3251 argumentis
499 3174 662 3234 onerandus
679 3183 724 3233 est
739 3174 843 3251 iudex,
868 3176 933 3252 quia
949 3183 979 3233 et
995 3174 1122 3234 taedium

112 3258 239 3318 afferunt
255 3266 285 3316 et
298 3257 384 3317 fidem
399 3258 560 3319 detrahunt.
599 3257 703 3337 Neque
729 3259 803 3319 enim
827 3266 926 3336 potest
947 3258 1035 3319 iudex
1057 3277 1120 3318 ore·

112 3342 188 3402 dere
217 3344 287 3401 satis
315 3361 382 3402 esse
412 3360 446 3402 ea
469 3345 615 3420 potentia,
647 3360 722 3420 quae
749 3358 808 3401 non
829 3351 960 3421 putamus
984 3342 1040 3421 ipsi
1061 3343 1119 3402 sul·

113 3426 207 3488 ficere
237 3427 285 3504 qui
313 3426 444 3486 diximus.
495 3425 528 3486 ln
561 3426 649 3487 rebus
679 3443 752 3486 vero
788 3427 897 3504 apertis
926 3425 1120 3505 argumentari
