2566 4026
347 185 785 254 msn.onxnon.n1u.V,1s.
1001 177 1061 240 245

64 349 159 417 cerel,
182 343 211 402 si
230 342 275 401 uti
295 341 356 402 illis
369 342 451 403 nollo
463 348 556 421 poeto
572 341 696 417 liceret,
721 341 778 402 lroc
799 361 837 402 ex
851 345 963 405 ratione
981 354 1011 405 et
1025 347 1066 405 in·

64 425 194 485 tentione
211 425 364 484 connexio.

148 506 222 567 Huic
237 509 340 585 generi
355 507 534 584 probationis
556 507 647 567 tribus
669 510 887 569 occurritur
906 512 1016 587 modis,
1039 514 1108 579 idio

63 600 109 651 est
124 609 179 670 per
204 608 303 650 omnes
325 599 434 668 partes.
471 590 529 649 Aut
550 592 624 650 enim
650 600 850 669 expugnantur
870 595 990 654 intentio
1018 607 1066 656 aut

62 676 221 752 assumptio
238 684 285 734 aut
301 674 451 734 conclusio
467 691 668 753 nonnunquam
689 678 798 751 omnia,
816 676 868 736 sed
883 679 976 738 omnia
992 678 1069 757 haec¹
1163 670 1168 679 ’

62 758 117 818 tria
131 766 206 817 sunt.
239 756 363 817 Intentio
386 767 583 835 expugnatur:
604 756 679 819 lure
697 759 800 820 occidi
820 780 905 837 cum,
924 764 976 839 qui
989 764 1064 822 insi-

61 841 167 903 diatus
185 843 234 902 sii.
268 840 340 900 Nam
361 843 452 918 prima
475 843 570 901 statim
587 844 719 919 quaestio
741 860 795 919 pro
811 843 921 904 Milone
938 854 1000 922 est,
1023 864 1065 907 ore

59 925 90 986 ei
109 924 164 1003 fac
183 927 223 986 sit
239 925 339 986 lucem
352 927 481 1001 intueri,
505 927 556 1002 qui
576 942 598 984 a
617 944 651 984 se
670 925 820 989 hominem
839 937 983 989 occatum
998 948 1065 990 esse

56 1007 208 1086 fulcitur.
238 1006 431 1087 Expugnatur
447 1009 605 1086 assumptio
622 1007 752 1068 omnibus
768 1010 820 1084 iis,
839 1028 913 1089 quae
930 1012 966 1070 de
988 1011 1107 1078 rein-21

58 1092 169 1152 tatione
184 1091 315 1152 diximus.
346 1090 384 1151 Et
398 1094 472 1151 ratio
489 1092 603 1170 quidem
617 1108 819 1170 nonnunquam
838 1102 882 1153 est
897 1112 984 1169 vera,
1002 1113 1066 1156 oum

58 1175 120 1235 eius
143 1177 307 1253 propositio
337 1192 409 1234 vera
438 1191 496 1234 non
521 1177 571 1244 sit;
600 1177 712 1235 interim
739 1194 828 1236 verae
855 1179 1064 1256 propositionis

58 1257 132 1322 falsa
147 1260 221 1318 ratio
239 1267 293 1318 est.
328 1256 432 1321 Virtus
447 1260 556 1321 bonum
576 1268 635 1335 est,
656 1277 756 1318 verum
776 1269 835 1329 est;
859 1261 883 1319 si
898 1263 961 1340 quis
976 1264 1063 1321 ratio·

57 1358 122 1401 nem
139 1341 288 1417 subiiciat,
312 1345 394 1419 quod
408 1362 447 1404 ea
460 1344 626 1421 locupletes
644 1344 763 1421 faciat:
784 1360 872 1403 verae
897 1346 1063 1404 intentionis

56 1424 132 1485 lalsa
148 1427 186 1484 sit
201 1427 285 1486 ratio.
320 1423 478 1486 Conclusio
496 1436 591 1486 autem
603 1435 651 1486 aut
665 1443 737 1485 vera
755 1436 888 1503 negatur,
907 1446 971 1487 cum
987 1428 1105 1495 aliudna

57 1507 172 1584 colligit
196 1526 280 1587 quam
302 1510 346 1584 id,
373 1511 451 1589 quod
473 1529 510 1570 ex
529 1509 673 1588 prioribus
697 1510 836 1579 elicitum
862 1520 909 1570 aut
931 1511 1001 1571 nihil
1028 1512 1063 1572 ad

57 1593 259 1670 quaestionem
275 1592 378 1652 dicitur
395 1597 552 1671 pertinere.
587 1592 653 1654 Non
669 1603 714 1654 est
728 1612 803 1654 vera
818 1596 877 1654 sic:
893 1593 1064 1657 insidiator

56 1676 125 1737 istro
139 1678 292 1739 occiditur
296 1699 310 1749 ,·
324 1695 397 1738 nom
418 1680 469 1755 qoi
489 1679 627 1755 curavit,
642 1686 675 1739 ut
690 1679 751 1739 cim
766 1678 895 1821 ogerret
910 1686 944 1740 ot
957 1680 1062 1756 hostis,

58 1759 147 1825 debet
161 1764 252 1824 etiam
266 1763 375 1840 repelli
394 1772 427 1823 ot
442 1763 554 1831 hostin
577 1770 663 1823 recte
676 1764 772 1841 igitur
812 1763 913 1823 lodice
924 1771 957 1823 ol
970 1763 1063 1824 lrostis

57 1847 178 1908 coerce
194 1855 257 1916 sit;
284 1863 341 1906 non
356 1847 466 1924 ntique,
490 1846 614 1906 noudum
630 1847 704 1905 enim
721 1846 851 1906 Clodium
865 1846 1062 1906 insidiatorem

58 1929 244 1990 ostendimus.
278 1930 337 1990 Sed
359 1930 390 1989 iit
404 1948 475 1989 vera
495 1932 656 1990 connexio:
681 1929 775 1992 Recte
789 1931 883 2009 igitur
897 1932 1062 1992 insidiator

56 2022 88 2075 ot
100 2014 198 2076 lrostis
212 2014 385 2082 ecoidtrcr,·
407 2013 477 2073 nihil
493 2015 528 2074 ad
543 2031 608 2089 nos,
625 2014 749 2073 nondum
765 2015 840 2073 eninr
856 2011 978 2073 Clodius
993 2015 1060 2073 insi·

57 2096 151 2157 dictor
167 2108 297 2175 apparet.
329 2098 388 2156 Sed
404 2106 434 2157 ut
451 2106 550 2175 potest
564 2115 635 2157 vera
653 2115 720 2156 esse
742 2098 863 2156 intentio
884 2106 913 2157 et
938 2099 1010 2157 ratio
1034 2104 1104 2158 etti

57 2188 151 2241 tamen
166 2181 242 2241 falsa
260 2183 419 2241 connexio:
438 2183 487 2258 ita,
504 2184 528 2240 si
539 2182 589 2241 illa
601 2181 675 2240 falsa
688 2190 765 2255 sunt,
781 2198 923 2259 nunquam
935 2189 980 2241 est
991 2198 1061 2241 vera

57 2281 212 2325 connexio.

139 2346 329 2423 Enthymema
351 2349 386 2408 ab
414 2348 478 2408 aliis
503 2349 646 2408 oratorius
667 2345 916 2422 syllogismus
939 2345 975 2406 alr
997 2346 1104 2408 allisit

57 2449 125 2509 pars
148 2432 252 2492 dicitur
273 2431 451 2508 syllogismi,
472 2439 630 2509 propterea
649 2429 727 2507 quod
749 2428 938 2506 syllogismus
961 2430 1061 2507 utique

57 2515 275 2576 conclusionem
297 2524 326 2574 et
348 2517 577 2594 propositionem
598 2513 686 2574 habet
712 2522 743 2572 et
766 2531 822 2591 per
845 2529 945 2571 omnes
962 2520 1060 2588 partes

57 2598 163 2673 eflicit,
188 2599 265 2677 quod
287 2600 456 2677 proposuit,
481 2599 660 2674 enthymema
683 2606 791 2657 tantum
812 2596 921 2656 intenta
937 2594 1061 2671 intelligi

41 2690 222 2743 contentum
238 2684 284 2742 sit.
311 2682 505 2760 Syllogismus
518 2682 599 2742 talis:
618 2680 843 2743 solumbonum
856 2679 970 2755 virtus,
988 2687 1101 2740 onmis

54 2766 87 2827 id
109 2766 232 2828 demum
256 2767 366 2827 bonum
388 2774 448 2842 cst,
470 2780 529 2843 quo
552 2784 640 2827 nemo
661 2765 741 2827 molo
755 2765 800 2826 oti
813 2771 930 2842 poteru-
949 2763 1061 2823 oirtoie

55 2867 142 2912 censo
158 2850 239 2910 mole
252 2851 421 2927 usipetes,
445 2849 554 2911 bouum
575 2856 620 2910 est
640 2864 714 2927 ergo
732 2850 840 2910 virtus.
872 2843 1060 2921 Enthymema

57 2950 93 2993 ex
109 2932 373 3011 consequentibus:
397 2931 516 2994 Bonum
531 2941 576 2996 cst
590 2933 704 3008 virtus,
728 2946 790 3009 qua
808 2947 896 2990 nemo
916 2930 997 2990 mole
1016 2930 1061 2989 cti

55 3024 174 3095 potest,·
198 3026 227 3076 et
243 3025 362 3093 contra,
384 3014 451 3079 Noa
473 3023 518 3077 est
538 3017 648 3078 bonum
660 3017 816 3095 pecuaria,-
836 3032 898 3075 ooo
914 3013 995 3075 enim
1010 3013 1059 3074 bo

56 3119 143 3178 com,
174 3116 233 3179 quo
260 3102 389 3179 quisquc
412 3101 492 3161 mole
512 3101 558 3161 oti
579 3107 696 3180 potest;
722 3099 856 3178 poeonia
872 3092 973 3177 potest
992 3098 1061 3175 quis

58 3185 213 3260 molesti,
234 3203 294 3246 noo
317 3185 412 3264 igitur
433 3184 542 3245 bonum
565 3192 610 3245 est
625 3183 773 3261 pecunia.
815 3179 1002 3256 Enthymenra
1024 3198 1062 3240 ex

58 3269 267 3346 pugnantibus:
291 3265 340 3329 dn
361 3270 469 3330 docum
493 3276 539 3329 esi
558 3267 708 3347 pecuaria,
737 3281 798 3344 quo
824 3265 953 3342 quisque
983 3266 1063 3327 mole

59 3354 102 3414 uti
117 3354 238 3433 potest?
275 3351 311 3413 Si
331 3353 481 3432 pecunia,
499 3366 579 3429 quoe
599 3358 644 3413 est
657 3351 691 3412 io
705 3357 834 3429 argento
846 3348 981 3427 doceto,
1008 3357 1105 3410 ‹rr-26

60 3444 180 3514 pentum
198 3445 262 3498 cst:
278 3438 331 3514 qui
345 3442 505 3515 arpentum
516 3453 602 3496 omne
613 3434 735 3515 legarit,
751 3439 780 3494 ci
788 3433 964 3513 pecuniam,
981 3446 1062 3511 quoe
