2566 4026
398 151 488 200 msr.
506 151 656 202 oasroa.
673 153 742 201 mn.
758 154 796 221 r,
813 153 837 205 1.
1060 141 1118 204 191

501 416 680 482 erana
706 392 748 482 r.

116 547 193 599 Libro
210 546 298 610 quinto
315 546 379 597 haec
393 549 564 598 continentur:
586 548 624 599 De
638 547 831 614 probationibus
846 545 1060 603 inartificialibus.
1081 550 1120 602 De

149 616 324 682 praeiudiciis.
345 615 383 666 De
393 631 502 667 rumore.
520 617 558 667 De
568 618 709 668 tormentis.
730 615 881 668 Detabulis.
900 615 937 666 Dc
946 616 1118 672 iureiurando.

149 685 314 737 Detestibus.
345 685 383 736 De
397 686 546 751 probatione
565 686 701 740 artificiali.
734 686 876 752 Designis.
905 686 943 737 De
954 688 1119 752 argumentis.

150 755 188 804 De
206 754 341 820 exemplis.
383 754 421 804 De
439 770 488 805 usu
510 763 723 821 argumentorum.
765 755 804 805 De
824 754 985 809 refutatione.
1023 756 1120 816 Quibus

149 831 247 874 constet
261 823 427 889 epichirema.
468 826 499 875 Et
516 825 608 888 quibus
622 825 754 876 refellatur
767 825 861 878 modis.
899 824 937 875 De
953 841 1003 876 usu
1022 825 1120 891 epichi-

150 899 260 944 rematos
277 900 301 942 et
320 893 532 957 enthymematos.

294 1044 337 1093 Dll
352 1043 614 1096 PROBATIONIBUS
630 1044 938 1099 INARTIFIGIALIBUS.

199 1115 448 1206 Prooemium.
485 1140 612 1202 Fuerunt
628 1152 657 1203 et
675 1143 747 1203 clari
764 1143 880 1220 quidem
895 1152 1041 1220 auctores,
1058 1144 1119 1222 qui·

114 1225 169 1288 bus
189 1225 284 1288 solum
299 1227 448 1285 videretur
465 1229 589 1287 oratoris
606 1227 732 1286 cilicium
748 1227 871 1296 docere;
893 1245 1016 1306 namque
1032 1235 1062 1286 et
1077 1226 1119 1287 al·

114 1309 211 1372 lectus
233 1309 340 1388 duplici
361 1311 473 1370 ratione
503 1310 702 1372 excludendos
728 1310 881 1390 putabant,
911 1313 1030 1389 primum
1053 1313 1119 1388 quia

114 1397 213 1455 vitium
229 1403 308 1454 esset
323 1395 413 1453 omnis
436 1397 519 1454 animi
534 1394 731 1474 perturbatio,
752 1394 857 1454 deinde
878 1396 944 1472 quia
964 1394 1119 1454 iudicema

115 1480 239 1539 veritate
256 1477 328 1556 pelli
343 1479 553 1555 misericordia,
571 1481 664 1556 gratia
675 1478 874 1557 similibusque
886 1496 943 1538 non
956 1486 1118 1557 oporteret,

117 1573 146 1622 et
162 1562 341 1641 voluptatem
357 1562 530 1622 audientium
542 1572 656 1641 petere,
674 1581 737 1622 cum
750 1563 884 1622 vincendi
901 1572 1008 1622 tantum
1026 1560 1119 1639 gratia

114 1646 278 1721 diceretur,
301 1662 358 1703 non
374 1647 460 1706 modo
476 1649 574 1724 agenti
593 1665 805 1725 supervacuum
820 1647 873 1706 sed
891 1648 940 1706 vix
956 1648 1041 1707 etiam
1054 1647 1118 1704 viro

116 1729 232 1806 dignum
251 1728 475 1800 arbitrabantur;
499 1731 599 1809 plures
614 1748 704 1806 vcro,
728 1733 777 1808 qui
792 1748 848 1790 nec
866 1729 902 1789 ab
917 1731 975 1790 illis
990 1733 1053 1789 sine
1069 1730 1147 1789 dut

115 1813 164 1872 bio
181 1812 309 1892 partibus
329 1815 470 1873 rationem
495 1815 595 1875 orandi
611 1823 840 1891 summoverent,
865 1814 922 1875 hoc
938 1824 1032 1874 tamen
1052 1830 1119 1893 pro·

115 1899 208 1975 prium
224 1907 311 1975 atque
327 1900 515 1976 praecipuum
529 1899 684 1958 crederent
704 1917 794 1978 opus,
816 1917 868 1958 sua
889 1899 1060 1958 confirmare
1078 1905 1118 1971 et,

116 1998 191 2059 quae
208 2000 246 2041 ex
259 1982 383 2041 adverso
398 1992 642 2060 proponerentur,
658 1983 796 2043 refutare.
830 1982 1045 2061 Utrumounque
1062 1985 1146 2055 est,3

116 2065 229 2143 (neque
247 2067 321 2124 enirn
343 2065 400 2124 boc
416 2066 483 2126 loco
499 2085 591 2127 meam
608 2069 762 2145 interpono
779 2068 971 2146 seutentiam)
993 2066 1040 2126 bic
1064 2066 1118 2126 erit

115 2148 191 2208 liber
210 2149 326 2209 illorum
344 2151 480 2227 opinione
502 2153 623 2211 maxime
643 2154 846 2228 necessarius,
874 2153 944 2230 quia¹
961 2160 1023 2210 toto
1046 2150 1119 2210 haec

116 2233 181 2292 sola
200 2242 371 2301 tractantur;
391 2234 493 2311 quibus
510 2253 579 2295 sane
596 2244 625 2294 et
641 2254 691 2310 ea,
709 2254 783 2314 quae
800 2236 836 2296 de
852 2235 1034 2295 iudicialibus
1052 2250 1117 2295 cau·

115 2318 156 2376 sis
179 2317 332 2376 iamdicta
354 2327 433 2394 sunt,
455 2320 593 2378 serviunt.
640 2319 711 2379 Nam
732 2338 827 2398 neque
854 2320 997 2397 prooemii
1022 2323 1148 2395 nequet

114 2402 286 2460 narrationis
309 2409 355 2460 est
370 2401 443 2460 alius
458 2420 544 2478 usus,
569 2420 652 2480 quam
669 2412 700 2462 ut
709 2404 832 2463 iudicem
845 2403 913 2463 huic
928 2409 1117 2482 praeparent;

116 2493 145 2544 et
166 2494 257 2545 status
280 2502 368 2544 nosse
388 2494 475 2563 atque
497 2505 547 2562 ea,
572 2488 609 2546 de
631 2485 733 2564 quibus
758 2504 845 2566 supra
869 2489 1055 2566 scripsimus,
1076 2486 1117 2543 in·

116 2571 205 2644 tueri,
228 2586 439 2647 supervacuum
459 2571 552 2644 foret,
576 2571 631 2629 nisi
652 2569 687 2630 ad
702 2570 776 2630 hanc
792 2573 1021 2649 perveniremus.
1057 2568 1146 2628 De·5

115 2654 202 2729 nique
221 2670 258 2711 ex
281 2655 422 2730 quinque,
447 2671 518 2731 quas
541 2653 683 2714 iudicialis
708 2656 846 2714 materiae
866 2655 1004 2731 fecimus,
1029 2655 1116 2733 parti·

115 2733 179 2811 bus,
198 2753 388 2814 quaecunque
405 2736 461 2797 alia
477 2747 575 2815 potest
589 2737 743 2816 aliquando
756 2741 923 2799 neccssaria
939 2756 1045 2799 causae
1060 2755 1117 2798 non

116 2837 201 2887 essc3
227 2820 263 2880 lis
284 2821 361 2880 nulla
383 2831 446 2896 est,
469 2824 514 2881 cui
534 2821 757 2899 probatione
782 2840 856 2901 opus
878 2841 935 2882 nou
957 2823 1003 2881 sit.
1046 2822 1116 2882 Eius

115 2913 275 2981 praecepta
290 2905 334 2962 sic
350 2907 456 2981 optime
472 2905 591 2965 divisuri
605 2906 745 2982 videmur,
763 2915 794 2965 ut
805 2907 896 2985 prius,
913 2907 1027 2984 quaein
1040 2923 1115 2966 com·

114 3004 198 3045 mune
220 2988 255 3046 ad
282 3005 382 3047 omnes
401 2990 587 3065 quaestiones
602 2991 763 3068 pertinent,
780 2990 978 3058 ostendamus;
1000 2989 1115 3064 deinde,

116 3086 190 3147 quae
205 3073 234 3130 in
248 3089 364 3149 quoque
381 3089 486 3132 causae
503 3091 613 3149 genere
630 3075 749 3153 propria
764 3076 830 3150 sint,
847 3091 1033 3152 exequamur.

199 3154 221 3213 l.
249 3155 295 3215 Ac
315 3157 405 3233 prima
424 3156 538 3234 quidem
556 3157 605 3217 illa
630 3159 746 3236 partitio
772 3157 807 3218 ab
830 3157 991 3217 Aristotele
1014 3157 1116 3218 tradita

115 3255 289 3298 consensum
304 3240 367 3298 fere
384 3241 507 3298 omnium
526 3244 637 3318 meruit,
654 3241 726 3301 alias
745 3259 812 3301 csse
827 3240 1026 3319 probationes,
1044 3260 1115 3320 quos

115 3332 197 3383 extra
213 3323 327 3382 dicendi
342 3326 482 3383 rationem
494 3326 642 3403 acciperet
656 3335 770 3395 orator;
787 3327 870 3400 alias,
888 3343 958 3403 quas
975 3343 1013 3384 ex
1029 3343 1116 3385 causa

114 3407 243 3468 tratreret
259 3409 322 3487 ipsc
339 3417 368 3466 et
390 3408 512 3487 quodam
530 3409 615 3469 ruodo
630 3412 774 3487 gigneret.
805 3409 934 3487 Ideoque
950 3408 1016 3469 illas
1035 3400 1086 3469 ἆτέ
1103 3444 1115 3453 -
