2566 4026
344 198 433 246 rnsn.
448 196 780 264 onnron.nrs.v,14.
998 188 1059 251 243

61 368 149 432 mam
171 351 380 428 copiosissimis
402 351 500 411 verbis
521 351 678 429 approbari
700 361 802 429 putant
817 363 968 431 oportere.
997 354 1062 416 lloc

62 451 122 513 ego
139 443 230 494 totum
246 451 310 497 cnm
328 452 379 494 sua
395 436 508 495 renone
525 452 609 493 unum
627 443 714 512 puto;
737 435 845 515 alioqui
861 438 886 495 si
900 438 975 497 ratio
992 456 1060 516 pars

62 527 128 594 est,
147 526 192 578 est
208 526 303 577 autern
319 519 398 578 varia
414 519 504 578 ratio:
521 518 621 595 plures
637 527 735 595 partes
752 536 819 579 esse
835 519 974 579 dicantur.
1004 521 1090 585 Ass

61 602 255 680 sumptionem
270 601 373 662 deinde
391 603 487 679 ponit:
516 600 601 662 Nilu'l
614 608 714 662 autem
729 604 860 663 omnium
880 623 984 665 rerum
999 623 1061 666 mc-

61 687 122 747 lr'us
135 701 227 763 petam
241 688 338 746 omnis
351 687 484 746 mundus
498 687 742 746 administrator.
779 684 869 744 lluius
891 689 1061 765 assumptio·

60 770 107 829 nls
129 777 231 848 qrrarto
257 769 285 827 in
312 768 380 828 loco
403 769 459 828 iam
480 784 570 845 porro
586 769 722 829 inducunt
745 768 999 847 approbationem
1026 771 1062 831 tle

61 868 121 932 qno
137 851 213 912 idem
229 850 306 930 quod
322 869 409 929 supra
425 853 501 911 dico.
531 851 636 924 Quinto
649 851 786 912 inducunt
799 852 866 912 loco
884 853 1091 931 complexio-9

60 952 145 1010 nem,
172 952 247 1013 quae
269 943 317 994 aut
336 935 365 995 id
380 935 466 995 inient
480 935 590 1010 solum,
617 935 697 1014 quod
719 953 756 995 ex
781 935 911 996 omnihus
933 936 1062 1014 partibus

61 1019 187 1097 cogitur,
204 1017 261 1077 hoc
278 1019 382 1093 modo,
405 1015 537 1080 Conmlio
550 1021 646 1096 ipitor
660 1021 795 1080 mundus
809 1019 1063 1091 adsumatur,-

60 1111 128 1177 aut,
149 1119 235 1160 unum
256 1100 396 1161 inlocum
413 1120 476 1161 cum
492 1102 629 1162 conduxit
644 1102 773 1163 breviter
787 1102 1018 1181 propositionem
1035 1113 1064 1164 st

61 1185 299 1262 assumptionem,
318 1184 456 1263 adiungit,
473 1185 542 1264 quid
557 1202 595 1244 ex
610 1185 655 1245 lris
671 1185 851 1262 conficiatur,
869 1186 906 1246 nd
917 1186 992 1246 lrunc
1003 1204 1063 1246 mo-

61 1269 144 1329 unm:
170 1265 287 1340 Quodsi
309 1269 417 1330 melius
434 1277 600 1348 parantur,
625 1284 705 1346 qaue
726 1270 852 1331 concha
873 1284 965 1346 pesum
985 1285 1064 1348 quoe

60 1354 128 1413 sine
146 1352 272 1414 consilio
292 1353 564 1429 administrantur,
586 1352 662 1413 citit
686 1361 787 1414 autem
806 1354 938 1415 munem
960 1372 1064 1415 rerum

60 1436 171 1498 melius
187 1451 280 1514 quom
295 1437 392 1498 omnis
406 1439 538 1498 mundus
552 1437 805 1498 administratur:
826 1437 952 1498 covasilio
969 1438 1064 1516 ἱρέων

61 1520 195 1580 mundus
208 1520 451 1581 administratur.
491 1517 543 1579 Oui
558 1521 631 1598 parti
647 1520 809 1580 consentio.

145 1600 178 1661 ln
193 1602 284 1662 tribus
300 1611 406 1679 antem,
422 1621 493 1683 quas
505 1603 638 1680 lecimus,
657 1603 786 1681 partibus
808 1621 867 1663 non
887 1612 932 1664 est
949 1603 1106 1663 formalo

62 1703 181 1764 semper
198 1685 299 1746 eadem
320 1688 373 1748 sed
395 1705 480 1763 una,
503 1688 531 1746 in
549 1705 605 1767 qua
619 1687 696 1747 idem
714 1687 912 1763 concluditur,
930 1686 1007 1766 quod
1022 1688 1063 1749 iu-

63 1770 203 1830 tenditnr:
226 1766 339 1831 Anima
352 1771 535 1833 immortalis
549 1780 603 1833 cst.
633 1769 713 1831 Nam
726 1772 878 1849 quidquid
891 1789 931 1832 ec
952 1789 986 1831 se
997 1772 1065 1850 ipso

61 1859 208 1928 movetur,
223 1854 393 1915 immortale
407 1862 471 1923 σείς
490 1857 593 1916 anima
608 1864 710 1916 cutem
725 1873 765 1917 ea>
779 1874 813 1916 sc
832 1856 903 1934 ipso
916 1863 1063 1931 movetur,

61 1937 242 1998 immortalis
261 1938 357 2014 ipitur
371 1946 416 2000 est
432 1941 548 1999 aalma.
583 1936 647 1997 Hoc
667 1938 698 1997 lit
718 1954 775 1997 non
790 1937 883 1998 solum
899 1939 927 1996 in
941 1938 1063 2014 singulis

63 2019 240 2097 argumentis
262 2019 315 2079 sed
336 2021 364 2079 in
384 2021 453 2079 totis
479 2023 590 2097 causis,
615 2038 690 2100 quus
714 2030 779 2081 sunt
798 2021 964 2100 simplices,
987 2022 1063 2080 etin

62 2101 291 2183 quaestionibus.
333 2102 405 2163 Nam
427 2113 456 2163 et
471 2104 526 2164 hac
549 2106 668 2182 primam
689 2103 795 2165 habent
815 2105 1104 2183 propositionemzll

62 2186 268 2265 Sacrtteptum
293 2190 468 2249 commisisti
472 2211 488 2258 ,·
509 2186 593 2263 Non,
619 2189 758 2265 quisquis
776 2189 923 2251 tmrticem
937 2187 1062 2263 occidit,

63 2270 173 2332 caedis
187 2278 323 2346 tenetur,
347 2269 451 2331 deinde
467 2273 622 2339 rationem;
642 2271 711 2348 (sed
727 2270 801 2331 lraec
817 2272 906 2331 estin
922 2271 1017 2331 causis
1035 2279 1063 2336 et

61 2353 236 2433 quaestione
253 2353 370 2431 longior
385 2371 468 2432 quam
483 2356 511 2414 in
533 2354 653 2431 singulis
671 2356 868 2433 argumentis)
892 2363 922 2413 et
938 2353 1062 2432 plerum·

61 2453 120 2515 que
141 2453 249 2496 summa
273 2437 492 2514 complexione,
519 2438 568 2497 vel
596 2454 649 2515 per
673 2439 916 2497 enumerationem
939 2437 988 2496 vel
1010 2455 1063 2515 per

61 2519 182 2579 brevem
210 2519 442 2596 conclusionem,
470 2530 628 2597 testantur,
652 2520 720 2599 quid
746 2521 906 2581 effecerint.
948 2519 981 2580 ln
1006 2520 1063 2580 hoc

60 2620 174 2681 genere
189 2604 352 2681 propositio
369 2604 453 2664 dubia
470 2613 525 2680 est,
542 2605 579 2665 de
590 2604 644 2664 hac
658 2606 732 2663 enim
744 2606 901 2683 quaeritur.
932 2602 1105 2666 Alteram

61 2695 108 2747 est
130 2686 297 2764 complexio
320 2703 376 2746 non
399 2704 452 2765 par
476 2689 625 2747 intentioni
648 2688 701 2748 sed
724 2688 783 2747 rim
809 2687 920 2747 hahens
947 2704 1063 2764 parem:

60 2767 148 2832 llors
161 2771 239 2832 sitit
258 2772 302 2831 ad
315 2789 384 2846 nos,
400 2789 471 2832 nam
485 2773 567 2849 quod
580 2779 625 2832 est
644 2772 833 2847 dissolutum,
849 2788 941 2831 sensu
959 2778 1064 2840 caret,·

62 2855 146 2932 pacod
160 2862 261 2914 autem
275 2872 367 2915 sensu
386 2863 484 2930 caret,
504 2855 581 2915 mitt
590 2856 635 2915 od
647 2873 711 2916 nos.
742 2852 774 2913 ln
789 2853 866 2914 nlio
880 2871 992 2931 genere
1007 2870 1064 2912 non

62 2937 165 2999 eadem
180 2938 343 3016 propositio
361 2946 406 2997 est
421 2955 497 3016 quae
512 2939 672 2998 connexio:
696 2934 804 2999 θωηὲα
832 2938 981 2999 cumcun
1001 2956 1063 2998 me-

61 3021 142 3084 liora
155 3029 227 3082 sunt
246 3035 339 3098 quum
360 3022 513 3097 inanima,
540 3022 616 3082 nihil
640 3027 741 3081 autem
761 3022 867 3083 melius
882 3029 927 3082 est
940 3020 1064 3093 muodo,

61 3105 197 3166 mundus
216 3105 311 3183 ipilur
332 3106 455 3165 animal.
497 3102 551 3164 llic
572 3111 671 3182 potest
690 3102 782 3163 videri
803 3104 840 3165 de
855 3122 888 3164 re
905 3102 1062 3164 contentio.

62 3187 157 3248 Potuit
173 3189 247 3246 enim
270 3189 313 3246 sic
335 3189 469 3247 constitui
487 3187 686 3247 ratiocinatio:
712 3183 836 3249 Animal
854 3196 900 3250 est
921 3187 1063 3262 mundus,

61 3274 164 3334 omnia
185 3272 263 3333 enim
279 3271 428 3332 cromatia
448 3271 576 3333 meliora
599 3278 669 3331 sunt
690 3285 783 3348 quom
801 3272 938 3332 manime
966 3279 995 3331 et
1015 3287 1063 3329 ce·

62 3364 134 3416 tera.
172 3353 254 3414 llaec
268 3355 432 3432 propositio
448 3363 496 3414 aut
513 3353 649 3414 confessa
663 3362 708 3412 est
727 3361 760 3412 ut
776 3354 917 3431 proxima,
934 3362 982 3413 aut
996 3357 1105 3432 pro-13

62 3437 156 3501 banda
179 3447 225 3515 ut,
258 3435 319 3512 Qui
339 3438 463 3499 beatam
483 3439 576 3499 citam
602 3438 705 3499 vivere
724 3438 819 3515 colet,
839 3436 1065 3580 pipipswmtur
