2566 4026
156 193 194 241 lv
573 191 781 242 PRAEFATIO.

154 359 252 425 quarto
265 353 452 427 negligentius
465 352 585 424 scriptus
598 351 651 408 sed
664 351 811 424 diligenter
827 360 854 409 et
864 354 1051 428 intelligenter
1062 364 1202 416 correctus

153 457 206 508 est.
231 452 258 508 A
270 451 365 524 quinto
378 452 449 507 libro
461 458 580 524 augetur
592 454 654 524 ejus
668 454 834 522 auotoritas,
855 471 909 526 quo
921 458 1012 529 magis
1025 457 1204 516 Ambrosiani

154 552 308 622 decrescit,
320 553 367 624 qui
378 552 529 624 praecipue
542 553 650 609 lacunis
662 554 790 608 laborare
803 553 905 623 coepit.
948 553 1030 609 Libro
1047 557 1165 626 septimo
1179 562 1205 610 et

153 655 253 706 octavo
278 650 424 705 confirmat
442 651 502 706 lere
526 667 637 723 semper
654 650 834 706 Ambrosiaul
856 650 1024 722 scripturam
1044 659 1204 708 contextum

153 763 240 819 saepe
253 747 357 819 optimc
376 746 587 814 emendantem,
612 752 694 818 atque
714 747 789 803 unde
808 765 882 804 nono
900 751 970 806 libro
984 754 1060 823 (cap.
1072 757 1098 808 4.
1112 759 1127 819 S
1139 754 1203 820 135)

150 845 284 918 princeps
296 847 342 901 ille
354 845 485 902 codicum
495 846 682 902 Fabianorum
702 846 815 902 omuino
828 846 950 905 deficere
969 852 1073 921 coepit,
1095 851 1204 922 praeci·

150 962 206 1018 pue
231 946 307 1001 volet
336 947 485 1002 auctoritas
510 961 610 1000 marrus
632 944 806 1002 emendantis
829 947 1069 1020 Bambergensem
1090 949 1204 1019 librarii,

152 1047 199 1119 qui
209 1047 458 1102 luculentissimam
469 1060 552 1117 opem
572 1045 624 1099 lert
641 1044 670 1098 in
687 1050 766 1116 parte
784 1045 844 1101 libri
859 1044 1018 1102 duodecimi
1036 1047 1202 1117 posteriorc.

153 1144 265 1200 Codicis
276 1160 361 1201 mser.
373 1144 462 1199 instar
473 1141 550 1199 haud
561 1141 660 1213 paucis
672 1142 743 1198 locis
755 1149 814 1199 erut
826 1143 894 1199 mihi
908 1143 937 1200 C.
945 1145 1010 1200 Julii
1022 1143 1144 1200 Victoris
1153 1144 1203 1199 'ars

151 1242 291 1298 rhetorica
308 1243 342 1298 ab
356 1240 437 1313 Casp.
451 1241 555 1298 Orellio
573 1241 602 1295 in
618 1241 762 1296 volumine
777 1241 808 1296 V.
821 1258 936 1315 operum
947 1243 984 1300 M.
997 1241 1078 1297 Tullii
1092 1241 1203 1298 Cicero·

33 1343 37 1351 '
151 1343 194 1398 nis
208 1340 296 1409 edita,
316 1342 345 1395 in
357 1357 413 1413 que
423 1341 502 1397 haud
516 1339 599 1412 pauci
616 1341 670 1396 loci
684 1340 845 1409 Quintiliani
860 1348 906 1398 aut
920 1341 1022 1414 integri
1040 1346 1086 1396 aut
1104 1341 1202 1396 leviter

152 1440 247 1494 mutati
259 1439 398 1511 leguntur.

234 1537 288 1594 Ubi
301 1537 369 1594 mihi
379 1537 424 1593 his
443 1538 555 1595 auxiliis
567 1538 661 1610 adjuto
678 1539 707 1593 in
719 1553 782 1593 mea
793 1537 993 1593 emendatione
1011 1540 1203 1611 aZumptiana

152 1636 356 1694 discedendum
371 1635 534 1705 videbatur,
552 1653 678 1710 quaeque
693 1637 854 1706 conjectura
866 1634 1043 1691 emendanda
1058 1651 1122 1692 esse
1136 1653 1201 1691 cen·

153 1735 211 1804 sui,
229 1735 300 1792 haec
318 1737 411 1791 omnia
430 1737 459 1790 in
479 1736 581 1793 criticis
604 1734 896 1793 animadversionibus
920 1734 991 1789 inira
1010 1732 1127 1804 adjectis
1141 1736 1204 1789 bre

156 1835 225 1890 viter
237 1836 379 1892 annotavi.

237 1932 362 1988 Berolini
376 1949 474 1989 mense
485 1932 637 1989 Februario
651 1929 841 1988 MDCCCLIV.
860 1874 875 1895 ⁸

878 2029 923 2083 E.
944 2028 1115 2084 Bouucll.

574 2161 776 2170 -——-—-

579 2268 725 2324 LIBER
762 2270 782 2327 l.

242 2367 477 2423 Prooemium.
528 2372 555 2426 3.
580 2368 716 2439 pleniore.
745 2366 828 2423 Codd.
852 2371 930 2426 ναίω
958 2364 989 2420 Ζ.
1010 2363 1139 2435 pleniori.
1163 2395 1205 2405 --

151 2454 178 2509 6.
190 2465 357 2522 quamquam
378 2451 440 2507 siut.
465 2450 549 2509 Oodd.
561 2456 626 2524 eptt.
635 2473 644 2514 ,·
661 2450 692 2507 Z.
709 2467 735 2523 q.
749 2457 822 2506 sunt.
838 2478 881 2490 -
902 2453 945 2507 24.
965 2464 1078 2516 sucum,
1091 2448 1206 2512 Bomb.,·

152 2532 184 2589 Z.
196 2550 320 2590 succum.

238 2616 317 2689 Cap.
329 2619 351 2676 I.
395 2622 422 2677 3.
441 2618 493 2675 sed
507 2621 570 2690 plus
588 2618 699 2674 ellicict.
715 2616 855 2675 Bombc.
868 2610 932 2686 opti.
943 2615 1041 2676 Codd.;
1062 2613 1092 2667 Z.
1106 2614 1157 2667 sed
1176 2620 1204 2669 ut

154 2702 217 2773 plus
232 2701 344 2758 alliciat.
363 2733 399 2742 -
422 2706 448 2761 6.
461 2707 488 2757 et
500 2704 597 2758 Laelia
616 2701 645 2758 (l.
661 2701 728 2756 filia.
754 2701 788 2754 de
805 2699 881 2768 coaJ.
898 2697 1023 2768 Meyeri;
1046 2695 1112 2750 Tur.
1129 2697 1202 2751 Flor.

153 2776 230 2840 Lelia
241 2785 316 2855 lilia;
334 2786 366 2842 Z.
378 2803 430 2841 om.
445 2785 473 2841 C.
486 2786 552 2840 filia.
564 2815 600 2825 -
615 2784 779 2839 Hortensiae
792 2782 824 2849 Q.
837 2780 914 2835 filiae
926 2780 1025 2836 oratio.
1048 2777 1095 2837 Sic
1105 2778 1204 2852 Meyer

154 2868 232 2923 codd.
246 2875 311 2940 optt.
329 2871 497 2942 romptorum
514 2875 638 2935 secutum
661 2866 691 2922 Z.
707 2874 736 2921 ct
754 2865 785 2933 Q.
805 2863 944 2919 Hortensii
960 2863 1043 2919 liliac.
1060 2892 1097 2904 -
1122 2868 1149 2922 8.
1161 2871 1205 2920 est

155 2953 245 3022 pejus.
269 2953 367 3008 Bomb.
386 2969 411 3008 c.
423 2952 595 3014 coridonem:
616 2951 648 3006 Z.
665 2952 746 3022 pejus
768 2955 818 3005 est.
833 2977 869 2990 ·-
903 2949 1040 3019 partibus.
1061 2947 1161 3003 Bamb.
1179 2964 1204 3004 c.

154 3041 220 3106 optl.
237 3035 335 3099 Codd.,·
357 3037 389 3092 Z.
405 3037 512 3108 peritis.
528 3064 571 3078 —
593 3038 635 3093 13.
655 3035 713 3089 lloc
728 3034 812 3088 enirn.
842 3031 888 3088 Sic
906 3032 1005 3094 Galim:
1026 3031 1058 3087 Z.
1078 3033 1112 3087 da
1129 3033 1203 3104 conj.

154 3118 236 3192 Rapit
255 3119 325 3175 Hinc
338 3136 383 3174 en.
396 3149 436 3160 —
459 3128 502 3180 15.
514 3119 732 3190 Aristophanen.
755 3117 855 3173 Bamb.
874 3133 899 3172 c.
916 3117 1028 3177 Turio-r
1049 3115 1080 3172 Z.
1095 3116 1204 3172 Aristo-

155 3202 278 3274 phanem
298 3233 339 3242 -
360 3210 405 3263 20.
417 3204 596 3260 noniecisse.
619 3202 753 3259 Sicetiam
765 3200 863 3257 Bamb.
886 3231 921 3240 -
945 3206 1023 3272 putet
1037 3206 1073 3254 ct.
1105 3199 1203 3255 Bamb.

157 3302 182 3342 c.
196 3288 277 3344 Codd.
289 3293 367 3350 vett.,·
391 3287 422 3343 Z.
435 3305 488 3344 om.
500 3294 536 3345 et.
548 3287 589 3327 -'-
607 3293 651 3346 21.
665 3304 716 3342 sua
729 3286 811 3341 ctiam
828 3284 937 3342 studiis.
964 3284 1081 3356 Bamb.,·
1101 3283 1133 3340 Ζ.
1152 3300 1204 3340 om.

157 3371 249 3426 etiarn.
261 3400 301 3411 -
317 3388 382 3426 mox
395 3372 456 3427 lort.
468 3371 567 3427 Bomb.
579 3361 601 3426 c.
613 3375 680 3442 opit.
689 3358 788 3433 Oodd.;
799 3369 830 3424 Z.
842 3372 926 3426 inser.
938 3368 1030 3424 etiam.
1044 3397 1080 3408 -
1093 3374 1137 3426 25.
1151 3373 1206 3424 tur-

156 3458 230 3511 bent.
254 3455 351 3511 Bomb.
364 3471 391 3536 e.
405 3455 497 3512 Turio.
511 3461 587 3519 cett.,·
608 3455 638 3510 Z.
650 3456 820 3526 perturbent.
832 3483 875 3496 -
893 3458 936 3514 28.
950 3453 1051 3525 ipsam.
1073 3452 1149 3511 Amb.
1164 3456 1206 3516 14
