2566 4026
205 181 265 242 150
521 190 885 250 m.snn.oc1nn1n1anr

202 350 274 410 Nam
291 349 451 426 scriptores
464 345 578 422 quidem
589 344 747 404 iamborum
758 347 925 425 veterisque
941 336 1111 407 comoediae
1124 349 1210 409 etiam

201 433 303 494 inillis
321 449 411 510 saepe
427 429 592 497 laudantur;
616 429 668 488 sed
690 428 773 488 nobis
796 439 926 489 nostrum
947 447 1021 510 opus
1041 431 1147 491 intueri
1165 441 1212 493 sat

202 526 257 578 est.
306 513 405 574 Omnia
425 512 531 588 verba,
554 514 686 591 exceptis
713 513 749 572 de
778 508 984 591 quibus‘dixi‚
1010 523 1075 574 suut
1103 515 1211 575 alieubi

202 603 325 680 optima:
343 616 407 658 nam
425 607 454 656 et
469 594 621 655 humilibus
638 598 752 656 interim
767 605 796 655 et
808 597 975 674 vulgaribus
988 615 1072 677 opus,
1090 608 1120 658 et
1136 617 1211 678 quae

200 683 335 744 nitidiore
357 684 385 741 in
407 689 489 759 parte
506 679 639 738 videntur
659 680 791 756 sordida,
814 679 864 740 ubi
883 700 932 741 res
953 683 1064 761 poscit,
1089 684 1211 762 proprie

161 768 342 833 todicuntur.
378 764 458 824 Haec
478 771 509 822 ut
529 764 654 823 sciamus
672 773 759 843 atque
776 781 876 823 eorum
896 783 954 824 non
969 765 1212 843 significationem

201 851 288 911 modo
305 849 358 909 sed
373 849 480 908 formas
499 847 584 906 etiam
597 865 805 927 mensurasque
822 849 965 925 norimus,
981 859 1028 926 ut,
1044 850 1211 927 ubicunque

203 943 287 996 erunt
301 934 413 1013 posita,
431 932 619 1006 conveniant,
635 933 690 991 nisi
706 932 794 991 multa
809 931 938 992 lectione
958 941 1044 1012 atquc
1063 934 1210 994 auditione

203 1018 320 1097 assequi
337 1016 417 1076 nullo
433 1015 519 1074 modo
535 1032 699 1094 possumus,
716 1034 780 1075 cum
793 1032 905 1075 omnem
917 1033 1080 1077 sermonem
1091 1016 1210 1077 auribus

203 1102 325 1181 primum
345 1101 530 1179 accipiamus.
560 1099 685 1177 Propter
697 1099 774 1176 quod
788 1099 911 1160 iniantes
924 1118 940 1160 a
955 1103 1038 1160 mutis
1051 1102 1210 1160 nutricibus

204 1188 282 1245 iussu
304 1202 406 1261 regum
427 1184 455 1241 in
474 1182 630 1242 solitudine
652 1183 796 1258 educati,⁴
811 1184 922 1242 etiamsi
949 1183 1039 1243 verba
1068 1184 1210 1263 quaedam

162 1280 194 1335 11
204 1270 336 1329 emisisse
351 1266 516 1342 traduntur,
534 1275 629 1326 tamen
644 1266 781 1343 loquendi
797 1266 935 1327 facultate
953 1269 1106 1327 caruerint.
1139 1269 1211 1328 Sunt

204 1361 298 1414 autem
314 1351 369 1411 alia
384 1350 468 1409 huius
486 1358 615 1425 naturae,
633 1359 663 1408 ut
677 1350 753 1410 idem
767 1349 897 1427 pluribus
913 1350 1035 1410 vocibus
1047 1351 1209 1427 declarent,

204 1439 242 1496 ita
256 1445 287 1495 ut
304 1434 373 1494 nihil
388 1433 617 1510 significationis,
636 1451 692 1511 quo
709 1434 805 1513 potius
820 1436 920 1510 utaris,
938 1435 1060 1510 intersit,
1079 1443 1110 1494 ut
1128 1437 1211 1497 erasis

204 1529 234 1580 et
246 1519 391 1599 pisidiam·
412 1517 468 1577 alia
482 1534 572 1593 vero,
595 1536 669 1595 quae
684 1518 795 1577 etiamsi
811 1519 929 1597 propria
940 1536 1035 1578 rerum
1051 1517 1210 1595 aliquarum

204 1605 260 1662 sint
279 1603 410 1676 nomina,
427 1604 572 1680 τροπικῶς
595 1602 702 1680 [quasi]
723 1611 818 1661 tamen
840 1601 876 1660 ad
895 1601 1016 1662 eundem
1030 1601 1210 1662 intellectum

161 1687 344 1762 lederentur,
361 1692 391 1742 ut
404 1684 523 1762 ferrum
543 1693 572 1742 et
586 1704 701 1747 mucro.
735 1684 807 1745 Nam
822 1702 877 1762 per
894 1685 1062 1746 abusionem
1076 1687 1211 1748 sicarios

204 1769 289 1829 etiam
305 1784 404 1827 omnes
425 1784 580 1843 vocamus,
603 1769 650 1845 qui
672 1769 790 1828 eaedem
811 1768 872 1828 telo
897 1786 1070 1846 quocunque
1093 1770 1208 1829 commi·

203 1853 302 1911 serint.
332 1849 397 1909 Alia
417 1851 536 1909 circuitu
547 1850 702 1910 verborum
715 1852 838 1930 plurium
856 1852 1042 1928 ostendimus,
1062 1853 1149 1932 quale
1165 1861 1210 1913 est

202 1932 243 1996 Et
255 1935 359 2013 pressi
376 1934 466 2010 copia
486 1935 586 1995 lectis.
623 1935 747 1995 Plurima
767 1952 838 1994 vero
863 1937 1019 1996 mutatione
1035 1936 1207 2012 figuramus:

202 2018 292 2095 Scio,
318 2014 387 2078 Noa
400 2018 507 2095 ippone
523 2026 552 2077 et
572 2015 640 2079 Nou
655 2038 702 2080 me
716 2019 795 2098 sepit
810 2028 839 2078 et
853 2017 922 2081 Noe
937 2039 984 2080 me
1004 2022 1158 2098 praeterit
1180 2029 1209 2080 et

160 2101 279 2176 130uis
294 2102 411 2162 nescit?
429 2109 458 2160 et
473 2098 595 2162 Nemini
609 2102 734 2163 dubium
751 2110 804 2164 est.
836 2103 896 2163 Sed
918 2104 1004 2162 etiam
1022 2121 1059 2163 ex
1075 2104 1208 2182 proximo

200 2186 322 2245 mutuari
343 2183 423 2244 libet.
468 2183 539 2244 Nam
565 2194 594 2245 et
620 2187 753 2264 intellipo
779 2193 809 2245 et
832 2189 928 2249 centio
956 2195 986 2246 et
1007 2188 1096 2248 video
1118 2204 1209 2265 saepe

200 2269 275 2329 idem
290 2269 389 2328 valent
404 2268 481 2347 quod
498 2271 572 2332 seio.
613 2268 741 2343 Quorum
764 2269 847 2329 nobis
865 2269 1027 2330 ubertatem
1043 2286 1077 2329 ac
1094 2270 1208 2330 divitias

200 2353 279 2414 dabit
294 2353 395 2428 lectio,
410 2361 440 2411 ut
456 2369 514 2412 non
531 2352 624 2412 solum
640 2353 784 2430 quomodo
800 2362 955 2413 occurrent
970 2353 1022 2413 sed
1039 2354 1124 2412 etiam
1137 2371 1208 2431 quo·

159 2436 283 2500 mnodo
300 2444 419 2515 oportet
433 2445 555 2495 utamur.
593 2435 659 2495 Non
676 2455 792 2514 semper
810 2439 884 2496 enim
904 2437 978 2497 haec
994 2438 1069 2497 inter
1083 2455 1117 2496 se
1132 2437 1208 2497 idem

200 2521 327 2588 faciunt;
346 2538 402 2578 nec
418 2520 493 2578 sicut
507 2519 543 2578 de
559 2520 709 2579 intellectu
726 2521 810 2580 animi
824 2529 906 2580 recte
923 2521 1045 2582 dixerim
1062 2521 1153 2582 video
1170 2523 1209 2581 ita

201 2604 236 2662 de
252 2603 316 2661 visu
333 2602 485 2661 oculorum
500 2604 645 2682 intellipo,
661 2622 717 2663 nec
731 2612 762 2663 ut
777 2624 883 2666 mucro
894 2605 1022 2681 gladium
1036 2605 1079 2664 sic
1094 2621 1208 2664 mucro·

159 2696 191 2749 15
199 2704 264 2745 nem
286 2687 412 2764 gladius
434 2686 569 2746 ostendit.
610 2687 669 2747 Sed
693 2696 724 2747 ut
739 2682 825 2765 copia
843 2688 999 2748 verborum
1015 2689 1058 2748 sic
1074 2697 1207 2766 paratur.

202 2772 241 2830 ita
256 2786 314 2828 non
328 2769 484 2829 verborum
500 2779 607 2829 tantum
623 2773 716 2847 gratia
731 2771 886 2848 legendum
900 2772 950 2832 vel
964 2771 1136 2832 audiendum
1152 2780 1207 2831 est.

201 2852 273 2912 Nam
295 2854 433 2928 omnium,
460 2871 650 2932 quaecunque
666 2853 822 2930 docemus,
843 2855 901 2916 boc
923 2864 989 2915 sunt
1004 2855 1140 2934 exempla
1155 2872 1207 2934 po-

201 2938 326 2997 tentiora
340 2937 425 2996 etiam
440 2938 511 3016 ipsis
528 2956 603 3017 quae
619 2938 767 2998 traduntur
783 2938 907 3014 artibus,
924 2956 988 2999 cum
1005 2955 1041 2998 eo
1060 2940 1108 3018 qui
1124 2939 1209 2999 discit

201 3021 358 3099 perductus
376 3029 437 3096 est,
459 3031 490 3080 ut
510 3022 678 3099 intelligere
701 3041 736 3082 ea
758 3024 820 3082 sine
845 3022 1059 3083 demonstrante
1080 3031 1110 3082 et
1125 3023 1209 3099 sequi

200 3106 256 3163 iam
272 3107 332 3164 suis
347 3103 456 3163 viribus
472 3107 582 3184 possit,
608 3107 689 3183 quia,
713 3124 787 3184 quae
803 3106 906 3167 doctor
922 3107 1090 3186 praecepit,
1109 3115 1210 3166 orator

200 3188 336 3247 ostendit.

159 3275 194 3332 16
283 3270 349 3331 Alia
364 3289 436 3332 vero
454 3272 621 3349 audientes,
639 3273 695 3332 alia
711 3273 845 3350 legentes
864 3275 956 3351 magis
972 3273 1116 3336 adiuvant.
1150 3272 1209 3336 Ex·

202 3353 270 3413 citat
288 3355 335 3431 qui
353 3355 422 3414 dicit
442 3357 544 3435 spiritu
558 3358 640 3436 ipso,
666 3375 721 3417 nee
736 3358 859 3435 imagine
876 3366 905 3417 et
921 3356 1027 3417 ambitu
1042 3375 1140 3419 rerum
1156 3357 1208 3418 sed

201 3435 289 3496 rebus
304 3439 439 3498 incendit.
477 3440 583 3501 Vivuut
599 3441 692 3500 omnia
705 3443 780 3500 enim
802 3450 831 3501 et
846 3450 1013 3519 moventur,
1033 3443 1209 3521 excipimus·
