2566 4026
380 168 470 217 nasu.
488 168 637 217 onuuoa.
656 169 725 216 mn.
744 170 822 235 v111‚
838 166 865 219 3.
1082 159 1123 219 55

119 319 221 384 xisse‘l
245 321 282 381 Et
298 321 381 397 alibi,
402 320 502 402 Caput
516 325 659 402 opponis,
680 326 748 384 cum
764 342 799 384 eo
815 323 1010 402 carnificans.
1040 325 1124 387 Unde

118 407 232 467 interim
253 407 328 484 grati
350 406 447 465 idiotis
471 406 606 485 lepores:
635 405 728 484 qualis
750 415 794 466 est
821 406 873 466 ille
898 408 973 486 apud
999 407 1043 479 Μ,
1058 409 1168 475 'lul-un

119 492 189 552 lium
211 489 318 566 Puae'o,
347 491 400 567 qai
423 509 492 550 cam
517 492 633 551 maiore
659 509 766 551 serore
790 490 963 564 cubitabat,
995 500 1038 567 et,
1071 491 1123 555 Um.

118 573 261 651 Flavius,
284 575 336 652 qui
351 575 507 635 cornicum
522 575 626 635 oculos
641 573 781 652 conficit,
804 583 833 633 et
854 591 908 653 pro
924 573 1032 635 Milone
1054 576 1124 637 illud

118 656 203 720 Heus
212 665 243 719 tu
254 657 359 735 Rufio,
377 665 405 715 et
418 654 763 719 Eruciuadmtom‘uater.
786 654 819 717 ld
830 667 926 718 tamen
940 659 968 717 iu
980 658 1124 720 declama·

117 741 230 801 toribus
246 750 291 801 est
306 740 460 800 notabilius
478 741 647 818 laudarique
661 759 708 801 me
723 757 815 820 puero
832 741 963 817 solebat,
978 741 1030 804 Da
1037 744 1126 823 putri
1173 796 1176 801 4

116 845 248 904 portem·
274 835 302 884 et
323 826 352 884 in
375 824 494 901 eodem,
516 823 619 887 Etiam
641 844 749 887 comem
768 827 883 903 puceis.
925 824 985 885 Res
1011 827 1168 905 quidemtil

117 910 277 989 praecipue
293 911 323 967 iu
338 908 446 968 scholis
462 927 571 987 anceps
584 908 638 969 sed
651 909 822 987 frequenter
838 927 926 971 causa
940 910 1033 986 risus,
1049 929 1124 971 nunc

117 995 227 1071 utique,
242 1011 306 1054 eum
316 992 390 1053 baec
402 994 573 1053 exercitatio
585 992 690 1072 procul
701 1012 717 1053 a
729 992 853 1053 veritate
865 996 997 1054 seiuncta
1009 993 1125 1054 laboret

116 1076 279 1138 incredibili
300 1076 455 1159 uerborum
475 1075 591 1136 fastidio
609 1095 644 1137 ac
661 1076 715 1136 sibi
737 1093 869 1154 magnam
884 1086 996 1156 partem
1013 1095 1125 1138 sermo·

116 1161 161 1220 nis
178 1159 343 1221 absciderit.

204 1287 274 1348 Gum
299 1291 355 1349 sint
377 1298 472 1348 autem
492 1288 583 1348 verba
604 1291 740 1368 propria,
764 1290 848 1369 licta,
871 1290 1025 1351 translata:
1055 1305 1168 1370 pro-24

117 1375 188 1454 priis
214 1374 382 1450 dignitatern
401 1372 449 1432 dat
471 1374 687 1450 antiquitas.
738 1372 868 1452 Namque
896 1383 925 1434 et
949 1376 1125 1435 sanctiorem

118 1467 148 1517 et
163 1458 254 1534 magis
270 1456 466 1517 admirabilem
482 1456 591 1516 iaciunt
606 1458 784 1533 orationem,
808 1456 911 1535 quibus
929 1475 987 1518 non
1003 1459 1125 1536 quilibet

115 1542 204 1602 fuerit
218 1559 337 1616 usurus,
361 1557 455 1618 eoque
473 1548 646 1599 ornamento
656 1542 796 1600 acerrimi·
808 1541 906 1601 iudicii
926 1541 957 1601 P.
974 1540 1123 1620 Vergilius

115 1626 201 1685 unice
220 1633 264 1683 est
283 1643 362 1684 usus.
410 1621 469 1687 otti
490 1625 609 1685 enimet
625 1625 772 1701 quianam
793 1634 821 1684 et
836 1626 906 1687 mila
921 1634 951 1685 et
961 1645 1043 1706 pone
1059 1627 1166 1706 pel-25

116 1709 215 1772 lucent
237 1716 267 1770 et
282 1719 439 1790 aspergunt
459 1705 555 1786 illam,
580 1727 653 1788 quae
669 1710 754 1770 etiam
771 1709 800 1768 iu
816 1709 936 1787 picturis
959 1719 1003 1769 est
1018 1712 1123 1787 gratis·

115 1797 203 1871 sima,
218 1795 370 1854 vetustatis
382 1794 578 1854 inimitabilem
593 1795 647 1854 arti
663 1794 872 1854 auctoritatem.
912 1793 970 1853 Sed
987 1794 1125 1855 utendum

114 1878 219 1954 modo,
244 1896 299 1939 neo
318 1895 355 1937 ex
376 1878 481 1938 ultimis
501 1877 630 1938 tenebris
646 1877 816 1957 repetenda.
857 1875 943 1938 Setia
958 1887 1003 1937 est
1022 1888 1123 1948 retus;

116 1961 184 2040 quid
199 1980 323 2021 neeesse
339 1969 402 2037 est,
423 1979 549 2040 quaeso,
567 1961 667 2022 dicere
681 1962 816 2041 oppido?
834 1978 891 2040 quo
907 1963 952 2020 usi
967 1971 1032 2022 snut
1053 1980 1123 2041 pau·

114 2047 173 2107 lurn
196 2055 328 2124 tempore
352 2053 453 2104 nostro
479 2047 665 2124 superiores,
694 2061 819 2121 vereor,
846 2054 877 2105 ut
899 2046 955 2105 iam
976 2062 1030 2105 nos
1048 2045 1124 2107 ierat

116 2130 284 2208 quisquam;
319 2137 399 2188 certe
426 2131 597 2208 obrepet-to,
628 2130 709 2188 cuius
733 2128 835 2187 eadem
863 2128 1035 2205 significatio
1067 2138 1122 2205 est,

113 2230 199 2273 nemo
214 2214 267 2272 nisi
283 2211 451 2272 ambitiosus
467 2221 572 2272 utetur.
601 2208 773 2273 decumana
789 2212 856 2289 quid
873 2229 947 2290 opus
964 2210 1030 2272 est?
1046 2209 1166 2278 tan-26*

115 2315 199 2376 quam
217 2315 317 2376 parum
332 2297 386 2372 sit,
405 2297 430 2355 si
446 2294 557 2355 dicatur
574 2294 651 2372 quod
669 2293 824 2354 horridum.
858 2294 941 2356 Reor
955 2295 1123 2371 tolerabile,

114 2388 237 2443 autumo
252 2381 410 2456 tragicum,
425 2381 544 2459 prolem
560 2378 688 2438 dicemus
699 2378 840 2452 inversu,
858 2376 910 2436 sed
918 2381 1071 2457 prosapia
1082 2380 1123 2438 in·

115 2464 233 2525 sulsum.
267 2463 341 2537 Quid
357 2460 466 2523 multa?
491 2471 568 2522 totus
583 2478 677 2541 prope
692 2469 815 2520 mutatus
832 2470 877 2520 est
892 2477 1000 2520 sermo.
1028 2461 1162 2535 Quae-il

114 2548 178 2608 dam
194 2557 289 2608 tamen
308 2548 401 2608 adhuc
421 2556 523 2606 vetera
544 2553 688 2605 vetustate
706 2546 770 2624 ipsa
784 2544 894 2622 gratius
909 2546 1018 2622 nitent,
1036 2563 1124 2625 quae·

114 2631 178 2691 dam
191 2641 219 2691 et
229 2632 398 2692 necessario
412 2631 523 2690 interim
536 2638 692 2704 sumuntur,
704 2647 887 2708 nuncupare
899 2637 929 2688 et
938 2631 1024 2708 form
1035 2630 1124 2690 multa

114 2715 170 2775 alia
192 2717 277 2775 etiam
299 2715 450 2774 audentius
472 2715 561 2776 inseri
581 2722 703 2793 possunt
726 2712 779 2773 sed
803 2714 842 2772 ita
867 2713 995 2790 demum,
1018 2715 1042 2773 si
1065 2728 1122 2772 non

114 2808 254 2878 appareat
270 2799 434 2868 adeotati03
456 2799 485 2857 in
500 2814 584 2876 quam
599 2797 719 2857 mirilioe
735 2794 901 2874 Vergilius:

200 2894 424 2958 Corinthiorum
439 2905 561 2958 amator
574 2897 632 2957 iate
650 2895 822 2974 verboram,
1130 2889 1166 2945 28

201 2980 396 3061 Tbuoyde'dea
411 2978 594 3053 Bm'tummns,
616 2976 739 3040 Atticae
757 2980 872 3058 febres,

200 3063 266 3126 Tau
279 3065 445 3142 Gallicum,
460 3064 537 3142 mim,
561 3065 610 3142 al,
632 3064 742 3142 apinae
756 3063 836 3124 male
850 3063 896 3124 itti
909 3062 969 3131 at't,·
1135 3060 1151 3097 *

197 3146 247 3210 lto
262 3150 364 3210 ommia
378 3150 439 3210 istu
455 3148 552 3209 oerbu
573 3149 694 3209 miscuit
708 3147 813 3226 fratri.

113 3242 230 3305 Cimber
250 3244 297 3305 bic
317 3245 384 3321 init,
406 3264 422 3305 a
444 3261 501 3323 quo
517 3244 636 3305 iratrem
650 3254 783 3304 necatum
803 3243 860 3304 hoe
876 3240 1028 3304 Ciceronis
1045 3241 1165 3302 dietant

112 3337 240 3388 notatum
262 3337 323 3404 est,
345 3329 530 3390 Germanum
556 3326 678 3391 Cimber
698 3329 820 3390 occidit.
864 3326 926 3387 Nec
943 3328 1035 3386 minus
1053 3332 1123 3387 noto

113 3412 268 3473 Sallustius
287 3413 493 3492 epigrammate
507 3413 678 3474 incessitur:
