2566 4026
350 179 751 249 1nsu.ounu0n.n1e.ns,
768 178 794 230 4.
1007 172 1063 233 141

56 337 251 398 temeritates.
287 334 341 394 Est
362 336 437 394 enim
452 334 596 412 quoddam
612 335 675 413 ipsa
690 335 832 395 divisione
848 337 1003 397 verborum
1024 339 1106 406 las-98

56 430 121 482 tens
133 429 262 497 tempus,
279 428 308 478 ut
321 422 349 478 in
360 420 532 497 pentametri
544 418 637 479 medio
650 419 801 497 spondeo,
818 422 866 498 qui
878 423 932 480 nisi
944 421 1063 482 alterius

56 503 140 563 verbi
154 503 210 563 line
227 504 345 564 alterius
361 504 441 562 initio
458 511 587 580 constat,
603 521 718 563 versum
733 521 791 562 non
806 503 906 564 elficit.
951 504 1062 582 Potest,

56 588 169 648 etiamsi
190 589 282 647 minus
307 586 397 662 bene,
417 589 559 664 praeponi
575 595 763 664 anapaestos:
787 585 916 650 Muliere
936 608 996 650 mom
1016 609 1063 650 so·

55 673 118 733 lum
133 673 228 733 nobili
242 690 348 732 oerum
362 672 453 731 etium
467 676 549 734 notu.
592 670 673 730 Sicut
688 680 861 749 anapaestus
880 681 909 732 et
925 674 1062 749 creticus,
1071 682 1106 736 99

55 754 166 815 iambus
188 771 320 833 quoque,
341 755 388 832 qui
413 763 457 813 est
478 762 602 832 utroque
625 753 738 829 syllaba
761 756 869 832 minor,
889 757 1063 835 (praecedet

57 838 132 896 enim
147 846 208 897 tres
226 837 330 915 longas
347 837 462 921 brevis)
482 846 510 897 et
529 837 677 915 spondeus
699 838 793 898 iambo
812 849 894 899 recte
909 841 1063 919 praeponi·

57 931 117 981 tur:
139 919 254 982 lisdem
271 923 304 982 ire
324 924 420 982 armis
432 921 489 1000 fui.
533 920 604 982 Turn
620 921 766 1000 spondeus
789 932 819 982 ει
842 923 999 1000 bacchius,
1021 925 1064 985 sic

57 1006 131 1067 enim
157 1005 206 1067 liet
226 1005 341 1065 ultimus
363 1005 528 1065 dochmius.
557 1003 596 1067 lu
611 1007 708 1067 armis
727 1007 838 1068 iisdem
856 1008 912 1087 fui.
955 1006 1002 1068 Ex
1018 1009 1123 1084 iis,loo

57 1109 131 1170 quae
153 1109 240 1168 supra
261 1088 399 1168 probavi,
428 1099 568 1167 apparet,
597 1090 749 1151 molosson
777 1108 894 1170 quoque
916 1091 1064 1152 clausulae

57 1176 231 1250 convenire,
250 1175 315 1234 dum
336 1172 443 1234 habeat
459 1191 496 1232 en
512 1190 685 1252 quocunque
700 1175 777 1252 pede
793 1184 858 1234 ante
879 1194 911 1235 se
927 1175 1062 1236 brevem:

45 1256 140 1320 ,lituu
152 1261 266 1319 scimus
281 1261 451 1336 ubicunque
466 1265 553 1334 suut,
571 1277 637 1319 esse
647 1276 707 1336 pro
718 1259 814 1320 uobis.
859 1257 952 1318 lllinus
964 1261 1119 1336 gravis101

57 1343 112 1402 erit
124 1342 289 1420 spondeus,
303 1341 499 1420 praecedente
511 1340 694 1420 pyrrhichio,
709 1352 739 1402 ut
750 1341 866 1404 ludicii
875 1341 1018 1419 lunium,
1035 1350 1064 1402 ει

57 1425 151 1486 adhuc
168 1428 252 1504 peius
267 1428 366 1503 priore
382 1442 513 1503 paeone,
536 1434 567 1484 ut
583 1424 695 1501 Brute,
715 1427 874 1498 debitam
894 1428 948 1487 nisi
966 1427 1063 1504 potius

55 1509 114 1569 hoc
137 1527 205 1568 esse
226 1509 357 1569 volumus
376 1509 522 1584 dactylum
543 1517 573 1569 et
588 1509 749 1569 bacchium.
784 1510 850 1571 Duo
866 1510 990 1589 spondei
1007 1526 1064 1569 non

56 1593 120 1653 lere
137 1611 169 1651 se
185 1595 264 1670 iungi
280 1593 442 1671 patiuntur,
463 1609 538 1671 quae
552 1594 582 1652 in
596 1611 684 1653 versu
701 1611 818 1672 quoque
833 1594 969 1654 notabilis
986 1593 1063 1653 clau·

56 1676 120 1736 sula
142 1685 203 1753 est,
226 1678 280 1736 nisi
302 1694 366 1736 cum
391 1676 420 1735 id
437 1676 500 1735 lieri
517 1685 616 1755 potest
638 1676 786 1737 extribus
810 1679 892 1756 quasi
911 1677 1062 1738 membris:

58 1758 183 1821 Corde
204 1760 345 1839 persupts
366 1761 478 1822 nostris
501 1763 608 1839 coptus
625 1768 784 1839 comparet
804 1762 833 1822 ic
855 1768 963 1823 costra
987 1762 1065 1822 nos?

56 1862 111 1904 una
127 1843 256 1919 syllaba,
272 1844 400 1921 duabus,
416 1862 482 1904 una.
510 1843 555 1906 Ne
568 1844 699 1920 dactylus
713 1846 829 1924 quidem
841 1845 973 1923 spondeo
989 1844 1123 1910 benelot

57 1931 259 2006 praeponitur,
282 1930 348 2006 quia
369 1928 453 1988 linem
475 1948 579 1989 versus
601 1929 764 1989 damnamus
789 1931 817 1988 in
832 1928 888 1988 line
913 1928 1062 1989 orationis.

56 2011 198 2072 bacchius
217 2021 246 2070 et
264 2013 371 2072 claudit
392 2023 421 2072 ει
441 2013 496 2072 sibi
517 2014 657 2090 iungitur:
684 2011 839 2075 Venenum
854 2015 993 2084 timerem·
1014 2011 1064 2071 vel

58 2095 196 2155 choreum
212 2104 240 2154 et
256 2096 417 2174 spondeum
428 2107 494 2156 ante
510 2106 598 2156 amat:
619 2095 655 2157 Vt
669 2115 816 2158 cenenum
826 2099 958 2160 timeres.
988 2092 1064 2154 Gon·

56 2179 159 2239 trarius
176 2196 292 2259 quoque
308 2182 356 2258 qui
375 2189 435 2256 est,
455 2180 567 2254 cludet,
590 2181 645 2238 nisi
667 2182 692 2238 si
713 2180 840 2239 ultimam
862 2179 979 2256 longam
997 2196 1064 2237 esse

56 2262 206 2339 volumus,
230 2265 396 2342 optimeque
420 2263 538 2323 habebit
565 2272 630 2322 ante
657 2280 690 2321 se
708 2263 876 2323 molosson:
899 2261 982 2322 Ciuis
1002 2261 1064 2320 Ro-

56 2365 165 2407 munus
179 2367 246 2408 sum
253 2371 267 2418 ‚·
285 2356 333 2407 aut
344 2347 511 2422 bacchium,
529 2344 618 2418 Quod
632 2346 681 2406 hie
696 2353 812 2424 potest,
828 2364 885 2406 mos
893 2361 1061 2422 possemus.

57 2431 115 2490 Sed
131 2432 228 2490 verius
245 2434 300 2490 erit
316 2430 453 2491 claudere
469 2430 607 2490 choreum
622 2428 819 2507 praecedente
835 2427 985 2506 spondeo,
1000 2432 1122 2487 namlob

56 2514 103 2574 hie
125 2515 221 2591 potius
245 2523 290 2574 εει
315 2532 465 2574 numerus:
497 2512 561 2576 Nos
581 2531 739 2591 possemus
761 2520 790 2572 ει
810 2512 966 2574 &murum
986 2527 1062 2571 sum.

58 2594 181 2657 Glandet
197 2606 226 2656 et
237 2596 408 2672 dichoreus,
426 2597 512 2656 idest
528 2596 603 2656 idem
618 2614 672 2675 pes
688 2595 743 2656 sibi
758 2597 823 2675 ipse
837 2598 988 2672 iungetur,
1006 2610 1063 2671 quo

56 2678 157 2739 Asiani
183 2688 249 2738 sunt
273 2681 319 2738 usi
344 2679 510 2757 plurimum
542 2681 622 2738 cuius
650 2680 813 2758 exemplum
835 2677 940 2740 Cicero
966 2678 1062 2756 ponit:

57 2761 161 2822 Putris
178 2763 293 2822 dictum
307 2765 430 2839 sopiens
445 2765 601 2824 temeritas
613 2762 670 2841 ptis·
685 2764 901 2841 cmnprobuuit.
928 2760 1064 2839 Accipiet
1073 2768 1124 2823 104

57 2853 125 2905 ante
141 2862 173 2903 εε
187 2844 311 2904 choreus
328 2855 357 2905 ει
373 2845 582 2924 pyrrhichium:
608 2843 718 2908 Omnes
733 2865 832 2926 prope
846 2849 929 2908 ciues
942 2848 1065 2920 uirtute,

55 2929 175 3010 pluria,
197 2928 345 3007 dipsitate
361 2929 539 3009 superabat.
584 2926 690 2989 Cludet
709 2940 739 2991 ει
755 2930 904 3006 dactylus,
926 2931 981 2989 nisi
999 2944 1065 2987 eum

58 3013 227 3072 observatio
240 3013 356 3074 ultimae
370 3014 509 3074 creticum
523 3013 609 3073 iacit:
624 3011 809 3076 Mulierculu
819 3016 913 3075 uicus
922 3015 955 3074 im
966 3015 1064 3075 litore

58 3095 182 3156 llabebit
194 3107 259 3157 ante
270 3097 346 3159 bene
360 3099 499 3159 creticum
512 3106 540 3157 et
552 3096 690 3174 iambum,
703 3097 863 3176 spondeum
874 3096 967 3171 male,
981 3097 1065 3174 peius

60 3180 207 3240 choreum.
226 3179 321 3242 Cludit
333 3181 571 3261 amphibrachys:
586 3178 621 3253 Q.
631 3176 948 3260 Lipariema'adfrteu
956 3180 1123 3258 fuisse,105

59 3264 84 3322 si
107 3282 165 3324 non
181 3283 245 3326 eum
262 3267 400 3327 malumus
427 3283 494 3327 esse
519 3265 680 3325 bacchium.
722 3263 787 3325 Non
806 3265 930 3342 optimus
947 3271 993 3323 est
1006 3271 1065 3321 tro·

60 3346 185 3425 chaeus,
204 3350 229 3408 si
243 3350 301 3410 nlla
317 3360 361 3410 est
375 3351 473 3411 ultima
489 3350 601 3418 brevis:
626 3348 704 3427 quod
721 3356 801 3407 certe
817 3348 854 3407 sit
868 3365 994 3409 necesse
1010 3354 1065 3422 est,

59 3429 167 3510 alioqui
187 3434 333 3510 quomodo
358 3435 488 3512 claudet,
513 3434 561 3512 qui
583 3432 681 3512 placet
695 3432 860 3513 plerisque,
885 3425 1064 3492 dichoreus?
