2566 4026
229 143 292 206 204
546 153 582 201 u.
598 153 676 202 unu.
694 152 914 212 omnummun

229 311 310 380 licat;
335 309 387 369 sed
410 326 485 368 nunc
507 324 564 367 non
586 307 622 368 de
645 325 680 366 eo
699 308 860 384 loquimur;
885 307 1022 384 alterum,
1043 325 1099 386 quo
1117 319 1233 370 senten·

199 396 295 460 atiam
318 412 382 453 cum
403 394 530 462 ratione;
551 392 680 468 tertium,
706 408 772 468 quo·
785 401 893 451 certam
912 391 1051 470 quandam
1074 393 1234 471 argumenti

230 477 447 538 conclusionem
469 476 518 537 vel
542 492 579 537 ex
596 475 841 554 consequentibus
867 476 916 535 vel
935 494 971 535 ex
987 481 1232 554 repugnantibus;

229 578 390 641 quanquam
413 558 450 620 de
476 560 534 620 hoo
555 577 657 639 parum
686 561 830 618 convenit.
876 560 948 620 Sunt
970 561 1060 636 euim,
1089 564 1137 640 qui
1163 564 1234 624 illud

229 647 308 725 prius
325 645 512 724 epichirema
528 643 639 719 dicant,
666 642 824 722 pluresque
840 645 970 703 invenies
988 645 1016 702 in
1032 663 1067 705 ea
1085 648 1232 725 opinione,

228 739 259 789 ut
274 729 302 789 id
318 728 441 805 demum,
461 726 539 807 quod
558 745 655 807 pugna
674 736 804 802 constat,
823 727 1003 803 enthymema
1020 731 1115 807 accipi
1130 732 1232 808 velint,

199 823 258 879 aet
278 814 346 873 ideo
373 811 444 873 illud
471 810 645 872 Cornificius
672 813 862 873 contrarium
891 811 1030 891 appellat.
1076 813 1159 875 llunc
1186 816 1234 875 alii

228 898 413 959 rhetoricum
433 897 653 975 syllogismum,
671 895 719 955 alii
732 896 943 974 imperfectum
963 896 1167 975 sylloge-smum
1181 917 1232 958 vo·

229 990 384 1058 caverunt,
409 982 475 1059 quia
491 998 546 1040 nec
562 980 704 1040 distinctis
719 998 774 1040 neo
790 979 909 1040 totidem
925 979 1056 1058 partibus
1074 982 1232 1043 conclude·

200 1075 320 1134 bretun
346 1064 423 1144 quod
447 1082 517 1124 sane
538 1081 596 1124 non
617 1066 716 1142 utique
732 1063 768 1124 ab
784 1072 901 1125 oratore
920 1064 1109 1125 desideratur.
1142 1065 1232 1146 Epi-

164 1137 172 1153 ’
231 1150 392 1210 chirema
412 1147 534 1227 Valgius
558 1151 788 1228 oppressionem
815 1157 916 1216 vocat;
947 1146 1050 1208 Celsus
1080 1160 1175 1210 autem
1191 1153 1232 1210 iu-

229 1234 321 1310 dicat,
351 1251 408 1293 non
435 1241 564 1293 nostram
587 1232 860 1293 administrationem
883 1232 936 1293 sed
956 1235 1050 1312 ipsam
1070 1253 1233 1314 remquam

229 1318 425 1396 aggredimur,
444 1317 472 1377 id
489 1326 534 1378 est
549 1326 757 1394 argumentum,
771 1334 828 1396 quo
841 1316 949 1396 aliquid
961 1318 1109 1396 probaturi
1123 1338 1231 1398 sumus,

229 1404 341 1462 etiamsi
361 1401 486 1463 nondum
509 1401 607 1462 verbis
637 1401 821 1480 explanatum
847 1402 902 1461 iam
929 1411 1023 1462 tamen
1042 1413 1138 1463 mente
1163 1423 1232 1465 con·

202 1496 362 1564 tceptum,
388 1487 565 1565 epichirema
581 1485 648 1545 dici
681 1485 755 1545 Aliis
772 1486 900 1561 videtur,
924 1503 982 1546 non
999 1486 1169 1548 destinatam
1185 1488 1233 1548 vel

228 1570 390 1630 inchoatam
413 1570 465 1630 sed
487 1571 649 1668 perfectam
664 1568 866 1648 probationem
889 1568 947 1630 boc
961 1588 1067 1631 nomen
1083 1574 1231 1652 accipere,

230 1662 259 1713 et
275 1654 401 1714 ultimam
417 1656 561 1733 speciem;
584 1653 712 1732 ideoque
729 1656 847 1732 propria
873 1641 935 1715 eius
954 1656 1113 1733 appellatio
1130 1667 1159 1716 et
1175 1676 1231 1717 ma·

229 1739 305 1798 xime
322 1739 351 1798 in
367 1757 420 1798 usu
439 1746 484 1798 est
502 1738 614 1817 posita,
640 1756 695 1817 qua
712 1739 890 1815 significatur
913 1748 992 1799 certa
1012 1740 1151 1818 quaedam
1167 1759 1231 1800 sen·

230 1824 337 1882 tentiae
356 1821 590 1901 comprehensio,
608 1840 683 1900 quae
702 1840 739 1881 ex
754 1823 844 1882 tribus
859 1825 1003 1883 minimum
1015 1824 1146 1903 partibus
1164 1841 1231 1884 con·

200 1915 295 1973 estat.
345 1906 466 1980 Quidam
504 1906 680 1985 epichirema
712 1908 862 1970 rationem
891 1909 1090 1987 appellarunt;
1127 1907 1231 1968 Cicero

229 1990 331 2050 melius
347 1992 620 2066 ratiocinationem,
639 2008 799 2071 quanquam
815 2000 843 2052 et
858 1992 910 2052 ille
926 2010 1030 2052 nomen
1045 1993 1102 2053 hoc
1114 1993 1232 2052 duxisse

228 2076 320 2152 magis
345 2093 361 2136 a
382 2075 555 2154 syllogismo
581 2076 704 2136 videtur.
749 2076 821 2136 Nam
841 2085 871 2135 et
892 2086 995 2137 statum
1020 2077 1233 2154 syllogisticum

228 2160 476 2222 ratiocinativum
492 2159 637 2239 appellat,
662 2161 863 2240 exemplisque
878 2163 967 2221 utitur
981 2159 1230 2240 pbilosophorum.

228 2241 266 2301 Et
289 2245 423 2321 quoniam
445 2254 490 2304 est
513 2245 654 2323 quaedam
673 2247 748 2305 inter
769 2245 970 2344 syllogismum
1000 2255 1029 2306 et
1055 2244 1232 2345 epichirema

202 2327 378 2393 tvicinitas:
404 2336 503 2408 potest
525 2330 618 2390 videri
641 2329 699 2391 hoc
721 2331 836 2390 nomine
860 2340 942 2390 recte
970 2330 1086 2391 abusus.
1129 2323 1232 2389 Ἀπό-

231 2411 248 2471 d
256 2413 349 2486 ειξις
365 2421 410 2473 est
428 2415 549 2475 evidens
565 2414 711 2493 probatio,
728 2415 855 2493 ideoque
871 2414 946 2492 apud
959 2413 1129 2476 Geometras
1141 2437 1232 2493 γραμ-

229 2494 314 2572 pcnul
334 2489 495 2572 ἀποδείξεις
514 2498 655 2558 dicuntur
691 2498 771 2558 Hanc
795 2508 825 2558 et
846 2497 882 2559 ab
907 2498 1113 2577 epichiremate
1131 2495 1233 2557 Caeci·

229 2578 285 2639 lius
301 2590 382 2658 putat
398 2580 516 2642 differre
531 2583 597 2642 solo
613 2601 724 2660 genere
741 2582 936 2642 conclusionis
963 2592 992 2641 et
1008 2600 1075 2642 esse
1096 2580 1233 2656 apodixin

228 2664 430 2742 imperfectum
454 2665 630 2744 epichirema
651 2666 752 2726 eadem
777 2683 882 2740 causa,
912 2683 967 2744 qua
989 2666 1109 2724 diximus
1133 2660 1232 2737 enthy-

228 2764 321 2807 mema
348 2750 519 2827 syllogismo
549 2750 665 2810 distare.
707 2748 779 2808 Nam
807 2757 837 2807 et
867 2747 1042 2827 epichirema
1071 2746 1233 2823 syllogismi

229 2847 298 2907 pars
315 2841 369 2891 est.
399 2832 520 2906 Quidam
532 2836 630 2894 inesse
644 2832 842 2910 epichiremati
862 2832 998 2911 apodixin
1010 2839 1110 2910 putant
1123 2839 1152 2889 et
1166 2847 1233 2889 esse

200 2924 342 2992 apartem
366 2918 427 2976 eius
451 2919 675 2978 confirmantem.
717 2915 875 2994 Utrumque
896 2925 991 2976 eutem
1012 2933 1172 2993 quanquam
1193 2914 1233 2972 di·

230 3001 308 3058 versi
324 3009 460 3061 auctores
477 3001 581 3062 eodem
598 3002 684 3062 modo
701 3001 815 3076 liniunt,
829 2999 944 3060 scilicet
958 3001 1099 3060 rationem
1117 3016 1171 3076 per
1187 3015 1232 3073 ea,

231 3099 305 3159 quae
320 3093 401 3145 certa
416 3094 498 3162 sunt,
515 3086 634 3146 incertis
653 3085 738 3146 iidem
750 3102 808 3144 non
823 3082 938 3144 dubiam
951 3084 1135 3150 afferentem3
1160 3100 1234 3160 quae

230 3175 331 3227 natura
347 3178 393 3229 est
408 3171 532 3230 omnium
546 3178 795 3270 argumentorum,
816 3186 913 3247 neque
931 3171 1005 3229 enim
1024 3178 1103 3229 certa
1115 3168 1234 3226 incertis

231 3247 425 3312 declarantur
454 3253 536 3316 llaec
552 3255 646 3314 omnia
661 3254 841 3331 generaliter
855 3253 965 3326 πίστεις
980 3252 1140 3333 appellant,
1157 3249 1235 3330 quod

231 3334 343 3393 etiamsi
358 3339 477 3416 propria
491 3339 730 3417 interpretatione
746 3338 845 3399 dicere
859 3336 952 3415 fidem
967 3355 1133 3417 possumus,
1151 3353 1234 3414 aper-

231 3416 287 3476 tius
308 3426 402 3478 tamen
420 3424 631 3500 probationem
651 3422 912 3504 interpretabimur
958 3423 1017 3484 Sed
1044 3437 1234 3499 argumen-
