2566 4026
156 169 198 236 90
507 183 543 229 u.
560 181 872 240 cenomanniam

157 339 194 400 ad
209 337 432 418 promerendum
449 337 556 396 actioni
573 336 704 397 favorem
719 337 782 395 sive
804 336 839 395 ad
855 335 1007 396 levandum
1022 339 1165 399 varietate

157 423 302 484 fastidium
317 423 380 480 sive
395 419 432 481 ad
451 420 592 499 quaedam
606 420 655 479 vel
672 420 821 480 decentius
837 420 987 480 indicanda
1002 421 1052 480 vel
1065 423 1162 481 tutius.

112 521 148 574 aa
241 507 301 566 Sed
318 514 482 583 autequam,
499 523 574 583 quae
591 505 695 582 cuique
712 505 756 564 rei
774 504 867 580 figura
884 506 1047 581 conveniat,
1065 515 1163 565 osten·

157 591 211 650 do:
228 588 381 650 dicendum
392 598 447 665 est,
464 606 646 666 nequaquam
664 607 715 649 eas
730 607 798 647 esse
810 597 867 647 tam
878 589 993 664 multas,
1011 607 1096 666 quam
1108 591 1164 649 sint

156 673 355 753 aquibusdam
371 675 555 733 constitutae.
580 671 684 750 Neque
704 674 778 732 enim
789 690 835 731 me
846 673 1089 732 moventnomina
1101 673 1163 748 illa,

113 769 231 837 eaquae
248 758 361 835 lingere
376 760 476 835 utique
493 755 613 818 Graecis
631 757 876 835 promptissimum
898 766 952 817 est.
977 754 1055 816 Ante
1070 759 1163 816 omnia

156 844 244 920 igitur
266 842 329 918 illi,
355 844 403 920 qni
424 841 545 901 totidem
566 841 674 918 figuras
696 849 796 919 putant
814 849 885 919 quot
913 841 1054 916 affectus,
1077 859 1163 918 repu-

157 926 269 994 diandi;
292 943 350 985 non
372 926 438 1003 quia
453 926 576 986 affectus
592 941 650 984 non
667 926 723 984 siut
741 924 882 1003 quaedam
904 925 1058 1004 qualitates
1084 943 1163 984 men·

155 1011 210 1087 tis,
228 1009 281 1070 sed
299 1011 366 1088 quia
383 1010 494 1087 figura,
516 1027 601 1088 qnam
622 1026 680 1068 nou
704 1010 893 1069 communiter
908 1009 963 1070 sed
979 1011 1098 1087 proprie
1113 1026 1164 1068 no·

156 1095 311 1169 minumus,
333 1111 392 1153 non
413 1095 450 1152 sit
472 1093 597 1171 simplex
611 1094 655 1153 rei
671 1095 869 1171 cuiuscunque
887 1094 1054 1153 enuntiatio.
1087 1092 1164 1167 Qua·

156 1187 279 1258 propter
292 1179 321 1236 iu
336 1177 460 1237 dicendo
472 1178 570 1254 irasci,
587 1177 700 1254 dolere,
718 1177 860 1254 misereri,
875 1178 987 1253 timere,
1004 1177 1165 1252 confidere,

158 1271 345 1323 contemnere
363 1279 421 1322 uon
438 1270 504 1322 suut
521 1262 647 1339 liguram
671 1278 729 1321 non
749 1263 842 1338 magis
859 1279 943 1340 quam
958 1261 1095 1337 suadere,
1114 1261 1165 1320 mi·

74 1363 76 1366 ·
113 1347 234 1423 anuari,
256 1363 381 1423 rogare,
407 1364 560 1406 excusare.
609 1344 668 1406 Sed
688 1345 883 1424 faltitparum
904 1346 1060 1421 intuentes,
1087 1343 1166 1424 quod

157 1431 306 1491 inveniunt
320 1431 349 1489 iu
365 1430 496 1490 omnibus
516 1429 561 1489 his
584 1430 658 1490 locis
680 1430 788 1507 figuras
810 1439 840 1489 et
861 1447 959 1490 earnm
976 1429 1112 1507 exempla
1128 1446 1166 1488 ex

158 1514 337 1574 orationibus
360 1523 532 1592 excerpunt.
576 1513 679 1592 Neque
703 1516 777 1573 enim
799 1532 866 1592 pars
888 1512 947 1574 nlla
967 1513 1083 1573 dicendi
1107 1521 1164 1588 est,

159 1616 233 1677 quae
249 1615 306 1657 nou
322 1600 459 1677 recipere
475 1616 525 1658 eas
541 1601 644 1676 possit.
685 1599 744 1658 Sed
767 1597 844 1657 aliud
864 1606 910 1656 est
925 1598 1077 1657 admittere
1092 1597 1165 1673 fign-

158 1699 220 1741 ram
236 1680 313 1741 alind
337 1683 457 1759 figuram
477 1700 556 1742 esse.
599 1680 704 1760 Neque
726 1683 801 1741 enim
824 1681 952 1741 verebor
972 1680 1165 1760 explicandae

114 1780 150 1833 25
158 1766 201 1825 rei
212 1767 304 1843 gratia
316 1765 546 1844 frequentiorem
558 1767 687 1826 eiusdem
699 1767 821 1825 nominis
831 1768 1045 1844 repetitionem.
1067 1764 1165 1838 Quare

158 1849 266 1910 dabunt
280 1850 348 1908 mihi
364 1850 488 1928 aliquam
503 1851 531 1909 in
546 1851 710 1927 irascente,
732 1851 930 1928 deprecante,
953 1851 1111 1909 miserante
1133 1848 1165 1907 ii·

158 1951 270 2010 goram,
289 1935 367 2001 scio;
385 1934 510 1994 sednon
525 1935 592 1994 ideo
609 1935 711 2011 irasci,
729 1935 877 2010 misereri,
897 1935 1052 2012 deprecari
1072 1933 1166 2009 figura

159 2017 223 2076 erit.
264 2014 370 2077 cicero
394 2018 510 2095 quidem
531 2019 626 2078 omnia
649 2020 788 2078 orationis
809 2018 914 2078 lumina
931 2020 960 2077 in
977 2017 1053 2078 huuc
1068 2016 1165 2076 locum

159 2101 302 2177 congerit,
319 2102 442 2162 mediam
457 2103 608 2180 quandam,
626 2111 657 2163 ut
672 2102 807 2179 arbitror,
825 2111 943 2162 secutus
958 2101 1050 2160 viam:
1066 2109 1098 2158 ut
1113 2116 1163 2158 ne·

158 2201 217 2263 qne
239 2187 330 2244 omnis
351 2203 448 2246 sermo
470 2186 589 2247 schema
611 2186 788 2246 iudicaretur
808 2205 904 2264 neque
925 2202 961 2245 ea
982 2185 1063 2260 sola,
1089 2200 1165 2262 quae

154 2266 302 2328 habereut
324 2269 450 2350 aliquam
470 2280 611 2331 remotam
632 2270 669 2331 ab
690 2289 744 2330 usn
766 2272 907 2330 communi
923 2271 1087 2342 fictionem,
1112 2267 1165 2327 sed

160 2369 236 2429 quae
258 2363 358 2414 essent
383 2354 544 2416 clarissima
564 2364 593 2415 et
614 2355 650 2414 ad
672 2355 844 2415 movendum
858 2354 1018 2414 auditorem
1031 2351 1165 2412 valerent

158 2436 326 2513 plurimum;
349 2456 436 2516 quem
460 2438 573 2499 duobus
594 2437 631 2498 ab
659 2455 696 2498 eo
723 2438 804 2499 libris
830 2447 982 2498 tractatum
1009 2436 1108 2495 locum
1128 2432 1165 2496 ad

159 2518 272 2580 litteras
292 2522 420 2599 subieci,
443 2540 480 2582 ne
500 2523 665 2583 fraudarem
685 2521 820 2600 legentes
842 2522 948 2582 iudicio
972 2520 1088 2580 maximi
1114 2536 1164 2578 au-

160 2605 260 2662 otoris.

116 2691 152 2745 26
243 2687 275 2747 ln
290 2689 377 2747 tertio
393 2687 430 2748 de
447 2686 571 2749 Oratore
587 2690 626 2750 ita
641 2691 779 2768 scriptum
795 2698 854 2749 est:
876 2689 915 2751 Im
932 2695 1087 2769 perpetua
1106 2706 1164 2748 aa·

161 2773 390 2847 temeratione,
419 2791 487 2833 cam
509 2780 539 2833 et
559 2775 781 2836 coniunctionis
802 2775 955 2835 lenitatem
973 2781 1003 2834 ct
1021 2789 1164 2833 mamera-

160 2871 245 2930 ram,
269 2871 360 2933 qaam
376 2856 459 2932 dici,
482 2857 632 2919 rationem
650 2859 846 2934 tenuerimus,
864 2865 926 2918 tam
943 2864 989 2917 est
1009 2856 1100 2933 quari
1116 2855 1164 2916 la-

159 2938 292 3001 minibus
312 2941 531 3019 dietiaqaenala
552 2949 582 3002 et
598 2940 828 3021 frequentanda
849 2942 946 3004 omnio
968 2941 1068 3002 oratio
1092 2957 1164 3000 aen·

117 3026 151 3082 ai
158 3023 323 3085 tectiorem
348 3033 441 3102 atque
459 3025 632 3086 verboram.
671 3022 752 3088 Nam
778 3033 808 3086 et
829 3025 1026 3086 commoratio
1048 3040 1113 3084 ana
1131 3023 1165 3082 ic

159 3125 195 3167 ra
226 3109 410 3185 permultam
436 3117 533 3170 mocet
567 3113 596 3170 et
622 3110 750 3171 illustris
776 3110 954 3188 explanatio
985 3121 1164 3184 raramque,

160 3192 251 3268 quari
262 3199 423 3272 peractor,
439 3193 495 3254 aab
513 3201 672 3271 aspectam
684 3211 786 3272 paene
800 3194 963 3269 subiectio,
985 3207 1067 3269 qaae
1083 3196 1112 3251 et
1130 3191 1165 3250 im

160 3278 344 3352 capomcmda
357 3295 393 3338 re
404 3276 572 3356 plurimam
591 3278 673 3338 calm
687 3286 716 3338 et
731 3278 776 3340 od
788 3277 1005 3338 illustrandam
1020 3277 1065 3351 id,
1082 3275 1165 3352 quod

160 3361 339 3437 eapomitar,
361 3368 390 3422 et
415 3361 459 3422 ad
473 3359 741 3438 amplificandam,
763 3363 870 3437 otiis,
892 3362 945 3439 qm'
960 3361 1109 3434 audiant,
1124 3358 1163 3419 t'l-

159 3443 224 3519 lud,
240 3444 323 3520 quod
337 3446 526 3524 aaqebimas,
542 3453 689 3522 quantam
704 3444 828 3526 efficere
840 3446 940 3507 oratio
953 3445 1076 3526 poterit,
1092 3451 1164 3504 taa-
