2566 4026
414 186 844 256 ntS'r.01tATOR.LIB.11‚4.
1090 180 1133 240 65

126 354 221 406 natura
235 345 387 404 minimum
402 345 467 423 spei
482 344 612 420 dederit,
635 344 663 402 in
685 362 742 423 qua
758 345 903 422 ingenium
919 345 1024 405 iudicio
1046 364 1131 424 prae·

125 430 251 489 sumitur.
300 428 454 489 Materiam
481 445 548 488 esse
575 429 696 505 primum
722 428 792 488 volo
819 428 867 488 vel
893 429 1130 491 abundantiorem

125 523 207 592 atque
225 513 305 573 ultra
329 530 415 591 quam
436 520 573 590 oporteat
596 511 698 571 lusam.
731 511 850 572 Multum
873 514 939 574 inde
963 515 1130 595 decoquent

124 598 200 674 anni,
221 597 344 657 multum
360 597 434 656 ratio
453 596 578 670 limabit‚
596 596 704 674 aliquid
719 595 800 656 velut
815 615 868 656 usu
886 599 950 676 ipso
969 599 1128 676 deteretur‚

124 684 156 741 sit
170 681 261 741 modo
277 681 354 740 unde
371 679 467 741 excidi
484 681 578 759 possit
594 689 623 739 et
641 681 718 758 quod
741 681 873 759 exculpi;
901 684 955 742 erit
970 693 1080 761 autem,
1104 686 1129 743 si

123 783 175 826 non
199 765 237 825 ab
260 766 341 825 initio
364 773 480 824 tenuem
504 765 620 823 nimium
643 765 773 824 laminam
801 765 967 825 duxerimus
993 777 1022 827 et
1046 786 1130 846 quam

123 849 272 910 caelatura
295 848 381 909 altior
402 858 524 928 rumpat.
566 848 650 922 Quod
674 849 773 908 mede
795 849 839 909 his
856 850 1000 911 aetatibus
1020 853 1158 918 sentires

122 935 210 994 minus
227 932 395 1008 mirabitur,
413 935 461 1013 qui
480 933 555 1012 apud
572 931 746 992 Ciceronem
762 933 885 1011 legerit:
906 933 979 996 Volo
999 937 1079 999 oum
1096 956 1130 998 se

121 1019 228 1102 efferat
246 1019 281 1078 in
302 1019 497 1079 adolescente
515 1018 703 1096 fecunditas.

204 1102 397 1180 Quapropter
417 1103 445 1159 in
466 1103 565 1180 primis
582 1102 733 1162 evitandus
756 1111 786 1162 et
806 1105 835 1162 in
852 1105 951 1181 pueris
969 1105 1129 1183 praecipue

119 1187 260 1263 magister
278 1185 393 1261 aridus,
416 1202 473 1244 non
490 1186 582 1244 minus
602 1204 686 1264 quam
701 1188 810 1246 teneris
827 1187 920 1248 adhuc
942 1188 1048 1267 plantis
1071 1188 1128 1248 sic·

119 1288 182 1329 cum
199 1279 230 1329 et
247 1270 311 1328 sine
326 1269 447 1329 humore
463 1270 524 1329 ullo
541 1270 646 1329 solum.
676 1270 746 1329 Inde
763 1271 832 1330 liunt
847 1272 970 1331 humiles
987 1273 1083 1331 statim
1099 1277 1155 1332 et9

118 1354 197 1414 velut
213 1363 324 1413 terram
347 1361 533 1432 spectantes,
557 1355 605 1432 qui
626 1353 695 1413 nihil
714 1372 802 1433 supra
825 1356 1000 1416 cotidianum
1017 1373 1127 1416 sermo·

117 1456 181 1497 nem
206 1437 348 1498 attollere
374 1439 506 1499 audeant.
542 1437 652 1497 Macies
674 1438 732 1498 illis
756 1456 810 1519 pro
833 1440 957 1501 sanitate
978 1449 1007 1500 et
1030 1441 1128 1500 iudicii

115 1522 184 1582 loco
200 1521 356 1581 infirmitas
374 1530 434 1596 est,
457 1531 487 1581 et
508 1521 574 1582 dum
597 1524 667 1581 satis
685 1532 786 1601 putant
807 1525 877 1584 vitio
901 1543 1020 1600 carere,
1047 1527 1075 1584 in
1097 1526 1127 1586 id

114 1608 210 1685 ipsum
234 1606 364 1666 incidunt
384 1607 498 1681 vitium,
521 1606 599 1684 quod
619 1607 771 1667 virtutibus
794 1618 903 1669 carent.
936 1609 1034 1682 Quare
1058 1610 1126 1669 milri

115 1709 151 1749 ne
167 1690 321 1749 maturitas
344 1690 460 1768 quidem
475 1691 538 1768 ipsa
555 1690 691 1766 festinet,
715 1710 771 1752 nec
788 1703 881 1754 musta
897 1695 925 1752 in
946 1694 1012 1754 lacu
1029 1695 1126 1754 statim

116 1783 236 1834 austera
252 1774 326 1841 sint;
345 1775 389 1832 sio
406 1783 435 1833 et
450 1790 541 1833 annos
558 1774 653 1834 ierent
669 1785 698 1835 et
713 1786 859 1837 vetustate
874 1777 1038 1856 proficient.

199 1856 268 1917 Nec
284 1857 355 1917 illud
374 1859 489 1935 quidem
505 1859 584 1937 quod
600 1859 805 1920 admoneamus
829 1863 975 1940 indignum
997 1871 1060 1938 est,
1084 1865 1168 1921 in·10

113 1944 202 2020 genia
218 1958 379 2020 puerorum
399 1943 483 2002 nimia
505 1944 618 2002 interim
639 1945 850 2006 emendationis
872 1947 1032 2006 severitate
1054 1945 1124 2005 deii-

115 2045 201 2095 cere;
226 2043 293 2086 nam
311 2033 341 2084 et
363 2025 521 2104 desperant
539 2036 568 2086 et
588 2027 690 2088 dolent
713 2038 742 2089 et
762 2032 921 2090 novissime
940 2030 1065 2090 oderunt
1083 2038 1122 2107 et,

114 2110 193 2190 quod
210 2110 336 2170 maxime
349 2120 448 2186 nocet,
467 2110 640 2194 ᾀιιωρῃιηῑα
655 2114 766 2190 timent,
783 2115 852 2175 nihil
866 2124 1014 2191 conautur,
1039 2112 1163 2189 Quodll

115 2196 202 2255 etiam
226 2195 345 2253 rusticis
368 2203 464 2254 notum
488 2204 549 2271 est,
573 2198 621 2274 qui
638 2197 789 2258 frondibus
811 2201 921 2259 teneris
946 2216 1003 2258 non
1024 2208 1125 2277 putant

115 2278 311 2338 adhibendam
329 2297 397 2337 esse
417 2279 541 2354 falcem,
565 2281 632 2359 quia
653 2280 845 2344 reformidare
861 2283 969 2343 ferrum
990 2284 1125 2343 videntur

115 2372 144 2422 et
164 2362 295 2422 nondum
313 2363 481 2422 cicatricem
501 2364 561 2441 pati
585 2382 685 2442 posse.
727 2366 871 2427 lucundus
894 2384 966 2445 ergo
990 2377 1048 2426 tum
1063 2375 1166 2427 malt

114 2448 191 2507 xime
208 2445 301 2506 debet
321 2464 390 2505 esse
410 2457 605 2525 praeceptor,
627 2459 657 2508 ut
680 2451 826 2525 remedia,
851 2469 926 2529 quae
949 2451 1058 2529 alioqui
1073 2469 1122 2509 na·

115 2540 178 2591 tura
194 2539 263 2590 sunt
278 2548 396 2609 aspera,
413 2531 493 2591 molli
509 2549 592 2592 manu
609 2533 765 2600 leniantur;
783 2533 903 2593 laudare
918 2533 1026 2612 aliqua,
1043 2534 1122 2593 ferre

116 2613 276 2693 quaedam,
301 2623 413 2674 mutare
430 2616 534 2691 etiam,
556 2616 670 2678 reddita
688 2636 740 2677 our
755 2617 783 2676 id
799 2618 849 2677 flat
865 2618 995 2692 ratione,
1018 2616 1121 2675 illumi-

116 2717 184 2758 nare
215 2699 432 2777 interponendo
454 2699 562 2779 aliquid
585 2703 639 2759 sui.
690 2701 900 2781 Nonnunquam
922 2701 980 2760 hoc
1003 2716 1121 2780 quoque

116 2784 168 2841 erit
184 2782 270 2858 utile,
286 2784 381 2861 ipsum
397 2793 473 2843 totas
489 2784 600 2844 dictare
612 2787 757 2862 materias,
776 2804 848 2864 quas
864 2795 893 2845 et
907 2786 1034 2846 imitetur
1048 2802 1123 2862 puer

117 2874 143 2925 et
158 2867 276 2926 interim
292 2875 427 2947 tanquam
444 2886 511 2928 suas
529 2878 614 2928 amet.
654 2869 691 2928 Et
708 2872 732 2929 si
749 2880 805 2930 tam
823 2871 977 2948 negligens
994 2871 1022 2927 ei
1037 2868 1120 2928 stilus
1130 2873 1165 2928 13

115 2950 219 3027 luerit,
248 2959 280 3010 ut
301 2952 532 3012 emendationem
555 2970 613 3013 non
633 2955 772 3033 recipiat:
801 2963 942 3032 expertus
964 2971 1026 3012 sum
1052 2970 1120 3031 pro·

116 3034 220 3111 desse,
252 3037 389 3114 quotiens
417 3037 540 3097 eandem
564 3039 711 3097 materiam
737 3058 837 3098 rursus
862 3058 877 3099 a
902 3057 948 3098 me
969 3046 1120 3098 tractatam

114 3117 247 3178 scribere
264 3120 301 3180 de
318 3120 432 3198 integro
452 3120 598 3197 iuberem,
621 3142 713 3201 posse
734 3125 813 3184 enim
841 3143 908 3184 eum
930 3123 1036 3184 adduc
1057 3143 1119 3184 me·

113 3204 193 3273 lium
211 3212 356 3283 quatenus
371 3205 451 3264 nullo
468 3207 560 3282 magis
576 3207 669 3267 studia
686 3226 771 3286 quam
787 3226 841 3286 spe
857 3208 994 3285 gaudent.
1024 3206 1121 3267 Aliter
1129 3212 1163 3268 14

114 3296 209 3347 autem
224 3288 282 3347 alia
298 3296 380 3348 aetas
399 3289 579 3350 emendanda
598 3299 654 3367 est,
672 3300 701 3350 et
719 3309 772 3369 pro
790 3293 877 3352 modo
892 3293 995 3352 uirium
1012 3301 1041 3352 et
1057 3293 1117 3352 eni·

113 3373 238 3446 gendum
263 3380 293 3431 et
309 3373 515 3451 corrigendum
531 3391 614 3452 opus.
653 3375 791 3435 Solebam
814 3394 872 3454 ego
895 3378 996 3438 dicere
1018 3377 1118 3455 pueris

113 3452 221 3534 aliquid
237 3455 317 3516 ausis
333 3456 467 3517 licentius
485 3466 532 3517 aut
547 3457 668 3536 laetius,
686 3461 820 3524 laudaro
836 3463 914 3525 iliud
932 3481 983 3607 pre
1003 3461 1120 3535 adduc,

153 3559 180 3599 u.
191 3562 216 3600 r.
231 3559 347 3607 oururm.
