2566 4026
360 197 449 245 ruer.
464 195 611 244 causon.
626 197 693 243 ma.
707 198 758 262 111,
772 194 797 249 6.
1028 184 1088 246 119

74 362 179 431 potest
195 351 319 412 eundem
334 351 382 411 vel
398 360 599 411 accusatorem
613 351 714 411 iacere
730 353 777 412 vel
794 371 891 414 reum:
913 352 974 427 Qut
989 363 1087 417 ortem

73 438 236 499 ludicram
256 438 446 510 exercuerit,
476 436 508 494 in
530 436 774 512 quattuordecim
796 439 906 515 primis
924 440 1087 502 ordinibus

76 540 118 581 ne
137 520 269 588 πάθαις
292 520 340 597 qui
364 537 397 576 se
415 520 543 597 praetori
561 519 588 576 in
610 518 702 577 hortis
721 519 890 579 ostenderat
911 539 1006 600 neque
1023 531 1086 582 erat

76 604 253 680 productus,
270 603 345 661 sedit
360 602 388 660 in
403 600 633 680 quattuordecim
649 602 807 662 ordinibus.
837 602 950 682 Nempe
964 607 1084 666 intentio
1094 608 1129 663 19

76 695 142 746 est:
170 684 277 748 Artem
302 685 457 747 ludicram
480 687 666 754 exercebam
688 686 838 764 depulsio:
870 685 937 749 Non
959 691 1087 751 emercci

76 778 182 832 artem
197 770 366 836 ludicram
387 770 537 847 quaestio:
562 765 643 840 Ouid
657 770 696 830 sit
711 779 809 832 ortem
823 771 979 832 ludicram
994 790 1085 834 emer-

77 855 176 916 cere?
212 853 243 913 si
265 853 450 913 accusabitur
474 852 608 912 theatrali
630 853 716 931 lege,
740 854 874 933 depulsio
899 856 953 914 erit
975 856 1033 923 rei;
1060 855 1086 915 si

77 937 227 997 excitatus
250 937 337 997 fuerit
359 936 395 996 de
413 936 589 1014 spectaculis
609 946 637 996 et
658 946 727 1015 aget
743 940 924 1015 iniuriarum,
949 938 1085 1018 depulsio

75 1023 135 1081 erit
151 1023 342 1080 accusatoris.
379 1019 572 1098 Frequentius
591 1029 685 1080 tamen
702 1021 774 1082 illud
790 1023 920 1099 accidet,
944 1022 1021 1101 quod
1039 1030 1085 1082 est
1094 1033 1129 1087 20

75 1123 94 1165 a
119 1104 251 1182 plurimis
276 1104 419 1164 traditum.
449 1103 621 1180 Effugerunt
645 1103 696 1165 has
720 1107 907 1184 quaestiones
934 1107 982 1185 qui
1004 1106 1085 1167 dixe·

78 1198 163 1264 runt,
187 1196 290 1247 statum
309 1206 376 1247 esse
392 1189 435 1262 id,
457 1187 534 1265 quod
549 1198 689 1266 appareat
705 1208 742 1249 cx
764 1191 923 1250 intentione
940 1199 969 1250 et
984 1188 1085 1268 depul-

77 1273 182 1348 sione,
206 1280 237 1330 ut
258 1270 389 1348 Fecisti,
407 1270 476 1333 Noe
494 1273 558 1349 feci
577 1280 624 1331 aut
639 1272 734 1334 Recte
751 1274 825 1351 secl.
856 1274 1019 1334 Viderimus
1043 1282 1084 1333 ta·
1093 1285 1126 1338 21

77 1374 161 1432 men,
178 1363 272 1414 utrum
286 1356 315 1416 id
331 1357 367 1414 sit
384 1364 475 1415 status
492 1373 527 1414 an
542 1358 570 1414 in
586 1372 622 1414 eo
639 1365 740 1416 status.
771 1357 965 1435 Hermagoras
981 1366 1085 1418 statum

77 1447 183 1514 vocat,
207 1456 261 1517 per
284 1457 369 1518 quem
392 1439 522 1499 subiecta
544 1458 592 1499 res
608 1440 787 1518 intelligatur
809 1450 837 1500 et
859 1442 893 1502 ad
909 1460 994 1520 quem
1016 1458 1084 1521 pro·

77 1522 215 1585 bationes
241 1525 326 1582 etiam
348 1524 470 1601 partium
494 1523 666 1584 referantur.
713 1524 820 1585 Nostra
844 1528 942 1604 opinio
967 1543 1085 1604 semper

78 1609 155 1669 haec
178 1606 247 1668 fuit:
272 1624 335 1668 curn
359 1615 458 1669 essent
473 1607 643 1686 frequenter
658 1610 687 1668 in
710 1627 797 1670 causa
813 1609 921 1669 diuersi
937 1612 1083 1688 quaestio·

78 1712 146 1753 num
162 1701 271 1767 status,
291 1695 319 1751 in
338 1710 374 1751 eo
393 1692 516 1751 credere
537 1701 670 1751 statum
688 1711 838 1769 causae,
863 1694 940 1772 quod
958 1702 1039 1755 esset
1056 1696 1084 1753 in

80 1796 114 1837 ea
139 1777 370 1856 potentissimum
394 1777 472 1834 etin
496 1792 553 1853 quo
575 1778 696 1835 maxime
719 1795 768 1837 res
788 1786 962 1837 verteretur.
1006 1777 1038 1837 ld
1061 1779 1085 1836 si

79 1863 144 1940 quis
150 1861 327 1939 pecoralem
339 1861 546 1938 quaestionem
555 1860 604 1919 vel
612 1868 705 1938 capet
713 1863 860 1939 benenate
868 1860 968 1921 dicere
979 1861 1084 1920 malet:

79 1963 144 2005 cum
160 1945 219 2003 hoc
237 1943 305 2002 mihi
320 1961 377 2001 non
393 1945 447 2002 erit
462 1961 575 2020 pugna,
596 1960 654 2002 non
668 1946 777 2021 magis,
800 1962 883 2022 quam
899 1945 924 2004 si
941 1944 1018 2004 aliud
1035 1942 1084 2003 ad·

79 2029 154 2104 huc,
181 2044 237 2106 quo
254 2028 328 2086 idern
345 2027 536 2104 intelligatur,
559 2029 620 2086 eius
636 2029 679 2087 rei
695 2045 799 2087 nomeu
813 2029 970 2104 invenerit,
996 2045 1084 2107 quan·

78 2130 165 2191 quarn
184 2119 244 2171 tota
256 2110 401 2170 volumina
412 2112 441 2169 in
456 2111 529 2170 hano
545 2112 768 2189 disputationem
784 2111 961 2191 impendisse
978 2112 1084 2172 multos

78 2197 185 2263 sciam;
208 2194 292 2254 nobis
308 2202 443 2254 statum
461 2195 517 2254 dici
534 2193 640 2272 placet.
672 2195 731 2255 Sed
748 2214 812 2255 cum
828 2197 856 2255 in
872 2195 936 2256 aliis
953 2195 1127 2256 omnibustt

78 2282 156 2340 inter
172 2281 333 2356 scriptores
349 2296 456 2337 summa
478 2277 621 2336 dissensio
641 2287 701 2354 est,
722 2289 781 2338 tum
801 2281 829 2339 in
851 2280 908 2339 hoc
924 2283 1083 2357 praecipue

79 2365 198 2423 uidetur
215 2362 282 2421 mihi
303 2362 426 2421 studium
444 2378 560 2439 quoque
582 2360 697 2420 diuersa
712 2362 843 2424 tradendi
865 2363 972 2431 fuisse;
998 2363 1083 2438 adeo,

78 2465 135 2506 uec
154 2447 219 2525 quis
236 2464 369 2505 numerus
388 2462 443 2502 nec
466 2462 540 2523 quae
561 2445 690 2520 nomina,
716 2447 801 2522 quive
823 2446 979 2522 generales
998 2447 1084 2523 quiue

79 2530 229 2609 speciales
246 2531 302 2588 sint
317 2538 423 2603 status,
449 2528 593 2587 convenit.

168 2612 214 2673 Ac
230 2615 350 2691 primum
367 2611 601 2671 Aristoteles
623 2611 811 2672 elementa
834 2610 960 2671 decem
978 2613 1127 2679 consti-aa

80 2700 151 2773 tuit,
177 2698 255 2757 circa
277 2715 351 2775 quae
371 2699 483 2756 versari
505 2696 637 2757 videatur
658 2699 750 2756 omnis
773 2696 916 2774 quaestio.
961 2686 1084 2773 Οὐσίαν,

80 2799 168 2860 quam
190 2780 307 2841 Plautus
329 2782 492 2843 essentiam
510 2791 613 2856 vocat,
637 2798 733 2860 neque
756 2798 826 2840 sane
851 2780 927 2840 aliud
952 2788 998 2839 est
1023 2780 1085 2839 eius

80 2883 188 2925 nomen
203 2863 347 2933 Latinum;
367 2864 419 2923 sed
437 2883 472 2924 ea
488 2867 645 2944 quaeritur,
662 2883 698 2924 an
713 2862 771 2925 sit?
801 2864 985 2939 Qualitatem,
1004 2864 1085 2923 cuius

80 2958 202 3028 apertus
218 2947 384 3007 intellectus
406 2957 460 3007 est.
497 2949 706 3026 Quantitatem,
730 2967 805 3028 quae
826 2947 980 3027 dupliciter
1000 2964 1084 3026 apo-

81 3031 257 3094 steriorihus
280 3031 372 3092 divisa
394 3040 454 3108 est,
478 3050 561 3111 quam
584 3051 716 3111 magnum
739 3042 768 3093 et
790 3051 873 3111 quarn
891 3031 1010 3091 multum
1027 3027 1085 3092 sit?

82 3115 129 3176 dd
151 3115 275 3194 aliquid,
298 3115 373 3175 unde
395 3115 480 3176 ducta
503 3126 547 3176 est
568 3117 716 3178 translatio
739 3125 768 3176 et
790 3117 977 3194 comparatio.
1014 3115 1125 3183 Postal

82 3199 157 3261 haec
178 3199 234 3259 Ubi
262 3207 290 3258 et
313 3198 450 3272 Quaud03
472 3199 575 3260 deinde
598 3201 729 3277 Facere,
751 3200 828 3277 Pati,
851 3199 983 3276 Habere,
1006 3200 1085 3279 quod

83 3293 129 3343 est
149 3285 232 3361 quasi
249 3292 384 3343 armatum
401 3302 484 3358 esse,
507 3287 642 3344 vestitum
664 3302 742 3344 esse.
774 3283 938 3344 Novissime
955 3285 1083 3364 κεῖσθᾳι,

83 3368 162 3446 quod
179 3376 223 3427 est
240 3369 430 3444 compositum
447 3385 514 3427 esse
532 3368 656 3446 quodam
677 3367 781 3444 modo,
802 3377 833 3427 ut
854 3368 970 3444 calere,
993 3376 1083 3441 stare,

84 3452 181 3511 irasci.
220 3450 279 3510 Sed
301 3469 338 3510 en
353 3450 397 3511 bis
416 3451 546 3510 omnibus
563 3453 654 3531 prima
676 3460 812 3534 quattuor
827 3451 863 3512 ad
885 3460 977 3513 status
996 3451 1084 3530 perti·
