2566 4026
155 171 217 234 272
480 179 842 240 amnemamnem

156 350 271 401 torrens
288 338 414 399 iadicem
429 336 477 396 vel
495 338 634 395 nitentem
649 342 751 395 contra
766 333 843 394 feret
859 344 1018 415 cogetque
1037 338 1101 416 ire,
1127 357 1177 418 qua

156 426 259 502 rapiet.
296 420 351 483 Hic
380 430 478 482 orator
503 429 532 480 et
554 418 707 480 defunctos
730 418 869 478 excitabit
888 428 920 478 ut
948 418 1088 499 Appium
1106 420 1176 484 Cae·

156 525 235 583 cum,
260 506 335 584 apud
349 505 426 565 hunc
442 514 472 565 et
487 504 579 583 patria
594 505 658 581 ipsa
672 501 866 579 exclamabit,
883 503 1116 584 aliquandoque
1133 504 1176 566 Gi·

157 608 294 652 ceronem
318 591 346 648 in
370 590 501 649 oratione
524 596 625 647 contra
642 584 792 646 Catilinam
813 587 842 645 in
863 596 968 647 senatu
986 589 1174 669 alloquetur.

113 675 208 742 callio
232 683 262 734 et
285 670 554 751 amplificationibus
580 669 705 730 extollet
728 669 905 747 arationem,
934 679 965 730 et
990 673 1024 732 in
1041 674 1174 753 superla-

155 761 262 819 tionem
283 773 400 836 quoque
421 757 560 834 erigetur.
600 752 687 828 Quae
706 751 880 833 Charybdis
899 761 964 816 tam
986 761 1123 819 aaran?
1149 767 1174 819 et

157 841 301 904 Oceanus
321 841 441 902 medias
460 839 555 919 fidiae
574 841 649 919 ipae.
682 837 758 898 Nota
778 846 843 897 sant
865 839 940 898 enim
955 841 1016 899 iam
1032 842 1173 903 studiosis

154 926 229 986 haec
255 925 369 985 lumina.
408 922 462 984 llic
489 925 561 984 deos
585 925 666 1001 ipsos
692 924 722 981 in
746 939 936 1000 congressum
962 940 1065 1003 prope
1091 944 1172 986 suum

154 1026 377 1088 sermonemque
393 1007 534 1068 deducet:
556 1005 616 1069 Vos
630 1007 710 1068 enim
724 1002 839 1068 Albani
853 1007 961 1069 tumuli
975 1016 1076 1088 atque
1091 1012 1171 1078 lacir

154 1112 224 1169 aaa,
244 1095 384 1172 inquam,
408 1088 597 1154 Albanarum
614 1091 743 1152 obrutae
760 1109 855 1169 arae,
877 1110 1048 1154 sacrorum
1062 1095 1171 1173 papati
1211 1114 1214 1123 ·

154 1179 285 1239 Romani
307 1179 412 1240 sociae
432 1185 461 1237 et
481 1177 638 1254 aequales.
670 1173 724 1233 llic
749 1173 836 1251 iram,
861 1173 909 1234 bic
931 1176 1169 1241 misericordiam

155 1260 322 1339 inspirabit,
340 1261 387 1321 hic
406 1260 497 1320 dicet:
522 1258 563 1322 Te
577 1259 655 1320 cidit
671 1266 699 1320 et
714 1259 882 1337 appellarit
896 1270 925 1321 et
938 1256 1048 1337 itaciu-
1068 1270 1101 1322 et
1118 1280 1169 1340 per

157 1362 256 1404 omnes
272 1345 395 1405 affectus
410 1352 550 1404 tractatus
565 1344 622 1403 buc
639 1351 725 1421 atque
743 1341 813 1402 illac
834 1351 973 1421 sequetur
987 1362 1048 1405 nec
1065 1345 1169 1406 doceri

113 1444 148 1499 63
155 1428 342 1489 desiderabit.
375 1427 472 1501 Quare
495 1428 520 1487 si
542 1446 580 1487 ex
596 1426 687 1486 tribus
703 1425 747 1485 his
763 1426 921 1503 generibus
937 1430 1118 1490 necessario
1135 1431 1168 1488 sit

156 1512 320 1590 eligendum
335 1530 435 1573 unum:
455 1513 518 1590 quis
534 1510 645 1573 dubitet
661 1510 718 1570 hoc
732 1510 884 1588 praeferre
900 1510 1036 1572 omnibus
1051 1521 1082 1572 et
1097 1512 1167 1574 vali-

156 1596 301 1656 dissimam
326 1596 435 1674 alloqui
453 1604 483 1655 et
502 1596 630 1656 maximis
657 1593 819 1673 quibusque
841 1596 936 1655 causis
959 1597 1166 1658 accommoda·

113 1694 149 1748 64
156 1676 316 1739 tissimum?
344 1679 417 1740 Nam
434 1689 463 1739 et
477 1679 620 1739 Homerus
637 1678 757 1739 brevem
773 1678 888 1756 quidem
905 1697 968 1738 cum
984 1679 1166 1742 iucunditate

156 1773 185 1823 et
201 1764 364 1842 propriam,
388 1762 417 1822 id
433 1765 507 1822 enlm
524 1772 568 1822 est
582 1782 644 1823 aare
659 1763 811 1824 deerrare
824 1763 943 1840 oerbis,
968 1771 997 1823 et
1016 1773 1166 1824 carentem

155 1846 347 1925 supervacuis
379 1845 575 1925 eloquentiam
598 1844 734 1906 blenelao
760 1846 854 1922 dedit,
882 1864 957 1925 quae
983 1856 1051 1908 sunt
1076 1850 1166 1909 virtu·

154 1939 200 1989 tes
214 1930 332 2006 generis
348 1929 425 1989 illius
441 1930 538 2008 primi;
567 1938 598 1989 et
618 1948 656 1990 ex
679 1947 731 1990 ore
745 1929 879 1991 Nestoris
903 1930 974 1991 dixit
994 1933 1167 1996 dulciorem

155 2013 241 2074 melle
254 2009 412 2091 prolicere
425 2032 606 2092 sermonem,
622 2032 678 2094 qua
696 2022 777 2074 certe
795 2014 993 2074 delectatione
1007 2016 1082 2076 nihil
1098 2017 1167 2094 fingi

154 2096 246 2156 maius
262 2105 374 2175 potest;
394 2098 447 2158 sed
465 2116 602 2158 summam
613 2116 772 2176 aggressus
789 2099 818 2158 in
828 2097 915 2159 Ulixe
928 2099 1096 2160 facundiam
1108 2118 1165 2160 ma-

155 2180 333 2258 gnitudinem
348 2181 390 2241 illi
406 2183 509 2252 iunxit;
533 2183 579 2243 cui
603 2184 762 2243 orationem
781 2183 902 2244 ciciliam
915 2184 1055 2245 bibernis
1069 2193 1102 2244 et
1118 2201 1165 2244 co·

112 2266 203 2344 65pia
219 2265 375 2325 verborum
391 2275 421 2326 et
435 2269 542 2345 impetu
558 2284 657 2345 parem
673 2265 779 2326 tribuit.
811 2263 886 2327 Gom
901 2267 958 2328 boc
974 2267 1065 2345 igitur
1078 2287 1166 2330 nemo

155 2351 329 2412 mortalium
346 2351 524 2422 coeundam
549 2351 630 2412 banc
647 2358 682 2412 at
703 2351 794 2411 deam
808 2351 943 2411 lromioea
955 2352 1166 2415 intuebantur.

155 2431 236 2492 Hanc
258 2435 316 2494 vim
342 2442 371 2494 et
398 2435 578 2494 celeritatem
598 2435 627 2493 in
648 2433 762 2494 Pericle
782 2435 901 2494 mirator
922 2433 1063 2514 Eupolis,
1091 2435 1167 2497 banc

156 2515 320 2577 fulminibus
343 2517 556 2596 Aristophanes
583 2526 749 2596 comparat,
776 2517 851 2577 haec
876 2527 922 2577 est
946 2537 1019 2578 vere
1049 2520 1166 2580 dicendi

155 2599 290 2660 facultas.

113 2700 147 2754 66
239 2684 299 2745 Sed
326 2702 422 2763 neque
447 2685 491 2745 his
514 2685 606 2745 tribus
628 2687 711 2764 quasi
732 2685 833 2745 formis
860 2685 972 2746 inclusa
994 2685 1167 2767 eloquentia

157 2775 211 2826 est.
247 2767 320 2828 Nam
335 2776 367 2828 ut
383 2769 459 2828 iuter
473 2769 584 2846 gracile
600 2769 785 2848 validumque
800 2771 915 2829 tertiam
931 2768 1040 2848 aliquid
1057 2773 1166 2831 consti·

156 2858 246 2910 tutam
263 2860 323 2912 est:
348 2853 387 2912 ita
409 2853 511 2913 horum
532 2853 686 2914 intervalla
704 2862 785 2930 sunt,
810 2861 897 2931 atque
918 2854 993 2914 inter
1008 2852 1086 2915 baec
1102 2856 1167 2934 ipsa

113 2935 273 3007 prmixtum
289 2935 423 3014 quiddam
439 2954 477 2996 ex
493 2936 605 2997 dnobus
621 2938 746 2998 medium
762 2946 807 2997 est
822 2955 931 2997 eorum.
961 2936 1035 2998 Nam
1052 2947 1082 2998 et
1097 2938 1165 2999 sub·

156 3017 200 3077 tili
228 3019 343 3098 plenius
371 3020 478 3099 aliquid
505 3030 591 3100 atque
617 3021 749 3081 subtilius
775 3030 805 3081 et
826 3021 992 3081 vehementi
1012 3024 1166 3082 remissius

157 3110 245 3181 atque
267 3103 467 3164 vehementius
491 3106 649 3181 invenitur,
673 3114 704 3165 ut
726 3105 797 3167 illud
818 3105 885 3166 lene
907 3115 955 3165 aut
978 3107 1114 3167 ascendit
1130 3105 1166 3166 ad

156 3186 277 3247 fortiora
300 3197 348 3248 aut
369 3188 404 3249 ad
425 3191 556 3250 tenuiora
575 3191 764 3250 summittitur.
799 3190 844 3250 Ac
866 3191 910 3249 sic
925 3206 1020 3268 prope
1035 3190 1165 3250 innume-

155 3269 265 3331 rabiles
291 3273 408 3350 species
434 3275 634 3352 reperiuntur,
664 3292 739 3353 qaae
766 3275 866 3353 utique
892 3272 990 3352 aliquo
1017 3283 1165 3336 momento

156 3355 232 3414 inter
249 3373 282 3414 se
305 3356 452 3418 differant:
475 3360 550 3418 sicut
573 3366 709 3438 quattuor
730 3367 835 3418 ventos
857 3356 1037 3434 generaliter
1059 3377 1077 3419 a
1099 3361 1165 3419 toti·

64 3492 66 3496 ,
157 3436 223 3496 dem
243 3438 338 3500 mundi
361 3441 524 3502 cardinibus
546 3443 712 3520 accepimus
728 3441 816 3518 flare,
840 3460 904 3502 cum
918 3442 1034 3502 interim
1048 3442 1166 3522 plurimi
