2566 4026
168 153 209 216 62
486 165 523 212 rr.
541 163 621 212 sna.
639 163 861 224 annumerant

166 323 228 405 puli
243 321 382 399 magistri.
422 317 513 395 Quin,
537 319 560 377 si
577 318 640 378 lieri
657 328 773 398 potest,
800 318 991 380 intendendus
1014 321 1124 381 animus
1146 323 1174 381 in

166 407 224 468 lroc
240 422 368 486 quoque,
383 413 412 463 ut
427 403 598 482 perspiciat,
618 420 693 482 quae
709 404 832 482 quisque
849 412 878 463 et
894 405 1040 482 quomodo
1059 404 1172 474 laudet;

168 502 197 553 et
211 491 342 569 placere,
360 504 435 566 quae
450 487 526 547 bene
543 487 636 563 dicet,
653 505 710 547 non
726 504 780 547 suo
796 489 888 566 magis
905 507 989 567 qnam
1006 506 1107 550 eorum
1122 506 1173 548 no-

168 578 244 636 mine
261 572 439 646 delectetur,
457 572 505 650 qui
521 581 603 630 recte
619 571 796 632 iudicabunt.

127 665 159 721 14
250 658 361 719 Pueros
388 655 625 716 adolescentibus
647 657 807 734 permixtos
837 656 960 734 sedere,
989 675 1047 717 non
1075 657 1175 737 placet

165 744 243 804 mihi.
276 740 348 802 Nam
365 741 476 800 etiamsi
491 740 535 798 vir·
553 739 630 815 talis,
648 740 763 819 qualem
779 757 847 799 esse
863 750 981 820 oportet
996 741 1097 801 studiis
1113 758 1172 802 mo·

165 826 303 905 ribusque
319 825 534 905 praepositum,
557 823 718 884 modestam
733 824 843 884 habere
858 834 958 904 potest
973 827 1058 886 etiam
1074 829 1175 886 iuven-

166 921 271 973 tutem:
290 919 385 970 tamen
402 907 451 968 vel
467 908 614 968 infirmitas
632 926 647 968 a
664 908 877 968 robustioribus
892 909 1055 989 separanda
1071 920 1127 988 est,
1145 917 1172 970 et

168 995 324 1057 carendum
345 1011 403 1054 non
424 991 518 1051 solum
544 993 663 1052 crimine
688 994 870 1071 turpitudinis
893 996 1103 1055 verumetiam
1126 1014 1173 1054 su·

127 1088 158 1140 15
167 1082 309 1160 spicione.
347 1077 428 1139 Haec
451 1076 577 1137 notanda
598 1077 728 1137 breviter
752 1078 923 1138 existimari.
964 1076 1037 1138 Nam
1053 1087 1082 1138 ut
1099 1078 1174 1139 absit

168 1164 203 1225 ab
220 1164 327 1226 ultimis
343 1163 420 1222 vitiis
441 1161 506 1240 ipse
526 1170 705 1240 praeceptor
727 1179 762 1221 ac
785 1162 904 1239 schola,
929 1181 967 1222 ne
990 1163 1172 1241 praecipien-

167 1249 233 1309 dum
249 1247 363 1327 quidem
380 1245 479 1306 credo.
519 1245 564 1305 Ac
580 1246 604 1303 si
621 1246 684 1324 quis
701 1253 763 1321 est,
789 1247 836 1324 qui
851 1245 960 1325 flagitia
978 1246 1129 1306 manifesta
1145 1251 1174 1305 in

168 1332 304 1410 eligendo
329 1331 381 1390 lilii
403 1338 599 1408 praeceptore
614 1347 673 1389 non
686 1330 776 1406 vitet,
802 1333 858 1389 iam
873 1330 939 1390 hinc
957 1333 1047 1407 sciat,
1074 1339 1173 1390 cetera

167 1434 300 1495 quoque,
325 1431 400 1493 quae
424 1413 460 1473 ad
483 1412 635 1472 utilitatem
655 1414 812 1473 iuventutis
829 1431 1007 1492 componere
1024 1432 1172 1491 conamur,

167 1516 235 1559 esse
250 1499 304 1558 sibi
320 1500 375 1559 hac
393 1505 475 1576 parte
491 1496 598 1556 omissa
614 1513 805 1575 supervacua.

229 1650 274 1700 ΑΝ
293 1649 454 1702 Pnournuts
473 1647 709 1699 PRAECEPTORE
729 1647 850 1699 OPTIMO
872 1649 924 1700 SIT
943 1651 1110 1705 UTENDUM.

249 1746 299 1807 lll.
332 1747 377 1806 Ne
400 1747 515 1807 illorum
539 1745 654 1825 quidem
682 1746 834 1825 persuasio
858 1747 975 1808 silentio
998 1749 1171 1810 transeunda

166 1841 222 1911 est,
251 1833 311 1912 qui,
328 1832 413 1891 etiarn
437 1850 501 1891 cum
525 1830 648 1890 idoneos
663 1829 774 1913 rhetori
789 1847 898 1908 pueros
916 1841 1099 1909 putaverunt,
1115 1850 1172 1892 non

164 1925 259 1978 tamen
273 1916 408 1976 continuo
420 1914 578 1976 tradendos
591 1914 815 1974 eminentissimo
830 1915 951 1975 credunt
965 1916 1019 1977 sed
1033 1917 1110 1995 apud
1122 1918 1171 1976 mi-

164 2018 252 2062 nores
269 1999 441 2078 aliquamdiu
454 1998 595 2067 detinent;
612 2007 748 2077 tanquam
763 1999 944 2061 instituendis
958 2000 1067 2061 artibus
1080 2002 1172 2079 magis

164 2086 201 2144 sit
217 2093 284 2164 apta
299 2084 485 2146 rnediocritas
501 2083 720 2162 praeceptoris,
747 2101 811 2142 cum
836 2084 871 2144 ad
888 2083 1068 2144 intellectum
1086 2095 1172 2163 atque

164 2168 199 2228 ad
211 2169 399 2228 imitationem
416 2167 531 2228 facilior
548 2166 652 2226 tumad
664 2167 866 2244 suscipiendas
885 2169 1094 2229 elementorum
1112 2185 1171 2228 mo·

137 2251 267 2312 blestias
282 2252 373 2311 minus
390 2251 526 2330 superba.
561 2250 625 2324 Qua
640 2252 667 2308 in
683 2269 716 2310 re
732 2251 799 2310 milri
815 2269 872 2312 non
888 2253 1014 2312 arbitror
1030 2254 1076 2314 diu
1089 2253 1171 2313 labo·

163 2335 292 2412 randum,
308 2344 339 2395 ut
354 2335 515 2411 ostendam,
534 2343 640 2413 quanto
660 2336 696 2394 sit
708 2335 811 2395 melius
824 2337 938 2416 optimis
951 2338 1048 2414 imbui,
1066 2345 1172 2416 quanta

162 2420 191 2478 in
213 2419 361 2496 eluendis,
384 2436 459 2498 quae
479 2418 571 2479 semel
593 2419 769 2495 insederint,
793 2421 870 2481 vitiis
892 2420 1048 2482 difficultas
1067 2438 1171 2481 conse·

164 2513 281 2582 quatum
308 2522 372 2564 cum
387 2505 561 2581 geminatum
579 2519 652 2562 onus
668 2503 863 2564 succedentes
880 2514 992 2582 premat
1009 2514 1037 2563 et
1055 2505 1171 2582 quidem

135 2588 325 2649 3dedooendi
341 2589 459 2666 gravius
475 2606 510 2648 ao
525 2589 605 2667 prius
622 2605 707 2665 quam
723 2586 856 2646 docendi.
888 2586 1012 2663 Propter
1028 2587 1106 2663 quod
1123 2587 1169 2646 Ti·

161 2673 322 2749 motlreum,
347 2671 455 2732 clarum
476 2674 505 2730 in
526 2679 589 2730 arte
610 2670 757 2744 tibiarum,
789 2669 883 2728 ferunt
908 2668 1040 2746 duplices
1064 2669 1168 2744 abiis,

163 2773 237 2836 quos
261 2757 333 2817 alius
354 2755 541 2829 instituisset,
564 2752 680 2812 solitum
702 2752 823 2828 exigere
843 2752 1014 2827 mercedes,
1037 2770 1121 2831 quam
1145 2753 1170 2811 si

161 2839 249 2900 rudes
265 2839 456 2901 traderentur.
484 2836 575 2896 Error
587 2844 684 2895 tamen
700 2836 785 2895 estin
801 2853 835 2894 re
850 2835 974 2914 duplex:
991 2855 1074 2913 unus,
1092 2837 1170 2915 quod

161 2922 275 2982 interim
290 2923 428 2983 sulficere
444 2922 512 2982 illos
529 2922 656 2980 minores
673 2920 852 2996 existimant,
872 2929 911 2996 et,
928 2920 1005 2981 bono
1023 2940 1093 2981 sane
1109 2930 1169 2980 sto·

136 3008 280 3083 lmacho,
298 3007 427 3069 contenti
442 3014 523 3074 sunt;
540 3022 614 3084 quae
628 3021 789 3083 quanquam
806 3013 851 3064 est
862 3005 925 3083 ipsa
936 3005 1170 3084 reprehensione

162 3088 248 3168 digna
270 3092 432 3165 securitas,
456 3098 550 3151 tamen
572 3097 652 3148 esset
672 3096 819 3166 utcunque
841 3088 1020 3167 tolerabilis,
1045 3091 1069 3149 si
1093 3091 1156 3149 eius

162 3172 239 3233 nrodi
266 3183 479 3254 praeceptores
500 3173 591 3233 minus
621 3173 763 3233 docerent
797 3189 855 3233 non
884 3175 983 3253 peius;
1016 3174 1091 3234 alter
1118 3173 1170 3235 ille

164 3256 250 3317 etiam
265 3257 463 3336 frequentior,
488 3256 566 3337 quod
581 3273 645 3334 eos,
664 3257 712 3335 qui
730 3256 901 3335 ampliorem
916 3258 1031 3320 dicendi
1047 3257 1169 3318 faculta-

163 3348 221 3401 tem
238 3341 294 3400 sint
312 3344 478 3420 consecuti,
497 3358 555 3402 non
571 3349 671 3421 putant
687 3341 723 3402 ad
739 3341 849 3402 minora
866 3342 1065 3416 descendere,
1083 3342 1169 3420 idque

163 3425 276 3486 interim
292 3425 370 3503 deri,
400 3429 467 3505 quia
488 3425 633 3487 fastidiant
656 3434 808 3506 praestare
830 3425 905 3488 banc
920 3425 1104 3487 inferioribus
1121 3443 1169 3485 cu·
