2566 4026
159 140 200 207 68
478 153 843 213 n.rae.qu1nr1n1an1

116 323 150 379 27
243 309 317 371 Nam
333 309 419 370 locos
435 309 566 388 quidem,
586 309 689 388 quales
708 318 773 369 sunt
792 307 829 369 de
846 310 986 389 testibus,
1004 331 1167 391 semperne

159 398 208 460 bie
223 396 428 471 credendum,
448 402 477 453 et
494 393 530 452 de
550 396 742 471 argumentis,
764 411 806 454 on
820 395 966 457 babendo
982 399 1073 457 etiam
1086 416 1165 475 por-

159 483 207 543 ois
226 480 323 558 fides,
353 479 429 538 adeo
452 478 634 538 manifestum
658 487 703 539 est
724 479 760 538 ud
787 479 922 539 forenses
944 482 1075 541 actiones
1099 500 1165 560 per-

159 568 269 640 tinere,
293 573 323 623 ut
346 564 462 641 quidam
482 580 578 641 neque
597 563 743 640 ignobiles
766 563 794 621 in
812 564 918 623 ciliciis
941 565 1074 625 civilibus
1094 568 1166 626 scri·

159 659 226 729 ptos
250 664 302 707 eos
325 648 543 726 memoriaeque
564 647 785 724 diligentissime
808 648 957 708 mandatos
977 650 1006 709 in
1029 659 1165 729 promptu

159 733 328 807 habuerint,
351 741 381 791 ut
404 733 538 811 quotiens
562 741 641 791 esset
661 734 798 808 occasio,
825 734 1042 812 extemporales
1065 751 1165 794 eorum

116 818 303 878 28dictiones
324 815 369 874 his
392 816 474 876 velut
497 816 677 876 emblematis
701 825 921 876 exornarentur.
964 817 1028 891 Quo
1050 820 1164 896 quidem

160 903 271 981 (neque
295 901 369 961 enim
392 903 454 960 eius
484 903 527 960 rei
555 901 690 961 iudicium
712 900 830 960 differre
853 903 1000 982 sustineo)
1028 921 1165 962 summam

158 986 331 1047 uidebantur
353 985 421 1045 mihi
444 985 636 1045 infirmitatem
659 985 695 1046 de
718 1003 751 1043 se
775 986 917 1045 confiteri.
952 985 1025 1047 Nam
1048 987 1115 1065 quid
1136 986 1165 1045 bi

159 1072 273 1150 possint
297 1071 325 1128 in
349 1071 461 1145 causis,
485 1089 604 1148 quarum
622 1071 702 1129 varia
720 1078 749 1128 et
766 1087 843 1130 nova
862 1088 979 1149 semper
997 1080 1043 1130 est
1060 1072 1164 1147 facies,

159 1157 309 1234 proprium
338 1155 482 1223 invenire;
512 1153 657 1232 quomodo
683 1156 843 1232 propositis
872 1173 910 1214 ex
936 1164 1019 1233 parte
1043 1155 1165 1215 adversa

159 1239 358 1318 respondere,
380 1239 617 1299 altercationibus
636 1239 781 1298 velociter
798 1255 973 1314 occurrere,
992 1249 1096 1300 testem
1117 1257 1158 1298 ro·

160 1343 248 1403 gare:
272 1325 320 1402 qui
343 1325 428 1383 etiam
448 1325 475 1382 in
493 1324 554 1398 his,
579 1341 654 1401 quae
673 1332 738 1382 sunt
757 1324 917 1383 communia
940 1333 969 1383 et
990 1325 1017 1382 in
1035 1324 1165 1402 plurimis

163 1410 258 1469 causis
288 1416 463 1484 tractantur,
492 1408 709 1484 vulgatissimos
738 1424 843 1467 sensus
871 1407 970 1467 verbis
1000 1409 1054 1467 uisi
1084 1417 1164 1467 tanto

118 1499 152 1553 29
162 1501 227 1553 ante
251 1493 432 1570 praeparatis
458 1493 598 1569 prosequi
622 1489 790 1569 nequeant?
828 1491 892 1552 Neo
914 1510 986 1553 vero
1013 1493 1074 1568 his,
1102 1510 1166 1551 curn

162 1575 263 1636 eadem
284 1575 396 1634 iudiciis
416 1574 547 1654 pluribus
568 1575 682 1651 dicunt,
706 1584 754 1634 aut
771 1576 916 1636 fastidium
933 1585 1069 1637 moveant
1085 1576 1165 1636 velut

161 1661 258 1737 frigidi
287 1669 316 1718 et
342 1660 466 1739 repositi
494 1659 568 1735 cibi,
600 1669 649 1720 aut
676 1659 818 1738 pudorem
845 1661 1029 1740 deprebensa
1057 1662 1164 1720 totiens

162 1744 336 1804 audientium
353 1745 492 1804 memoria
512 1743 613 1803 infelix
633 1743 785 1822 supellex,
811 1763 887 1824 quae
909 1747 984 1805 siout
1001 1745 1076 1823 apud
1095 1763 1165 1823 pau·

161 1846 250 1908 peres
277 1826 446 1887 ambitiosos
476 1828 606 1906 pluribus
638 1838 668 1889 et
695 1828 818 1888 diversis
842 1829 947 1889 officiis
977 1825 1165 1889 conteratur?

119 1911 234 1977 eodum
261 1929 297 1972 eo
322 1913 437 1991 quidem
460 1913 537 1992 quod
560 1914 611 1972 vix
635 1913 712 1973 ullus
736 1923 781 1972 est
802 1922 860 1973 tarn
890 1915 1047 1973 communis
1069 1913 1165 1989 locus,

163 1999 211 2076 qui
234 1999 328 2076 possit
351 1998 511 2058 cohaerere
531 2016 594 2057 cum
618 2016 705 2058 causa
721 1999 775 2057 nisi
797 1998 896 2077 aliquo
917 1999 1055 2077 propriae
1077 2015 1165 2076 quae-

163 2082 264 2140 stionis
294 2081 410 2141 vinculo
437 2081 607 2161 copulatus,
637 2091 836 2161 appareatque
866 2101 931 2143 eum
955 2099 1013 2141 non
1042 2092 1099 2142 tam
1124 2083 1163 2139 in-

121 2175 270 2228 3lsertum
290 2183 375 2244 mam
394 2166 576 2244 applicitum3
601 2166 650 2226 vel
668 2167 746 2245 quod
763 2166 910 2228 dissimilis
929 2176 974 2226 est
993 2167 1099 2226 ceteris
1116 2164 1165 2223 vel

163 2249 240 2327 quod
263 2249 435 2328 plerumque
457 2252 563 2310 assumi
586 2252 672 2311 etiam
694 2269 794 2329 parum
813 2261 880 2330 apte
902 2251 994 2327 solet,
1019 2267 1076 2309 non
1099 2250 1166 2328 quia

163 2334 345 2394 desideratur
368 2334 421 2394 sed
444 2336 510 2412 quia
532 2343 650 2413 paratus
674 2344 728 2394 est.
763 2334 802 2394 Ut
824 2336 938 2414 quidam
961 2335 1167 2395 sententiarum

163 2418 255 2496 gratia
278 2418 504 2478 verbosissimos
527 2419 611 2478 locos
636 2428 804 2494 arcessunt,
829 2439 893 2480 cum
911 2440 948 2481 ex
967 2420 1042 2480 locis
1060 2419 1167 2479 debeat

120 2505 243 2565 innasci
267 2504 420 2563 sententia.
452 2503 495 2564 lta
518 2513 583 2563 sunt
601 2513 696 2564 autem
718 2504 856 2583 speciosa
874 2505 948 2564 haec
970 2513 999 2563 et
1021 2505 1118 2578 utilia,
1141 2502 1166 2560 si

163 2589 293 2648 oriuntur
311 2607 348 2647 ex
364 2606 467 2656 oausa;
488 2596 618 2648 ceterum
636 2588 794 2668 quamlibet
810 2588 931 2666 pulchra
949 2587 1094 2659 elocutio,
1111 2585 1166 2643 nisi

164 2671 199 2730 ad
223 2673 375 2732 victoriam
397 2673 503 2748 tendit,
532 2674 631 2751 utique
659 2675 840 2751 supervacua
869 2671 922 2730 sed
944 2670 1057 2727 iuterim
1079 2668 1164 2726 etiam

164 2757 309 2816 contraria
333 2766 387 2815 est.
420 2757 530 2817 Verum
550 2757 691 2817 hactenus
711 2756 828 2833 evagari
849 2755 920 2814 satis
939 2752 1036 2812 fuerit.

11 2804 99 2889 f*
120 2848 155 2902 33
246 2840 377 2918 begum
394 2841 476 2901 laus
493 2860 528 2901 ac
545 2840 781 2920 vituperatio
807 2840 862 2897 iam
878 2838 1003 2898 maiores
1020 2855 1054 2896 ac
1070 2854 1164 2915 prope

162 2925 279 2982 summis
297 2924 435 3003 operibus
457 2925 629 2985 suffecturas
646 2927 725 2985 vires
746 2921 926 2991 desiderant;
951 2939 1026 3001 quae
1049 2922 1164 2999 quidem

163 3009 302 3068 suasoriis
314 3026 350 3067 an
367 3010 575 3069 controversiis
591 3010 682 3086 magis
695 3004 912 3068 accommodata
927 3008 965 3066 sit
981 3006 1164 3080 exercitatio,

164 3092 373 3152 consuetudine
398 3103 427 3153 et
448 3095 510 3153 iure
527 3093 673 3153 civitatum
695 3091 799 3151 dillert.
838 3090 925 3170 Apud
944 3090 1073 3152 Graecos
1091 3092 1166 3150 enim

163 3175 239 3234 lator
265 3193 363 3236 earum
384 3175 419 3237 ad
440 3177 564 3237 iudicem
586 3174 763 3251 vocabatur,
791 3175 928 3236 Romanis
951 3192 1005 3254 pro
1030 3176 1165 3235 contione

163 3257 287 3317 suadere
299 3277 334 3319 ac
345 3261 515 3322 dissuadere
530 3261 619 3320 moris
634 3260 696 3319 fuit.
719 3258 850 3336 Utroque
863 3269 958 3319 autem
973 3260 1059 3319 modo
1071 3277 1165 3337 pauca

164 3340 200 3400 de
215 3341 302 3400 biset
317 3343 380 3403 fere
394 3354 474 3405 certa
491 3344 631 3405 dicuntur.
656 3341 729 3403 Nam
741 3353 770 3403 et
780 3361 891 3421 genera
907 3352 972 3403 sunt
987 3344 1174 3429 trima-ori,

121 3423 498 3515 idpubliciprinati-„iuris
529 3427 612 3504 Quae
626 3428 730 3489 divisio
747 3429 782 3488 ad
800 3427 915 3489 laudem
930 3424 1023 3506 magis
1038 3436 1164 3508 spectat,
