2566 4026
404 163 493 211 uusn.
505 163 653 212 causon.
666 166 734 213 urs.
746 166 791 231 uu,
804 165 831 216 1.
1059 158 1116 218 tot

112 323 180 405 quid
195 310 278 382 litem
292 319 391 395 faeiat,
408 317 502 397 (quod
524 317 559 378 ab
577 318 634 377 illis
651 337 748 380 ceusu
759 319 807 380 vel
823 324 982 384 conusens
997 323 1116 404 dicitur)

111 418 141 469 et
156 424 233 487 quae
254 405 290 463 sit
305 404 379 462 inter
396 400 543 479 litigantes
560 403 704 481 quaestio,
722 413 751 463 et
767 402 804 463 de
822 421 880 483 quo
896 407 1016 467 iudicari
1029 423 1117 486 opor·

111 500 188 557 teat;
214 505 290 567 quac
312 487 407 546 omnia
429 484 505 544 idem
526 494 601 544 sunt.
638 485 711 545 Nam
733 485 819 546 etde
840 505 876 547 eo
900 492 1034 568 quaestio
1060 500 1116 568 est,

111 573 190 654 quod
212 574 241 631 in
263 570 491 632 controversiam
513 570 606 645 venit,
640 579 669 628 et
691 570 727 630 de
753 587 789 630 eo
819 571 977 649 iudicatur,
1001 574 1037 634 de
1060 590 1117 654 quo

111 657 247 738 quaestio
271 663 325 716 est.
362 653 421 713 Sed
438 669 495 712 non
517 663 660 730 perpetuo
676 654 847 715 intendimus
866 656 895 714 in
909 656 983 716 haec
998 659 1159 723 animumn

112 751 141 801 et
157 739 317 818 cupiditate
333 737 426 797 laudis
448 746 594 814 utcunque
615 738 810 816 acquirendae
829 738 878 799 vel
902 738 1017 800 dicendi
1034 740 1117 800 uolu-

112 833 193 904 ptate
211 840 385 900 evagamur,
412 820 526 898 quando
550 820 669 880 uberior
692 840 809 900 semper
828 831 911 883 extra
927 840 1043 883 causam
1059 841 1117 884 ma·

111 909 186 969 teria
205 916 266 974 est;
292 906 359 984 quia
374 906 403 963 in
419 905 621 965 controversia
637 922 731 982 pauca
752 916 833 982 sunt,
855 915 938 967 extra
956 908 1065 975 omuia;
1090 917 1119 967 et

111 992 159 1053 bic
175 991 281 1051 dicitur
297 989 333 1048 de
348 989 403 1063 his,
421 1005 496 1066 quae
512 989 690 1065 accepimus,
707 989 784 1065 illie,
801 990 838 1050 de
855 990 958 1069 quibus
974 990 1116 1050 volumus.

112 1074 176 1135 Nec
195 1083 253 1134 tam
268 1072 325 1133 hoc
340 1072 577 1150 praecipiendum
593 1080 654 1146 est,
673 1083 704 1131 ut
720 1075 936 1152 quaestionem,
954 1075 1160 1151 contineamus

112 1159 319 1219 iudicationem
333 1157 510 1216 inveniamus
533 1155 620 1232 (nam
636 1155 664 1214 id
681 1157 795 1235 quidem
810 1157 899 1217 facile
920 1160 1007 1238 est),
1032 1175 1117 1237 quam

113 1252 143 1302 ut
158 1244 321 1301 intueamur
336 1257 468 1318 semper,
489 1248 537 1300 aut
555 1247 637 1298 certe
651 1240 676 1297 si
692 1240 817 1316 digressi
833 1241 989 1316 fuerimus,
1013 1242 1118 1302 saltem

113 1327 315 1404 respiciamus,
332 1341 368 1382 ne
386 1322 518 1401 plausum
535 1322 736 1382 affectantibus
750 1341 829 1384 arma
845 1325 989 1385 excidant.
1021 1322 1118 1385 'l'heo-

114 1409 178 1470 dori
200 1407 319 1483 schola,
335 1416 365 1467 ut
383 1407 460 1480 dixi,
482 1408 576 1465 omnia
591 1406 683 1465 refert
700 1405 736 1466 ad
753 1409 867 1485 capito.
902 1407 954 1467 llis
975 1407 1058 1487 plura
1075 1410 1161 1472 in·2⁷

115 1492 303 1569 telliguntur:
320 1508 377 1550 uno
392 1490 478 1549 modo
495 1507 602 1549 summa
618 1491 750 1568 quaestio
766 1493 834 1550 item
850 1500 882 1552 ut
897 1499 1007 1567 status,
1024 1492 1117 1552 altero

116 1586 235 1636 ceterae
254 1592 329 1653 quae
345 1574 380 1634 ad
402 1590 539 1633 summam
552 1574 734 1650 referuntur,
757 1576 845 1634 tertio
864 1577 1029 1654 propositio
1054 1593 1119 1635 oum

115 1660 321 1726 affirmatione;
344 1667 375 1717 ut
397 1658 534 1731 dicimus,
561 1655 663 1737 Caput
681 1659 729 1719 rei
745 1667 804 1733 est,
837 1659 912 1738 apud
933 1658 1119 1719 Menandrum

116 1737 281 1819 κεφάλαιόν
290 1740 377 1801 ἐστιν.
411 1739 444 1800 ln
462 1741 626 1799 uuiversum
645 1749 758 1817 autem,
785 1742 923 1822 quidquid
939 1742 1119 1821 probandum

118 1835 173 1903 est,
195 1827 250 1885 erit
263 1834 372 1903 capum
389 1824 441 1884 sed
458 1823 486 1884 id
500 1826 590 1883 maius
607 1827 771 1884 autminus.

201 1908 239 1969 Et
260 1909 411 1988 quoniam,
435 1924 509 1985 quae
532 1908 568 1967 de
588 1907 633 1967 bis
659 1917 740 1969 eraut
760 1926 776 1968 a
800 1910 992 1988 scriptoribus
1007 1908 1160 1974 Artiumas

116 1993 237 2070 tradita,
267 1992 421 2053 verbosius
454 1991 539 2050 etiam
566 2008 649 2070 quam
678 2009 803 2052 necesse
829 2003 893 2055 erat
920 1993 1118 2071 exposuimus,

117 2087 287 2158 praeterea,
313 2093 387 2156 quae
402 2083 500 2153 partes
517 2075 573 2134 sint
594 2076 768 2136 iudicialium
783 2095 949 2153 causarum,
975 2094 1063 2155 supra
1079 2075 1120 2135 dl·

118 2171 196 2222 ctum
210 2170 269 2221 est:
288 2161 437 2238 proximus
452 2157 528 2217 liber
542 2176 558 2217 a
574 2160 664 2237 prima
679 2161 708 2220 id
724 2169 770 2220 est
786 2162 908 2222 exordio
925 2162 1055 2240 incipiet.

499 2479 659 2544 LIBER
689 2479 748 2544 IV.

119 2615 196 2666 Libro
220 2626 309 2679 quarto
333 2615 397 2664 haee
412 2616 583 2665 continentur:
598 2611 767 2662 Prooemium.
804 2609 841 2660 Ile
860 2608 974 2660 exordio.
1011 2608 1049 2659 De
1064 2623 1123 2658 nar-

154 2685 261 2736 ratione.
298 2683 336 2734 De
352 2684 507 2750 egressione.
544 2682 583 2733 De
601 2679 784 2757 propositione.
820 2678 857 2729 De
873 2677 1017 2744 partitione.

522 2794 722 2846 PROOEMIUM.

208 2865 369 2972 Perfecto,
398 2891 575 2953 Marcelle
598 2892 767 2966 Victori,
795 2888 894 2968 operis
921 2888 972 2946 tibi
998 2885 1124 2947 dedicati

122 2980 209 3039 tertio
226 2977 301 3038 libro
318 2986 347 3036 et
362 2978 418 3037 iam
433 2985 534 3054 quarta
556 2977 620 3037 fere
645 2975 755 3035 laboris
771 2982 854 3053 parte
870 2978 1026 3045 transacta,
1048 2986 1124 3029 noua
1227 3046 1232 3053 Ι

121 3064 242 3140 insuper
255 3062 322 3122 milri
338 3060 506 3138 diligentiae
524 3078 611 3120 eausa
627 3068 656 3119 et
675 3058 760 3118 altior
773 3055 956 3130 sollicitudo,
981 3052 1068 3131 quale
1083 3054 1124 3112 iu-

123 3146 228 3206 dicium
243 3145 387 3206 bominum
402 3162 565 3219 emererer,
585 3143 720 3204 accessit.
758 3140 863 3201 Adbuc
879 3140 953 3198 enim
970 3137 1050 3196 velut
1066 3145 1124 3196 stu·

124 3230 170 3290 dia
191 3230 267 3288 iuter
290 3246 343 3289 nos
367 3227 607 3302 conferebamus,
636 3236 665 3286 et
688 3226 713 3284 si
741 3241 842 3303 parum
864 3230 964 3282 nostra
984 3221 1124 3281 institutio

123 3311 299 3391 probaretur
314 3330 330 3371 a
346 3313 463 3386 ceteris,
481 3313 607 3370 contenti
623 3310 687 3369 fore
702 3307 864 3368 domestico
879 3323 931 3364 usu
945 3303 1124 3379 videbamur,

125 3403 156 3454 ut
168 3395 208 3454 tul
223 3394 340 3473 melque
355 3394 405 3455 lilii
427 3393 553 3454 formare
569 3390 750 3470 disciplinam
765 3391 835 3451 satis
846 3397 1022 3468 putaremus.
1053 3384 1153 3447 Guml
