2566 4026
227 126 285 189 106
541 137 905 196 concurreramus

222 296 324 356 studiis
341 312 425 374 quam
440 293 564 353 dulcior.
605 291 782 365 Quinetiam
798 291 855 350 hoc
871 293 976 367 timeo,
1004 312 1040 352 ne
1063 312 1101 353 ex
1120 313 1156 355 eo
1173 297 1225 356 mi-

221 397 323 439 norem
338 380 460 455 gratiam
475 380 562 450 ineat,
581 376 658 453 quod
675 376 816 454 pleraque
832 392 889 435 non
906 378 1022 437 inventa
1038 396 1092 456 per
1108 397 1154 439 me
1172 381 1225 441 sed

222 463 257 523 ab
276 463 338 523 aliis
355 463 458 523 tradita
475 458 650 526 continebit;
666 458 773 518 haheat
789 461 874 518 etiam
891 461 1040 537 quosdam,
1058 465 1106 540 qui
1124 474 1225 526 contra

222 548 345 607 sentiant
370 556 398 605 et
420 546 629 619 adversentur,
654 552 814 622 propterea
836 544 914 622 quod
936 545 1050 622 plurimi
1076 557 1224 625 auctores,

222 632 351 710 quamvis
368 630 473 689 eodem
497 628 664 703 tenderent,
692 628 822 688 diversas
846 636 940 688 tamen
959 631 1021 689 vias
1046 634 1225 691 muniverunt

193 725 310 794 datque
332 715 362 773 in
385 732 464 773 suam
488 715 612 791 quisque
640 712 750 772 induxit
773 712 942 790 sequentes.
980 712 1024 773 Illi
1047 724 1141 775 autern
1157 735 1224 794 pro·

222 799 291 859 hant
319 798 523 877 qualecunque
547 798 672 873 ingressi
695 805 760 856 sunt
779 798 853 872 iter,
882 815 938 856 nec
958 797 1047 857 facile
1065 800 1223 860 inculcatas

222 883 320 960 pueris
334 883 543 960 persuasiones
561 883 734 956 mutaveris,
759 883 826 959 quia
838 896 921 940 neruo
939 898 996 939 non
1012 881 1149 943 didicisse
1167 901 1224 943 ma·

193 965 283 1030 lvult
298 983 382 1044 quam
398 966 523 1025 discere.
559 963 612 1023 Est
635 974 746 1038 autem,
767 973 798 1024 ut
818 965 998 1042 procedente
1014 964 1089 1026 libro
1103 968 1224 1044 patebit.

222 1051 330 1110 infinita
345 1050 488 1109 dissensio
504 1057 669 1123 auctorum,
692 1051 784 1126 primo
806 1048 841 1108 ad
865 1066 915 1124 ea,
939 1067 1014 1127 quae
1036 1050 1117 1110 rudia
1137 1061 1224 1129 atque

221 1133 393 1213 imperfecta
409 1133 502 1193 adhuc
518 1141 619 1207 erant,
645 1132 846 1193 adiicientibus
862 1132 939 1210 quod
954 1134 1133 1193 invenissent
1152 1138 1224 1194 scri·

221 1217 369 1296 ptorihus‚
385 1234 469 1294 mox,
489 1226 519 1276 ut
534 1216 641 1294 aliquid
657 1218 701 1276 sui
714 1216 880 1276 viderentur
898 1216 1020 1293 afferre,
1043 1220 1128 1277 etiam
1143 1228 1224 1278 recta

221 1301 403 1363 mutantibus.

194 1395 213 1450 8
308 1386 381 1446 Nam
396 1387 503 1464 primus
517 1394 584 1463 post
602 1402 666 1459 eos,
683 1401 756 1462 quos
773 1393 880 1462 poetae
894 1385 1083 1463 tradiderunt,
1097 1389 1225 1446 movisse

222 1470 319 1548 aliqua
341 1471 419 1530 circa
443 1469 610 1530 rhetoricen
630 1467 826 1546 Empedocles
847 1469 960 1528 dicitur.
996 1469 1108 1530 Artium
1132 1481 1225 1530 autem

222 1555 383 1632 scriptores
399 1554 587 1630 antiquissimi
606 1549 703 1611 Corax
725 1560 754 1610 et
775 1550 868 1611 'lisias
886 1553 992 1630 Siculi,
1016 1571 1090 1632 quos
1112 1556 1225 1615 insecu-

223 1645 268 1696 tus
285 1647 331 1696 est
344 1639 389 1696 vir
406 1636 536 1696 eiusdem
556 1635 668 1695 insulae
688 1634 811 1712 Gorgias
831 1634 1003 1713 Leontinus,
1025 1637 1224 1716 Empedoclis,

193 1729 252 1785 9ut
267 1721 399 1796 traditur,
415 1719 584 1799 discipulus.
617 1718 645 1779 Is
663 1718 806 1779 beneficio
823 1721 1010 1798 longissimae
1026 1725 1128 1782 aetatis
1146 1723 1224 1799 (nam

223 1813 338 1865 centurn
356 1813 385 1864 et
401 1820 505 1864 novem
520 1805 591 1864 vixit
606 1805 712 1885 annos)
728 1822 790 1863 cum
807 1803 902 1864 multis
921 1805 1005 1866 simul
1021 1806 1127 1881 lloruit,
1144 1806 1223 1865 ideo·

223 1897 326 1967 quest
344 1888 474 1963 illorum,
495 1888 531 1948 de
556 1887 658 1966 quibus
674 1906 762 1967 supra
781 1887 855 1958 dixi,
877 1888 930 1949 luit
950 1889 1079 1950 aemulus
1100 1899 1129 1949 et
1151 1889 1225 1949 ultra

184 1974 364 2036 lOSocraten
386 1990 479 2050 usque
501 1972 621 2032 duravit.
665 1971 896 2046 Thrasymachus
918 1971 1132 2035 Chalcedonius
1162 1991 1226 2034 cum

224 2057 281 2116 hoc
297 2066 327 2116 et
341 2056 481 2117 Prodicus
500 2053 568 2116 Cius
588 2065 617 2115 et
632 2055 788 2116 Abderites
805 2056 998 2134 Protagoras,
1019 2076 1034 2117 a
1051 2075 1108 2136 quo
1124 2057 1226 2117 decem

222 2139 336 2200 milibus
345 2139 669 2201 denariorumdidicisse
677 2150 778 2216 artem,
795 2157 879 2218 quam
887 2142 985 2217 edidit,
1002 2141 1142 2202 Euathlus
1155 2141 1224 2201 dici·

220 2233 277 2299 tur,
293 2233 323 2283 et
337 2222 457 2303 Hippias
473 2222 563 2283 Eleus
579 2232 618 2301 et,
635 2241 720 2304 quem
735 2223 907 2285 Palameden
921 2224 1003 2285 Plato
1019 2225 1158 2305 appellat,
1174 2223 1225 2283 Al·

179 2305 479 2369 lloidamasElaites.
508 2307 780 2387 Antiphouquoque
788 2317 817 2368 et
833 2311 994 2370 orationem
1011 2311 1119 2388 primus
1136 2310 1225 2368 omni·

221 2409 268 2450 um
283 2393 403 2470 scripsit
420 2402 449 2452 et
468 2392 557 2452 nihilo
577 2394 669 2453 minus
688 2393 789 2454 Artem
811 2402 840 2452 et
862 2395 927 2472 ipse
949 2396 1112 2473 composuit
1128 2402 1157 2453 et
1171 2409 1225 2470 pro

221 2493 255 2535 se
269 2476 380 2536 dixisse
396 2479 504 2556 optime
520 2484 565 2536 est
584 2476 726 2546 creditus;
743 2478 828 2536 etiam
842 2476 1029 2554 Polycrates,
1050 2497 1066 2538 a
1082 2495 1139 2555 quo
1155 2478 1225 2536 scri·

221 2568 299 2637 ptam
314 2561 343 2620 in
358 2561 501 2622 Socraten
515 2560 636 2621 diximus
652 2563 822 2636 orationem,
838 2570 867 2620 et
882 2561 1054 2621 Theodorus
1070 2559 1225 2636 Byzantius

180 2652 259 2704 lter
284 2643 329 2704 his
355 2653 384 2704 et
406 2647 486 2724 ipse,
508 2662 581 2723 quos
599 2645 682 2705 Plato
698 2644 827 2723 appellat
848 2639 1085 2722 λογοδαιδάλους.
1117 2642 1226 2701 Horum

220 2729 304 2806 primi
331 2745 496 2789 communes
518 2727 602 2788 locos
625 2737 767 2788 tractasse
789 2728 921 2788 dicuntur
938 2726 1130 2802 Protagoras,
1153 2723 1224 2784 Gor·

221 2812 300 2888 gias;
333 2813 455 2872 allectus
482 2812 622 2872 Prodicus
647 2820 677 2871 et
697 2811 816 2889 Hippias
846 2820 874 2870 et
899 2810 974 2871 idem
993 2810 1169 2886 Protagoras
1196 2818 1226 2867 et

222 2893 466 2972 Thrasymachus.
506 2892 612 2955 Cicero
637 2897 665 2955 in
686 2894 775 2955 Bruto
803 2902 892 2972 negat
914 2904 980 2954 ante
1000 2893 1133 2954 Periclea
1154 2895 1211 2952 scri

220 2987 301 3057 ptum
322 2979 491 3058 quidquam,
518 2977 597 3057 quod
623 2987 752 3039 ornatum
770 2979 927 3039 oratorium
946 2977 1065 3044 haheat:
1096 2978 1157 3036 eius
1173 2975 1226 3034 ali-

222 3080 278 3140 qua
293 3062 374 3123 ferri.
410 3061 554 3143 Equidem
571 3079 628 3123 non
642 3065 759 3141 reperio
776 3063 929 3142 quidquam
944 3071 1021 3122 tanta
1039 3061 1225 3139 eloquentiae

221 3145 296 3206 lama
318 3146 450 3224 dignum;
479 3146 607 3225 ideoque
629 3148 720 3206 minus
740 3149 829 3207 miror
852 3164 936 3222 esse,
965 3147 1013 3225 qui
1034 3144 1104 3204 nihil
1129 3144 1165 3203 ab
1189 3160 1224 3203 eo

222 3230 360 3308 scriptum
382 3240 499 3310 putent,
521 3230 595 3292 haec
611 3239 722 3306 autem,
748 3248 822 3310 quae
843 3230 989 3306 feruntur,
1014 3230 1050 3290 ab
1071 3229 1134 3289 aliis
1157 3247 1225 3287 esse

179 3319 215 3376 13
223 3316 393 3391 composita.
437 3314 487 3376 His
508 3332 683 3375 successere
703 3314 798 3390 multi,
827 3313 880 3374 sed
902 3314 1078 3375 clarissimus
1099 3312 1225 3389 Gorgiae

222 3394 381 3479 auditorum
402 3397 562 3467 Isocratem
595 3416 756 3478 quanquam
779 3398 816 3459 de
844 3407 1040 3478 praeceptore
1069 3399 1131 3458 eius
1151 3398 1226 3456 inter
