2566 4026
418 175 510 224 msa.
525 175 756 225 orianorum.
769 175 848 244 11,6.
1093 168 1132 230 73

121 334 203 395 tintus
229 332 331 395 adest.
376 329 484 411 Neque
510 333 586 392 enim
609 349 663 391 nos
686 333 828 393 tarditatis
852 342 954 393 natura
977 334 1132 413 damnavit,
1140 347 1175 400 24

119 417 165 479 red
178 417 306 479 dicendi
328 417 503 477 mutavimus
519 435 611 494 genus
632 425 661 476 et
676 416 751 476 ultra
766 416 849 476 nobis
868 435 954 496 quam
976 420 1132 497 oportebat

64 492 81 567 l·-
118 501 307 569 indulsimus;
336 503 378 562 ita
402 517 461 560 nou
482 510 541 562 tam
565 501 682 578 ingenio
706 500 747 560 illi
769 518 822 560 nos
847 511 1021 580 superarunt
1047 522 1131 583 quam

64 584 79 665 ἦ·
118 587 284 666 proposito.
329 583 424 645 llulta
447 602 520 662 crgo
539 585 640 646 licebit
660 585 788 662 eligere;
814 586 865 646 scd
892 587 1048 647 curandum
1065 590 1130 662 erit,

75 688 79 755 ζ
116 689 148 731 nc
168 671 225 747 iis,
251 669 367 750 quibus
390 671 534 748 permixta
554 679 635 745 sunt,
657 670 849 748 inquinentur.
889 669 1036 743 Quosdam
1060 684 1173 737 venons

73 808 80 861 ἱ
116 756 215 832 marn,
242 771 328 834 quos
345 762 425 814 totos
441 754 545 814 imitari
561 762 713 832 oporteat,
738 763 767 813 et
788 753 880 813 inisse
901 772 994 832 nuper
1010 764 1039 814 et
1056 774 1131 815 nunc

75 890 80 913 ,
115 857 194 915 mse,
219 837 331 919 quidni
358 837 483 898 libenter
503 854 561 897 non
583 841 670 901 modo
697 839 894 898 concesserim
916 856 1017 898 verum
1046 841 1131 898 etiarn

64 948 79 987 s
115 919 348 984 contenderim?
382 923 441 983 Sed
456 923 485 982 bi
501 923 550 1001 qui
567 925 640 997 sint,
657 940 715 981 uon
732 923 929 1001 cuiuscunque
945 932 990 982 est
1006 933 1173 1000 pronun-26

114 1010 192 1069 tiare.
227 1006 343 1067 Tutius
360 1007 438 1066 circa
456 1008 571 1085 priores
586 1007 635 1067 vel
653 1015 781 1080 erratur,
804 1006 931 1085 ideoque
949 1005 1023 1066 hano
1040 1024 1130 1067 novo·

113 1111 168 1151 rum
184 1091 297 1152 distuli
315 1091 490 1166 lectionem,
507 1109 544 1150 ne
560 1091 679 1150 imitatio
696 1090 830 1149 iudicium
847 1091 1045 1150 antecederet.

345 1244 390 1294 Di:
408 1243 576 1307 DIVISIONE
594 1246 635 1295 ΕΤ
654 1243 903 1296 PARENGHIRESI.

70 1398 75 1421 ,
190 1341 249 1403 Vl.
292 1340 361 1401 Fuit
378 1342 464 1401 etiam
486 1343 514 1401 in
529 1343 587 1402 hoc
604 1344 749 1403 diversum
765 1341 1005 1421 praecipientium
1021 1357 1129 1419 propo·

113 1431 211 1504 situm,
241 1426 330 1506 quod
352 1443 453 1486 corum
468 1426 583 1505 quidam
601 1428 756 1503 materias,
779 1444 851 1506 quas
868 1424 1019 1504 discipulis
1036 1425 1071 1484 ad
1089 1425 1130 1484 di·

114 1512 238 1573 cendnm
253 1509 377 1587 dabant,
394 1527 452 1570 non
464 1513 592 1571 contenti
607 1512 748 1571 divisione
765 1512 892 1587 dirigere
908 1509 993 1569 latius
1006 1509 1130 1569 dicendo

112 1594 397 1676 prosequebantur,
429 1612 485 1654 nec
516 1596 609 1655 solum
639 1595 859 1674 probationibus
889 1594 1049 1673 implebant
1078 1595 1131 1655 sed

113 1682 197 1741 ctiam
214 1678 392 1741 affectibus.
433 1678 509 1755 Alii,
533 1699 596 1739 curn
616 1681 723 1758 primas
741 1680 827 1739 modo
853 1679 945 1739 lineas
968 1680 1156 1754 duxissent,2

115 1774 176 1843 post
204 1763 465 1838 declamationes,
496 1764 564 1842 quid
592 1765 914 1843 omisissetquisque,
948 1763 1129 1831 tractabant;

115 1849 262 1927 quosdam
276 1864 354 1907 vero
376 1847 461 1907 locos
477 1865 534 1907 non
555 1849 665 1908 minore
683 1867 767 1922 cure,
793 1866 877 1926 quarn
900 1866 964 1907 curn
980 1848 1015 1907 ad
1032 1847 1129 1906 dicen-

116 1934 176 1993 dum
201 1933 265 2011 ipsi
292 1940 466 2008 surgerent,
490 1932 675 1992 excolebant.
713 1932 792 1993 Utile
815 1942 986 2011 utrumque,
1012 1939 1041 1989 et
1062 1930 1128 1989 ideo

115 2026 251 2077 neutrum
268 2014 308 2074 ab
327 2015 422 2074 altero
440 2033 562 2094 separo;
589 2017 642 2077 sed
658 2019 682 2076 si
698 2018 799 2077 lacere
818 2025 926 2077 tanturn
942 2017 1064 2076 alterum
1079 2032 1128 2072 ne-

64 2132 67 2147 ·
116 2119 201 2160 cesse
220 2102 281 2174 sit,
306 2099 373 2178 plus
388 2100 520 2178 proderit
541 2101 757 2161 demonstrasse
779 2111 889 2161 rectam
906 2101 1036 2179 protinus
1054 2100 1129 2158 viam

117 2204 200 2264 quarn
216 2200 368 2244 revocare
385 2183 420 2243 ab
438 2203 540 2245 errore
555 2187 611 2245 iam
629 2186 738 2264 lapsos.
771 2186 894 2246 Primum
912 2187 978 2265 quia
996 2184 1156 2246 emenda-b

64 2290 66 2295 ·
116 2272 227 2328 tionem
243 2267 363 2328 auribus
387 2269 474 2328 modo
491 2271 654 2348 accipiunt,
679 2271 849 2330 divisionem
872 2287 944 2330 vero
966 2270 1001 2329 ad
1018 2271 1128 2347 cogita·

118 2356 226 2413 tionem
242 2353 331 2412 etiam
343 2361 373 2412 et
384 2353 480 2412 stilum
497 2355 661 2432 perferuut;
678 2356 781 2416 deinde
799 2355 876 2434 quod
892 2355 1028 2415 libentius
1043 2371 1128 2432 prae-

120 2439 281 2517 cipientem
297 2437 415 2497 audiunt
431 2456 516 2517 quarn
531 2440 804 2518 reprehendentem.
842 2441 872 2499 Si
889 2441 937 2517 qui
952 2455 1024 2499 vero
1040 2437 1128 2515 paulo

120 2532 182 2582 sunt
196 2521 386 2599 vivaciores,
409 2523 437 2581 in
452 2522 496 2582 his
512 2526 684 2601 praesertim
700 2523 844 2598 moribus,
865 2525 950 2582 etiam
965 2525 1129 2581 irascuntur

120 2606 309 2667 admonitioni
334 2616 363 2665 et
387 2607 467 2667 taciti
488 2619 660 2687 repugnant.
700 2607 804 2687 Neque
827 2608 894 2666 ideo
920 2616 1016 2666 tamen
1036 2606 1128 2662 minus

120 2693 186 2752 vitia
204 2699 311 2769 aperte
330 2692 518 2768 coarguenda
541 2702 616 2753 sunt.
659 2693 798 2753 Habenda
823 2692 897 2751 enirn
921 2692 994 2751 ratio
1013 2696 1152 2749 cetero-4

120 2792 190 2850 rum,
209 2775 262 2854 qui
276 2783 360 2834 recta
379 2793 456 2851 osse,
475 2795 550 2855 quac
565 2789 743 2857 praeceptor
760 2795 817 2837 non
834 2775 1047 2847 emendaverit,
1065 2789 1127 2831 cre·

121 2859 195 2919 dent.
227 2857 362 2938 Utraque
380 2869 474 2920 autem
490 2863 564 2921 ratio
580 2863 729 2923 miscenda
746 2872 791 2922 est
807 2863 890 2922 etita
908 2858 1074 2932 tractanda,
1098 2864 1128 2914 ut

121 2945 200 3022 ipsae
215 2961 266 3003 res
283 2943 482 3021 postulabunt.
504 2944 636 3024 Namque
652 2948 856 3025 incipientibus
871 2946 962 3006 danda
979 2944 1032 3004 erit
1047 2940 1152 3002 veluto

121 3029 315 3106 praeformata
330 3030 452 3090 materia
467 3030 624 3090 secundum
643 3033 783 3111 cuiusque
798 3034 891 3099 vires;
918 3039 948 3090 at
970 3048 1033 3088 cum
1056 3026 1126 3086 satis

122 3114 324 3192 composuisse
337 3130 407 3172 sese
423 3113 458 3173 ad
475 3115 639 3193 exemplum
654 3116 837 3193 videbuntur,
856 3115 974 3195 praevia
987 3112 1127 3192 quaedam

120 3197 344 3260 demonstranda
360 3199 502 3274 vestigia,
528 3217 603 3278 quae
621 3202 769 3278 persecuti
786 3203 841 3260 iam
860 3201 919 3259 suis
936 3198 1045 3259 viribus
1062 3197 1124 3256 sine

120 3281 291 3344 adminiculo
315 3282 457 3360 progredi
478 3285 600 3360 possint.
637 3284 847 3365 Nonnunquam
871 3285 951 3344 credi
971 3283 1025 3343 sibi
1042 3283 1151 3360 ipsosd

120 3369 275 3446 oportebit,
293 3385 331 3425 ne
348 3364 424 3426 mala
440 3368 649 3428 consuetudine
666 3388 783 3449 semper
795 3371 919 3431 alienum
935 3369 1065 3430 laborem
1080 3383 1126 3426 sc·

120 3455 219 3531 mendi
237 3450 312 3512 nibil
335 3467 391 3529 per
406 3467 439 3509 se
462 3452 562 3510 conari
578 3461 607 3512 et
627 3471 771 3534 quaerere
787 3457 889 3516 sciant.
928 3452 1039 3529 Quodsi
1055 3449 1125 3510 satis
