2566 4026
359 163 449 211 rnsr.
465 156 793 226 corroboraret.
1018 147 1079 210 283

77 319 162 380 cilior
178 319 232 380 erit
245 320 274 377 in
291 317 397 377 ceteris
415 316 505 392 lidos,
531 315 595 375 sive
611 332 712 391 unum,
728 316 823 376 mitior
839 316 915 377 solet
931 334 1026 396 poena
1042 317 1079 376 ir-

77 404 175 481 rogari
196 402 400 463 verecundiae.
437 400 509 460 Nam
541 399 654 478 culpam
676 401 849 478 praesertim
869 400 1080 479 deprehensam

76 488 264 566 pertinaciter
276 487 367 560 tueri,
390 483 475 564 culpa
491 484 583 545 altera
604 492 659 544 est.

161 609 234 669 Dum
259 619 315 670 stat
339 611 434 670 acies:
455 609 536 669 multi
556 628 604 669 res
628 609 742 671 consilii
763 618 850 688 atque
871 611 941 668 artis
966 620 1026 686 est,
1048 619 1079 670 ut
1087 621 1118 680 17

74 703 220 755 errantem
243 693 437 753 adversarium
462 692 558 753 trahas
582 702 610 754 et
630 695 673 752 ire
689 710 772 771 quam
790 691 959 771 longissime
978 711 1079 774 cogas,

76 786 106 838 ut
121 796 194 837 vana
210 779 322 836 interim
340 796 393 855 spe
410 778 530 838 exultet.
566 776 637 837 ldeo
655 776 795 857 quaedam
810 775 886 836 bene
902 776 1080 838 dissimulan-

75 873 123 923 tur
137 864 333 921 instrumenta.
365 860 474 920 Instant
489 862 563 921 enim
579 870 608 920 et
624 878 713 939 saepe
730 860 885 921 discrimen
900 877 984 920 omne
1003 878 1080 922 com-

76 948 205 1020 mittunt,
230 944 307 1023 quod
331 944 437 1005 deesse
452 944 536 1005 nobis
552 952 666 1023 putant,
692 953 721 1005 et
738 944 846 1005 laciunt
861 944 1080 1024 probationibus

77 1031 183 1088 nostris
200 1031 401 1089 auctoritatem
416 1028 601 1108 postulando.
638 1027 766 1107 Expedit
788 1028 874 1088 etiam
889 1028 958 1089 dare
974 1029 1082 1109 aliquid
1091 1041 1122 1097 18

74 1113 260 1188 adversario,
290 1113 366 1191 quod
389 1130 443 1191 pro
466 1130 498 1172 se
521 1120 618 1191 putet,
647 1112 724 1190 quod
745 1111 967 1191 apprehendens
990 1117 1081 1176 maius

75 1197 184 1276 aliquid
202 1205 324 1275 cogatur
341 1197 499 1265 dimittere:
526 1196 596 1255 duas
618 1198 730 1256 interim
746 1214 794 1255 res
809 1213 994 1276 proponere,
1012 1215 1080 1276 qua-

77 1299 138 1340 rum
160 1281 325 1340 utramlibet
345 1280 420 1339 male
442 1281 479 1340 sit
503 1279 664 1349 electurus;
689 1280 766 1358 quod
788 1280 816 1339 in
837 1279 1027 1340 altercatione
1051 1283 1081 1342 lit

76 1366 240 1444 potentius,
260 1383 344 1442 quam
359 1366 387 1425 in
403 1367 533 1441 actione,
557 1365 622 1444 quia
640 1364 668 1422 in
684 1363 735 1424 illa
751 1363 834 1424 nobis
850 1365 906 1443 ipsi
921 1367 1080 1444 responde·

75 1467 157 1524 mus,
174 1449 202 1507 in
217 1448 272 1508 bac
288 1448 485 1509 adversarium
504 1451 586 1527 quasi
603 1448 769 1508 confessum
785 1456 926 1508 tenemus.
971 1446 1026 1509 Est
1041 1452 1081 1510 in·
1090 1460 1123 1517 19

76 1533 176 1612 primis
193 1534 269 1592 acuti
284 1532 395 1609 videre,
415 1550 472 1612 quo
488 1532 576 1593 iudex
589 1531 666 1593 dicto
682 1541 843 1608 moveatur,
861 1533 928 1611 quid
944 1543 1064 1613 respuat
1073 1557 1080 1606 ;

77 1615 156 1695 quod
180 1624 209 1675 et
229 1617 309 1676 vultu
332 1619 503 1695 saepissime
533 1626 562 1676 et
588 1616 741 1695 aliquando
773 1618 858 1676 etiam
883 1616 961 1677 dicto
983 1617 1081 1698 aliquo

75 1700 194 1759 factove
210 1701 272 1759 eius
291 1700 525 1780 deprehenditur.
567 1700 604 1760 Et
627 1703 734 1761 instare
757 1699 976 1780 proficientibus
998 1711 1028 1762 et
1045 1701 1081 1763 ab

77 1784 126 1859 iis,
150 1801 225 1861 quae
243 1801 300 1843 non
320 1785 471 1862 adiuvent,
492 1803 576 1863 quam
590 1785 760 1845 mollissime
781 1785 886 1864 pedem
902 1794 1019 1863 oportet
1035 1805 1081 1846 re·

76 1867 166 1927 lerre.
200 1866 320 1928 Faciunt
336 1868 392 1928 hoc
414 1869 518 1930 medici
537 1886 665 1948 quoque,
682 1878 712 1929 ut
731 1869 858 1929 remedia
876 1869 998 1947 proinde
1015 1887 1080 1948 per·

75 1960 215 2011 severent
238 1952 376 2013 adhibere
400 1952 450 2012 vel
472 1954 618 2030 desinant,
642 1962 673 2013 ut
690 1952 739 2012 illa
754 1954 846 2031 recipi
862 1951 911 2011 vel
926 1955 1025 2032 respui
1040 1955 1081 2013 vi-

76 2034 155 2095 dent.
188 2033 417 2114 Nonnunquam,
437 2040 462 2096 si
484 2056 545 2096 rem
568 2037 707 2098 evolvere
723 2038 903 2115 propositam
918 2036 1005 2096 lacile
1024 2044 1124 2098 nendo
1189 2072 1193 2079 ·

75 2120 130 2194 sit,
147 2119 297 2180 inferenda
315 2130 360 2180 est
377 2121 432 2181 alia
450 2123 599 2198 quaestio,
624 2130 710 2198 atque
726 2122 754 2178 in
772 2138 835 2180 eam
849 2119 953 2198 iudex,
978 2122 1003 2180 si
1019 2122 1082 2182 lieri

76 2210 187 2282 potest,
206 2203 381 2263 avocandus.
420 2203 494 2277 Quid
511 2206 603 2279 enim,
625 2222 688 2264 cum
704 2203 884 2280 respondere
899 2221 956 2263 non
971 2207 1080 2283 possis,

75 2286 221 2364 agendum
237 2296 298 2364 est,
324 2289 378 2346 nisi
394 2296 424 2346 ut
438 2287 513 2347 aliud
530 2288 675 2362 invenias,
699 2289 744 2347 cui
760 2288 943 2347 adversarius
959 2305 1081 2367 respon·

76 2369 148 2430 dere
168 2388 226 2430 non
247 2368 361 2450 possit?
398 2370 429 2430 ln
453 2371 602 2449 plerisque
626 2371 701 2430 idem
718 2379 778 2446 est,
798 2381 828 2430 ut
844 2371 920 2446 dixi,
940 2373 987 2449 qui
1005 2373 1120 2432 circuit

75 2463 188 2530 testes,
210 2454 294 2514 locus
312 2465 340 2514 et
358 2456 491 2532 personis
508 2455 594 2515 modo
611 2454 715 2532 distat,
739 2454 815 2533 quod
831 2453 878 2514 hic
895 2462 1081 2532 patronorum

76 2539 153 2598 iuter
168 2556 201 2597 so
218 2548 364 2599 certamen
382 2539 442 2599 illic
457 2557 553 2618 pugna
569 2540 643 2599 inter
660 2547 764 2598 testem
780 2547 809 2598 et
824 2545 985 2616 patronum.

163 2646 343 2709 Exercitatio
359 2666 431 2710 vero
447 2650 531 2709 buius
549 2651 592 2709 rei
608 2649 696 2726 longe
717 2649 842 2709 facilior.
876 2646 949 2708 Nam
967 2657 1012 2709 est
1028 2650 1081 2708 uti·

77 2731 229 2808 lissimum,
246 2734 415 2812 frequenter
428 2752 491 2794 cum
507 2735 615 2813 aliquo,
633 2735 680 2811 qui
692 2735 728 2793 sit
743 2733 901 2792 studiorum
914 2733 1081 2808 eorundem,

76 2835 195 2877 sumere
219 2819 366 2877 materiam
389 2818 436 2878 vel
459 2836 548 2878 verae
569 2818 618 2878 vel
644 2818 728 2877 ctiam
750 2816 835 2878 lictae
852 2817 1081 2892 controversiae,

77 2907 110 2960 et
125 2902 256 2961 diversas
275 2910 373 2980 partes
390 2901 587 2962 altercationis
604 2901 689 2961 modo
705 2903 794 2971 tueri;
812 2900 890 2980 qood
905 2900 980 2961 idem
998 2901 1082 2960 ctiam

77 2984 108 3043 in
124 2984 247 3062 simplici
263 3003 372 3062 genere
391 2988 589 3065 quiaestionum
606 2986 668 3045 lieri
683 2994 791 3064 potest.
821 2983 865 3045 Ne
881 2984 952 3044 illud
970 2983 1123 3063 quidemtt

76 3069 215 3145 ignorare
234 3069 404 3129 advocatum
421 3069 508 3146 volo,
535 3088 591 3150 quo
614 3087 748 3149 quaeque
771 3069 871 3130 ordine
895 3067 1029 3147 probatio
1046 3070 1082 3128 sit

78 3151 156 3229 apud
178 3151 300 3212 iudicem
326 3153 517 3231 prolerenda;
547 3156 627 3216 euius
654 3155 696 3214 rei
724 3153 825 3214 eadem
850 3155 879 3212 in
908 3152 1082 3230 argumentis

76 3236 153 3295 ratio
178 3244 237 3312 est,
259 3245 289 3296 ut
308 3240 506 3315 potentissima
528 3240 618 3319 prima
640 3248 669 3299 et
695 3256 803 3298 summa
829 3244 980 3316 ponantur.
1028 3234 1082 3296 llla

75 3320 215 3464 pipprpupd
239 3320 412 3381 credendum
436 3331 609 3403 praeparant
631 3323 771 3399 iudicem,
800 3321 874 3382 haec
898 3318 934 3380 ad
956 3338 1082 3401 pronun·
