2566 4026
380 168 473 216 tn'sn.
487 167 637 216 ORATOR.
651 167 868 216 PROOEMIUM.
1108 165 1127 222 5

117 324 220 385 fuisset
246 322 407 403 aliquando
432 323 599 402 perlectus,
628 339 687 382 non
712 340 729 382 a
751 322 992 401 pbilosophorum
1017 324 1128 385 scholis

118 410 230 468 virtutis
252 417 416 488 praecepta
430 415 610 486 peterentur.
645 404 729 466 Nunc
749 424 873 466 necesse
890 407 987 467 estad
1008 425 1060 468 eos
1076 409 1128 468 ali·

119 492 232 572 quando
254 501 395 553 auctores
415 509 588 567 recurrere,
612 492 661 569 qui
683 490 844 567 desertam,
867 500 897 550 ut
917 491 992 567 dini,
1016 502 1128 570 partem

119 579 265 638 oratoriae
282 578 366 652 artis,
382 577 533 636 meliorem
549 576 736 653 praesertim,
753 585 985 653 occupaverunt,
1003 585 1031 635 et
1047 577 1128 637 velut

118 669 249 721 nostrum
263 677 441 740 reposcere;
464 677 523 720 non
536 668 568 718 ut
585 676 638 718 nos
654 659 770 719 illorum
785 668 896 720 utamur
910 661 1051 736 inventis,
1074 662 1127 721 sed

119 754 148 805 ut
167 745 240 806 illos
261 746 367 806 alienis
392 762 462 805 usos
486 762 554 804 esse
577 743 744 803 doceamus.
786 743 830 803 Sit
852 745 940 821 igitur
962 753 1061 803 orator
1082 749 1170 810 virro

118 829 193 906 talis,
210 829 308 910 qualis
320 848 393 890 vere
408 831 525 908 sapiens
541 827 685 906 appellari
701 831 809 905 possit;
827 847 882 888 nec
896 828 1024 888 moribus
1039 831 1126 890 modo

118 913 270 994 perfectus
301 913 382 993 (nam
410 912 438 974 id
461 931 525 973 mea
548 913 664 991 quidem
689 913 843 990 opinione,
874 929 1036 991 quanquam
1061 923 1126 973 sunt

119 1000 165 1078 qui
191 999 385 1074 dissentiant,
413 1000 483 1058 satis
505 1013 563 1056 non
585 997 646 1076 est)
674 996 727 1055 sed
750 998 835 1056 etiam
855 998 976 1056 scientia
1000 1005 1028 1054 et
1050 1000 1125 1056 omni

118 1082 257 1143 facultate
280 1083 404 1143 dicendi.
443 1081 544 1155 Qualis
568 1081 695 1140 fortasse
718 1098 802 1139 nemo
825 1081 918 1140 adhuc
940 1082 1046 1155 luerit,
1072 1082 1126 1141 sed
1136 1093 1168 1147 19

119 1183 173 1226 non
196 1167 268 1227 ideo
289 1168 381 1227 minus
396 1165 481 1225 nobis
503 1167 538 1226 ad
553 1182 662 1224 summa
675 1164 849 1225 tendendum
867 1174 927 1232 est;
950 1164 1028 1243 quod
1045 1165 1125 1225 fece·

68 1322 76 1339 ,
120 1261 182 1311 runt
199 1251 338 1330 plerique
356 1259 503 1326 veterum,
527 1251 591 1328 qui,
613 1249 669 1308 etsi
684 1250 808 1309 nondum
824 1266 996 1327 quemquam
1011 1251 1125 1327 sapien-

77 1336 81 1341 '
118 1344 173 1395 tarn
195 1345 347 1414 repertum
367 1334 521 1413 putabant,
549 1342 709 1411 praecepta
733 1342 828 1392 tamen
852 1335 1012 1411 sapientiae
1039 1334 1126 1393 tradi·

117 1419 232 1480 derunt.
263 1417 335 1479 Nam
350 1427 396 1478 est
411 1428 491 1478 certe
506 1417 615 1496 aliquid
630 1426 824 1478 consummata
838 1418 1015 1496 eloquentia,
1030 1435 1125 1496 neque
1135 1429 1168 1481 20

117 1504 237 1564 adeam
257 1505 413 1582 pervenire
432 1512 532 1562 natura
552 1502 665 1562 humani
683 1503 791 1579 ingenii
813 1501 958 1580 prohibet.
994 1501 1080 1575 Quod
1100 1504 1125 1561 si

117 1605 175 1648 non
200 1589 366 1665 contingat,
391 1587 475 1647 altius
497 1596 592 1646 tamen
615 1585 710 1661 ibunt,
730 1588 779 1664 qui
802 1586 837 1646 ad
860 1604 968 1646 summa
987 1588 1123 1661 nitentur,

119 1690 205 1751 qnam
231 1672 296 1750 qui,
328 1679 513 1750 praesumpta
539 1670 745 1747 desperatione
771 1687 828 1748 qno
853 1670 943 1730 velint
971 1669 1123 1744 evadendi,

116 1758 250 1836 protinus
269 1757 347 1815 circa
367 1757 424 1816 ima
445 1754 634 1814 substiterint.

204 1839 272 1913 Quo
290 1841 382 1917 magis
400 1841 578 1917 impetranda
594 1841 649 1898 erit
664 1839 765 1911 venia,
789 1839 813 1896 si
829 1855 865 1896 ne
884 1840 994 1896 minora
1010 1837 1124 1915 quidem
1133 1849 1164 1900 21

115 1924 184 2000 illa,
207 1941 311 1983 verunr
332 1926 431 2002 operi,
455 1924 532 2002 quod
547 1924 733 1996 instituimus,
757 1924 923 1981 necessaria
943 1920 1121 2000 praeteribo.

114 2007 189 2068 llam
204 2007 282 2068 liber
300 2010 406 2086 primus
424 2025 476 2084 ea,
495 2024 569 2086 quae
585 2015 650 2066 sunt
664 2015 731 2066 ante
747 2005 873 2066 officium
889 2006 1030 2080 rhetoris,
1054 2022 1123 2064 con·

114 2091 230 2152 tinebit.
262 2091 398 2152 Secundo
420 2094 510 2170 prima
526 2091 601 2170 apud
618 2091 765 2151 rhetorem
787 2091 930 2150 elementa
952 2099 980 2150 et
996 2107 1071 2168 quae
1087 2090 1122 2148 de

115 2179 181 2256 ipsa
201 2175 368 2236 rhetorices
384 2175 544 2237 substantia
560 2184 736 2254 quaeruntur
756 2174 952 2235 tractabimus.
988 2174 1121 2252 Quinque
1132 2183 1165 2234 22

115 2260 262 2339 deinceps
278 2262 447 2337 inventioni,
461 2278 525 2320 nam
539 2260 606 2321 huic
621 2268 649 2320 et
665 2259 818 2338 dispositio
834 2258 1025 2337 subiungitur,
1042 2267 1122 2336 quat-

116 2354 185 2405 tuor
212 2344 387 2420 elocutioni,
415 2346 444 2405 in
467 2346 547 2404 cuius
570 2352 681 2423 partem
705 2346 843 2404 memoria
869 2361 903 2403 ac
928 2345 1121 2422 pronuntiatio

115 2431 254 2504 veniunt,
279 2428 429 2490 dabuntur.
461 2428 540 2488 Unus
556 2429 696 2503 accedet,
716 2431 745 2488 in
766 2445 824 2506 quo
839 2428 923 2487 nobis
944 2438 1043 2487 orator
1058 2429 1122 2505 ipse

116 2513 316 2574 informandus
337 2521 400 2588 est,
425 2522 472 2589 ut,
495 2514 543 2591 qui
560 2530 657 2573 mores
679 2513 757 2587 eius,
779 2529 853 2590 quae
873 2514 902 2571 in
917 2511 1121 2590 suscipiendis,

116 2597 285 2672 discendis,
314 2598 435 2675 agendis
464 2599 558 2657 causis
584 2600 676 2673 ratio,
707 2597 784 2674 quod
807 2596 991 2673 eloquentiae
1017 2613 1121 2671 genus,

117 2684 183 2761 quis
200 2681 306 2759 agendi
321 2680 427 2742 debeat
442 2699 510 2741 esse
525 2680 605 2758 linis,
628 2699 702 2760 quae
718 2689 787 2759 post
804 2680 888 2740 linem
904 2681 1012 2754 studia,
1035 2694 1122 2756 quan-

116 2775 177 2826 tnnr
198 2775 300 2826 nostra
315 2765 426 2826 valebit
445 2766 608 2841 infirmitas,
631 2766 817 2826 disseramus.
853 2764 904 2823 His
922 2763 1053 2825 omnibns
1074 2762 1165 2827 ad-oa

116 2849 305 2917 miscebitur.
324 2859 354 2910 ut
369 2852 492 2928 quisque
507 2850 590 2910 locus
609 2849 781 2928 postulabit,
799 2849 922 2909 docendi
937 2850 1028 2923 ratio,
1046 2863 1121 2924 quae

117 2951 174 2994 non
190 2951 295 2995 eorum
315 2935 403 2994 modo
419 2935 555 3010 scientia,
579 2932 682 3012 quibus
703 2933 775 2993 solis
791 2933 904 3010 quidam
924 2949 1030 2991 nomen
1051 2932 1121 2990 artis

116 3018 278 3095 dederunt,
309 3019 457 3079 studiosos
478 3021 599 3078 instruat
621 3027 650 3077 et
673 3019 719 3096 (ut
740 3019 783 3076 sic
805 3017 942 3096 dixerim)
962 3019 1006 3075 ius
1028 3017 1122 3092 ipsum

116 3103 282 3168 rhetorices,
298 3104 524 3180 interpretetur,
547 3102 599 3162 sed
620 3103 699 3162 alere
718 3101 894 3176 facundiam,
917 3101 995 3159 vires
1012 3115 1122 3176 augere

117 3187 308 3268 eloquentiae
328 3188 433 3266 possit.
467 3185 539 3247 Nam
561 3187 731 3264 plerumque
746 3185 838 3244 nudae
854 3185 923 3245 illae
943 3194 1021 3248 artes
1039 3183 1123 3242 nimia
1132 3194 1166 3246 24

114 3273 285 3334 subtilitatis
302 3271 489 3332 affectatione
504 3272 638 3348 frangunt
653 3279 740 3348 atque
757 3270 911 3329 concidunt
925 3267 1062 3347 quidquid
1079 3274 1124 3324 est

114 3359 142 3417 in
162 3359 301 3419 oratione
324 3357 518 3432 generosius,
542 3364 571 3414 et
592 3372 703 3414 omnem
726 3371 826 3413 sucum
846 3355 954 3432 ingenii
974 3351 1074 3411 bibunt
1095 3357 1125 3408 et

112 3458 183 3504 ossa
198 3442 361 3519 detegunt,
386 3457 460 3516 quae
480 3448 510 3499 ut
532 3456 599 3498 esse
621 3448 650 3497 et
670 3438 790 3514 astringi
805 3440 902 3498 nervis
924 3437 984 3497 suis
1005 3434 1123 3504 debent,
