2566 4026
380 181 469 228 insu.
494 182 643 230 onnron.
665 184 734 230 nro.
758 181 849 250 xr,3.
1066 170 1124 233 231

122 337 254 396 dextrum
281 336 428 396 humerum
457 334 493 396 ab
521 336 577 395 imo
604 337 728 396 relicere
755 336 878 397 solutum
901 355 935 396 ac
959 336 1123 413 delicatum,

123 422 249 500 liuntque
270 420 363 480 adhuc
383 421 468 497 peius
484 419 595 498 aliqua:
623 421 661 480 ita
678 438 728 480 cur
743 420 885 480 laxiorem
901 421 992 479 sinum
1008 421 1123 481 sinistro

122 504 242 564 brachio
265 521 322 562 non
343 500 546 564 subiiciamusi
583 503 678 563 Habet
700 505 774 563 enirn
792 521 860 563 acre
879 503 1014 582 quiddam
1037 511 1124 581 atque

123 587 290 666 expeditum
312 597 340 647 et
362 586 453 647 calori
469 588 713 664 concitationique
728 605 786 646 non
801 586 937 647 inhabile.
966 584 1037 645 Gurn
1052 603 1124 646 vero
1132 602 1181 656 147

120 689 224 747 magna
243 689 310 750 pars
335 679 379 730 cst
403 670 543 731 exhausta
561 672 717 747 orationis,
742 672 840 750 utique
859 671 976 731 afilante
994 670 1123 729 fortuna:

121 773 216 834 paene
233 756 327 815 omnia
343 755 465 830 decent,
490 754 578 813 sudor
601 756 666 832 ipse
689 763 718 814 et
732 755 864 832 fatigatio
883 765 912 814 et
928 753 1125 830 negligentior

120 839 240 898 amictus
258 848 287 898 et
304 838 398 899 soluta
420 855 454 897 ac
471 838 550 897 velut
571 838 675 898 labens
695 840 819 918 undique
836 848 916 916 toga.
950 836 1015 910 Quo
1031 838 1123 914 magis
1132 841 1183 897 148

119 923 297 983 miror'hanc
319 940 435 1001 quoque
457 923 638 982 succurrisse
654 922 745 983 Plinio
770 940 882 999 curam,
905 930 936 981 ut
951 922 990 981 ita
1006 921 1122 980 sudario

118 1007 243 1066 frontem
260 1007 366 1066 siccari
380 1005 506 1082 iuberet,
521 1024 559 1065 ne
575 1023 677 1066 comae
689 1007 883 1082 turbarentur,
900 1022 972 1084 quas
989 1005 1124 1082 componi

118 1099 186 1168 post
196 1090 321 1167 paulum,
335 1090 420 1150 sicuti
430 1089 546 1166 dignum
558 1099 631 1165 erat,
642 1092 771 1167 graviter
781 1099 809 1150 et
821 1108 927 1150 severe
935 1089 1035 1148 vetuit.
1054 1087 1123 1147 illibi

116 1191 190 1233 vero
208 1174 276 1233 illae
299 1191 416 1252 quoque
437 1172 568 1234 turbatae
590 1191 662 1251 prae
683 1192 715 1234 se
732 1175 812 1234 ierre
830 1173 937 1252 aliquid
953 1171 1076 1232 allectus
1095 1181 1123 1230 et

85 1268 88 1273 ’
116 1259 182 1334 ipsa
200 1257 348 1316 oblivione
370 1274 457 1316 curae
474 1256 557 1317 huius
574 1258 769 1318 commendari
783 1257 925 1317 videntur.
957 1254 997 1314 At
1012 1257 1036 1313 si
1051 1255 1121 1315 inci·
1131 1255 1182 1310 149

118 1340 263 1419 pientibus
281 1349 329 1399 aut
344 1340 460 1418 paulum
476 1341 644 1418 progressis
660 1341 777 1401 decidat
790 1350 873 1418 toga:
901 1358 959 1400 non
974 1355 1122 1416 reponere

117 1442 182 1483 eam
198 1441 318 1502 prorsus
333 1423 510 1501 negligentis
526 1433 574 1483 aut
590 1424 680 1502 pigri,
705 1434 752 1485 aut
768 1425 915 1504 quomodo
932 1425 1037 1483 deccat
1055 1423 1122 1482 ami·

117 1508 186 1583 ciri,
203 1508 361 1567 nescientis
378 1516 431 1566 est.

201 1589 282 1650 llaec
309 1600 372 1650 sunt
400 1590 449 1650 vel
475 1590 682 1650 illustramenta
706 1591 946 1669 pronuntiationis
970 1592 1021 1652 vel
1042 1594 1121 1670 vitia,

117 1672 222 1752 quibus
233 1674 394 1752 propositis
409 1674 496 1734 multa
513 1674 643 1750 cogitare
661 1673 750 1733 debet
765 1683 873 1734 orator.
895 1674 1028 1752 Primum,
1046 1678 1120 1755 quis,
1130 1683 1181 1736 150

115 1756 192 1834 apud
210 1774 300 1835 quos,
325 1757 429 1836 quibus
449 1757 653 1836 praesentibus
676 1759 711 1817 sit
729 1766 853 1817 acturus.
886 1756 959 1818 Nam
975 1768 1004 1819 ut
1020 1760 1120 1821 dicere

114 1841 171 1900 alia
194 1840 257 1901 aliis
276 1849 305 1900 et
327 1841 404 1920 apud
428 1842 503 1902 alios
524 1842 617 1919 magis
642 1860 814 1902 concessum
830 1850 891 1902 est:
918 1844 961 1903 sic
977 1844 1063 1904 etiam
1078 1845 1120 1905 ia·

115 1943 195 1983 cere.
233 1923 336 2003 Neque
360 1926 462 1986 eadem
483 1927 511 1984 in
528 1943 620 2001 voce,
645 1937 745 2003 gestu,
767 1927 899 2002 incessu,
922 1927 998 2005 apud
1014 1929 1120 2005 princi·

114 2026 198 2084 pern,
218 2016 362 2081 senatum,
379 2009 534 2087 populum,
552 2010 752 2086 magistratus,
770 2011 894 2088 privato,
911 2011 1030 2088 publico
1048 2013 1119 2072 iudi·

115 2091 179 2163 cio,
203 2088 415 2166 postulatione,
439 2093 554 2150 actione
577 2093 708 2152 similiter
728 2093 843 2152 decent.
876 2092 968 2166 Quam
984 2094 1119 2155 differen-

114 2173 182 2231 tiam
198 2170 345 2231 subiicere
369 2171 424 2230 sibi
440 2174 580 2251 quisque,
605 2175 653 2251 qui
670 2176 791 2234 animum
808 2175 980 2253 intenderit,
1006 2187 1119 2255 potest;

114 2264 173 2314 tum
189 2274 244 2334 qua
261 2255 297 2314 de
313 2274 346 2314 re
363 2255 455 2330 dicat,
479 2263 508 2314 et
529 2255 651 2314 efficere
668 2257 736 2334 quid
751 2257 832 2316 velit.
865 2257 920 2317 Rei
938 2259 1178 2338 quadruplcx15l

115 2338 284 2399 observatio
307 2347 361 2398 est.
395 2338 458 2398 Una
475 2340 503 2397 in
526 2347 586 2398 tota
603 2357 699 2399 causa.
734 2340 805 2401 Sunt
820 2341 894 2400 enim
910 2343 1025 2417 tristes,
1050 2342 1121 2403 bila·

114 2441 174 2497 res,
193 2422 348 2498 sollicitae,
367 2440 500 2499 securae,
519 2422 656 2500 grandes,
676 2423 811 2501 pusillae,
829 2424 926 2483 utrix
944 2427 1122 2503 unquamita

114 2506 267 2566 sollicitari
283 2506 412 2584 partibus
430 2526 528 2567 earum
544 2505 720 2582 debeamus,
744 2515 774 2567 ut
795 2524 853 2567 non
875 2516 904 2567 et
919 2526 1047 2568 summae
1062 2527 1122 2568 me·

113 2591 294 2659 minerimus;
324 2591 433 2667 altera,
462 2610 537 2671 quae
564 2600 608 2650 est
632 2591 661 2650 in
684 2591 848 2652 differentia
873 2592 1011 2670 partium,
1040 2599 1071 2652 ut
1093 2593 1180 2651 in152

113 2676 284 2752 prooemio,
313 2677 497 2752 narratione,
525 2675 790 2753 argumentatione,
820 2676 954 2755 epilogo;
981 2677 1067 2736 tertia
1093 2677 1122 2735 in

113 2760 265 2817 sententiis
281 2759 369 2836 ipsis,
388 2759 416 2818 in
434 2759 538 2837 quibus
554 2759 712 2819 secundum
726 2777 777 2819 res
793 2768 822 2819 ct
838 2759 961 2820 allectus
976 2761 1122 2820 variantur

114 2842 225 2908 omnia;
254 2851 355 2920 quarta
374 2844 402 2900 in
421 2842 537 2919 verbis,
562 2860 682 2921 quorum
704 2853 733 2903 nt
753 2852 799 2902 est
814 2845 935 2919 vitiosa,
957 2844 983 2904 si
999 2843 1121 2903 eiicere

114 2926 208 2985 omnia
226 2925 360 3001 velimus,
380 2926 514 2986 imitatio:
532 2927 571 2986 ita
588 2925 757 3004 quibusdam
773 2928 827 2986 nisi
843 2946 894 2988 sua
908 2936 1008 2988 natura
1024 2927 1121 2987 reddi-

113 3016 174 3083 tur,
191 3010 237 3067 vis
253 3012 344 3069 omnis
360 3009 497 3070 aufertur.
531 3008 623 3087 Igitur
638 3011 666 3068 in
683 3009 909 3086 laudationibus,
925 3012 980 3070 nisi
998 3013 1023 3071 si
1038 3010 1179 3071 lune-153

114 3090 184 3150 bres
201 3101 299 3168 erunt,
317 3095 471 3169 gratiarum
490 3094 622 3168 actione,
643 3093 862 3172 exhortatione,
886 3094 1028 3155 similibus
1044 3094 1122 3155 laeta

115 3183 144 3232 et
159 3175 311 3250 magnilica
327 3185 356 3235 et
372 3176 502 3238 sublimis
517 3185 563 3238 est
578 3179 665 3238 actio.
698 3177 851 3240 Funebres
867 3180 1033 3255 contiones,
1052 3195 1120 3238 con·

115 3256 285 3333 solationes,
299 3259 470 3339 plerumque
483 3281 588 3323 causae
600 3279 717 3322 reorum
729 3264 828 3323 tristes
841 3273 928 3341 atque
940 3264 1120 3323 summissae.

114 3339 147 3400 ln
163 3351 263 3402 senatu
280 3345 480 3406 conservanda
496 3348 669 3422 auctoritas,
685 3347 762 3425 apud
778 3346 917 3428 populum
933 3347 1074 3429 dignitas,
1092 3347 1121 3405 in
