2566 4026
398 198 487 245 ruer.
502 197 652 246 aaaron.
667 198 736 244 um.
749 198 797 262 ur,
813 186 839 244 1.
1064 185 1121 247 191

116 357 245 435 quamvis
262 354 380 413 multum
396 361 476 411 esset
493 353 521 410 in
536 351 593 411 hoc
610 369 727 430 quoque
742 354 888 428 momenti,
906 362 971 412 uter
982 353 1018 412 ad
1034 371 1121 430 agen-

116 441 181 499 dum
196 440 288 515 magis
304 438 426 497 idoneus
446 437 577 512 veniret,
601 435 716 495 dicendi
737 445 832 495 tamen
847 437 1014 497 facultatem
1030 439 1122 514 magis

115 524 156 583 illi
174 523 299 582 detraxit
315 539 398 600 quam
415 521 562 597 arrogavit
577 518 650 595 sibi,
677 538 770 599 seque
790 536 848 578 non
866 528 1054 580 consecutum
1069 522 1122 580 sed

115 609 218 669 amaia
239 607 363 684 fecisse,
385 612 419 665 ut
437 612 542 682 posset
557 622 625 664 eam
641 605 796 682 consequi,
820 604 900 663 dixit.
941 604 973 663 ln
990 604 1122 682 epistolis
1131 612 1164 664 21

115 691 271 769 aliquando
289 689 468 749 familiariter
484 688 558 766 apud
575 688 700 763 amicos,
724 706 925 767 nonnunquam
948 690 975 747 in
999 687 1123 764 dialogis

115 775 210 834 aliena
223 783 318 832 tamen
330 788 456 851 persona
468 790 568 831 verum
581 771 617 831 de
631 772 796 850 eloquentia
808 791 859 833 sua
872 773 950 832 dicit.
973 771 1011 831 Et
1021 781 1123 850 aperte

117 869 212 919 tamen
237 857 357 934 gloriari
378 857 479 916 nescio
500 874 535 916 an
556 857 594 914 sit
618 858 710 934 magis
732 855 887 916 tolerabile
908 856 956 916 vel
979 857 1044 935 ipsa
1062 856 1123 915 vitii

117 943 200 1002 huius
217 940 418 1020 simplicitate,
435 957 519 1019 quam
533 939 582 999 illa
597 940 626 998 in
641 941 797 1001 iactatione
815 959 971 1019 perversa,
995 941 1019 998 si
1035 939 1122 1002 abun·

116 1027 186 1086 dans
204 1025 308 1103 opibus
325 1042 485 1103 pauperem
502 1041 552 1099 se,
576 1024 681 1084 nobilis
704 1023 858 1084 obscurum
880 1032 909 1083 et
927 1033 1031 1102 potens
1047 1023 1122 1083 intir-

115 1129 191 1169 mum
213 1119 243 1169 et
266 1109 391 1168 disertus
411 1109 573 1186 imperitum
588 1107 674 1186 plane
698 1117 727 1167 et
742 1109 879 1168 infantem
894 1116 992 1167 vocet.
1025 1105 1164 1168 ambi-na

115 1195 221 1253 tiosum
244 1193 389 1271 gloriandi
411 1210 503 1269 genus
534 1200 578 1250 est
603 1193 689 1251 etiam
711 1192 855 1252 deridere.
892 1190 939 1251 Ab
961 1191 1026 1251 aliis
1049 1195 1122 1268 e'rgo

115 1277 279 1345 laudemur;
299 1295 364 1336 nam
376 1277 468 1355 ipsos,
486 1284 517 1335 ut
530 1275 745 1336 Demosthenes
757 1277 807 1352 ait,
822 1277 1015 1352 erubescere,
1030 1277 1123 1338 etiam

117 1381 186 1423 cum
208 1362 248 1422 ab
274 1363 345 1423 aliis
369 1360 586 1437 laudabimur,
615 1360 711 1422 decet.
749 1358 853 1438 Neque
875 1359 932 1419 hoc
955 1359 1038 1435 dico,
1065 1375 1122 1417 non

115 1444 271 1523 aliquando
288 1445 325 1504 de
342 1443 431 1504 rebus
449 1462 464 1504 a
487 1461 518 1502 se
534 1444 627 1520 gestis
645 1445 754 1504 oratori
772 1462 839 1504 esse
856 1442 1025 1518 dicendum,
1048 1445 1123 1502 sicut

117 1530 212 1589 eidem
227 1529 418 1589 Demostheni
440 1544 493 1606 pro
517 1525 724 1605 Ctesiphontc;
752 1528 830 1607 quod
851 1537 948 1588 tamen
967 1528 1005 1587 ita
1025 1542 1120 1586 emen-

116 1614 209 1687 davit,
236 1621 267 1671 ut
293 1614 500 1673 necessitatem
526 1612 554 1671 id
579 1611 705 1672 faciendi
731 1611 902 1672 ostenderet
927 1612 1120 1689 invidiamque

117 1713 230 1755 ornnem
245 1698 275 1755 in
291 1714 355 1757 eum
370 1704 542 1774 regereret,
565 1697 613 1773 qui
630 1695 687 1756 hoc
703 1715 736 1755 se
755 1697 913 1774 coegisset.
947 1694 985 1755 Et
999 1693 1038 1753 Μ.
1056 1693 1165 1758 Tul-rs

116 1781 171 1840 lius
188 1799 278 1859 saepe
296 1781 365 1841 dicit
380 1781 416 1840 de
429 1797 573 1859 oppressa
586 1781 786 1839 coniuratione
798 1778 953 1848 Catilinam
971 1779 1024 1839 sed
1035 1779 1121 1838 modo

116 1865 143 1924 id
169 1866 266 1925 virtuti
293 1873 411 1925 senatus
436 1865 523 1925 modo
550 1865 751 1942 providentiae
778 1864 897 1925 deornm
922 1863 1122 1924 immortalium

115 1951 252 2025 assignat.
277 1948 450 2026 Plerumque
466 1957 566 2009 contra
581 1949 712 2008 inimicos
727 1958 812 2027 atque
829 1949 1044 2009 obtrectatores
1056 1947 1122 2026 plus

116 2033 241 2091 vindicat
257 2031 322 2092 sibi.
353 2031 443 2092 Erant
459 2033 534 2090 enim
551 2032 669 2107 tuenda,
688 2050 752 2092 cum
770 2034 976 2093 obiicerentur.
1011 2030 1044 2091 ln
1060 2039 1164 2092 oar-24

114 2114 237 2173 minibus
252 2116 358 2174 utinam
374 2115 576 2191 pepercisset,
593 2132 668 2192 quae
683 2132 740 2175 non
758 2115 905 2175 desierunt
922 2132 1047 2193 carpere
1064 2131 1121 2173 rna-

116 2198 134 2256 li
158 2198 202 2256 ni:

137 2215 157 2273 g
244 2277 364 2343 Cedant
378 2297 469 2341 arma
483 2286 583 2358 togae,
600 2282 750 2343 aaacedat
763 2282 874 2342 laurea
889 2281 996 2349 lauda';

116 2373 144 2423 ei

260 2445 286 2508 O
300 2449 489 2527 fortunatam
504 2455 611 2508 natam
625 2466 673 2508 me
688 2448 811 2508 aausrde
828 2447 955 2507 Romam
962 2469 976 2516 ‚-

116 2542 145 2591 et
159 2530 262 2594 lacem
283 2534 378 2610 illum,
397 2551 419 2594 a
439 2548 497 2611 qua
511 2535 544 2594 tm
565 2531 727 2594 commitam
744 2531 871 2592 deorum
886 2530 1077 2598 aduocatum
1094 2538 1123 2588 et

116 2615 303 2693 Mineruam,
328 2633 408 2696 quae
429 2626 516 2679 artes
538 2636 606 2678 eam
628 2616 750 2685 docuit·
772 2633 847 2694 quae
864 2614 919 2673 sibi
936 2614 987 2674 ille
1004 2622 1122 2672 secutus

117 2701 258 2777 quaedam
275 2699 454 2762 Graecorum
473 2697 608 2779 exempla
628 2701 809 2778 permiserat.

199 2784 308 2844 Verum
329 2786 516 2864 eloquentiae
532 2793 562 2843 ut
579 2785 719 2844 indecora
734 2783 850 2843 iactatio
867 2785 905 2843 ita
923 2790 1163 2858 nonnunquam25

116 2868 305 2928 concedenda
320 2868 426 2928 fiducia
443 2877 497 2928 est.
529 2867 601 2928 Nam
617 2868 682 2945 quis
697 2867 894 2944 reprehendat
914 2866 1005 2926 hacc:
1040 2862 1123 2938 Quid

111 2955 239 3030 putem?
261 2960 498 3031 contemptumne
515 2953 584 3012 ma?
620 2949 688 3012 Nou
704 2952 794 3013 videa
810 2971 868 3014 nec
883 2953 915 3012 in
934 2951 997 3010 ar'ta
1013 2969 1070 3010 aec
1090 2949 1122 3008 irs

114 3037 219 3112 qratia
245 3056 304 3098 aaa
326 3039 359 3098 r‘a
380 3037 474 3098 rebus
493 3037 589 3114 pestis
609 3054 667 3096 aaa
686 3036 720 3095 in
740 3035 801 3097 bac
821 3054 890 3097 mea
911 3034 1122 3095 mediocritate

115 3120 240 3195 iuqem'i,
255 3122 330 3199 quid
342 3121 503 3197 despicere
510 3120 610 3198 poscit
620 3115 792 3180 Antonius?
807 3118 845 3179 Et
857 3117 944 3198 paulo
957 3126 1024 3195 post
1036 3134 1120 3195 aper·
1130 3124 1163 3177 26

116 3202 187 3259 tius:
207 3200 255 3263 Aa
271 3205 435 3267 decertare
449 3222 566 3266 mecum
579 3203 673 3264 uoluit
687 3204 873 3265 contemtione
888 3202 1035 3264 dicendi?
1056 3197 1122 3262 Hac

118 3287 240 3362 quidem
261 3289 440 3366 beneficium
458 3295 511 3352 est.
548 3285 631 3361 Qm'd
649 3289 728 3349 em'm
744 3289 879 3366 plenius,
902 3287 977 3365 quid
997 3285 1123 3347 uberius

117 3385 208 3447 quam
229 3372 302 3432 mibi
323 3381 352 3432 et
367 3392 428 3451 pro
445 3391 494 3433 me
511 3380 540 3434 et
560 3379 667 3434 contra
687 3370 849 3434 Antoniam
864 3373 995 3434 dicere?

202 3455 384 3533 Arrogantes
402 3465 431 3517 et
449 3456 505 3532 illi,
523 3457 571 3536 qui
590 3475 623 3516 se
642 3456 789 3518 iudicasse
805 3457 841 3517 de
860 3474 948 3517 causa
963 3473 1018 3516 nec
1036 3453 1161 3515 aliterd?
