2566 4026
412 201 503 249 lusu.
518 200 667 249 onnron.
681 201 750 249 nno.
762 203 784 268 1,
797 199 823 253 a.
1083 192 1123 255 33

112 361 172 423 boc
193 361 289 422 domu
312 355 464 416 dicendum
487 356 580 414 sitan
606 356 666 417 bac
689 357 776 417 domo
797 366 826 416 et
849 359 990 420 domuum
1013 377 1048 418 an
1068 362 1123 422 do·

113 463 251 506 morum.-
275 440 381 499 similia
407 441 607 515 sint'domuc,
630 457 726 516 acue,
754 460 872 502 manue.
912 441 1149 508 Deminutioti

114 545 208 606 genus
230 524 321 585 modo
345 522 474 599 detegit,
499 532 545 598 et,
572 540 608 581 ne
630 523 665 582 ab
690 523 795 583 ecdem
817 525 952 603 exemplo
974 527 1121 605 recedam,

114 614 219 692 fiunem
233 607 425 668 masculinum
441 624 507 666 esse
516 609 677 686 funiculus
691 607 826 668 ostendit.
857 608 966 670 Eadem
982 613 1010 669 in
1025 612 1149 677 verbis'i

117 713 236 776 quoque
265 694 341 752 ratio
370 693 611 769 comparationis,
642 701 688 768 ut,
714 694 738 750 si
763 694 826 769 quis
850 695 982 770 antiquos
1005 705 1122 755 secutus

115 783 240 859 fervere
262 777 346 836 brevi
374 774 467 835 media
493 775 606 851 syllaba
634 774 726 850 dicat,
758 776 993 854 deprehendatur
1017 780 1123 838 vitiose

117 865 215 941 loqui,
242 860 321 939 quod
341 861 451 935 omnia,
477 877 551 938 quae
573 880 589 921 e
611 868 640 918 et
661 880 678 920 o
701 860 806 919 litteris
829 860 937 920 fatendi
958 861 1043 920 modo
1065 871 1122 922 ter·

117 949 277 1020 minantur,
305 943 424 1018 eadem,
453 946 478 1002 si
499 945 614 1003 infinitis
638 963 654 1004 e
677 944 802 1003 litteram
822 945 917 1004 media
941 944 1054 1019 syllaba
1076 964 1122 1005 ac-

119 1038 273 1110 ceperunt,
290 1029 391 1105 utique
403 1027 572 1105 productam
584 1027 704 1088 habent:
717 1030 872 1107 prandeo,
884 1031 1017 1107 pendeo,
1033 1049 1122 1108 apon-

118 1117 191 1192 dco,
225 1113 402 1192 prandere,
429 1113 583 1190 pendere,
615 1114 778 1191 spondere.
822 1111 860 1171 At
888 1130 962 1189 quae
989 1131 1006 1173 o
1030 1113 1146 1176 sclam&

117 1198 243 1272 babent,
270 1194 425 1282 ‚dummodo
452 1213 507 1274 per
528 1195 648 1255 eandem
671 1196 795 1256 litteram
822 1197 850 1254 in
873 1196 981 1256 inlinito
1007 1206 1121 1273 exeant,

117 1282 218 1341 brevia
238 1281 323 1339 liunt:
346 1280 429 1357 depo,
452 1280 538 1353 dico,
559 1299 669 1357 curro,
689 1281 807 1358 lapara,
831 1282 953 1356 dicere,
975 1300 1123 1350 correre;

117 1367 230 1425 etiamsi
261 1372 307 1422 est
336 1363 411 1440 apud
432 1361 571 1423 Lucilium
593 1361 697 1424 Fercit
722 1380 806 1441 aquo
834 1373 863 1424 et
887 1365 1002 1442 fervet,
1029 1366 1124 1443 fervit

116 1469 198 1510 accc
219 1449 322 1527 servet
341 1448 386 1508 ud
404 1466 528 1511 anuum.
564 1447 638 1523 Sed,
662 1465 735 1526 pace
761 1448 860 1508 dicere
881 1447 1003 1508 bominis
1026 1450 1145 1512 erudi-9

117 1535 220 1593 tissimi
240 1532 339 1607 liceat,
358 1531 383 1589 si
397 1531 491 1609 feroit
508 1539 588 1609 putat
605 1530 648 1590 illi
664 1531 756 1591 simile
774 1534 873 1593 currit
887 1541 917 1592 et
931 1534 1020 1612 lepit:
1034 1534 1122 1613 feroc

116 1616 195 1676 dicet
215 1624 248 1674 ut
270 1616 337 1692 lopo
353 1622 382 1673 et
401 1634 504 1691 curro,
526 1615 602 1692 quod
619 1613 702 1674 nobis
721 1615 875 1676 inauditum
897 1626 951 1675 est.
987 1618 1046 1678 Sed
1064 1635 1122 1677 non

117 1710 161 1760 est
184 1700 262 1759 baec
284 1716 354 1758 rera
375 1700 565 1776 comparatio;
589 1716 651 1758 nam
666 1700 760 1777 feroit
777 1709 821 1758 est
841 1700 884 1759 illi
901 1701 995 1760 simile
1015 1704 1120 1777 serait,

116 1803 201 1864 quarn
223 1784 444 1862 proportionem
466 1785 599 1860 sequenti
622 1783 720 1842 dicere
741 1801 865 1843 necesse
889 1794 935 1844 est
953 1787 1071 1864 fervire
1092 1795 1122 1844 ut

116 1870 246 1931 ambire.
281 1867 374 1926 Prima
394 1883 510 1944 quoque
532 1867 685 1945 aliquando
708 1869 815 1946 positio
837 1886 875 1927 ex
897 1867 1022 1946 obliquis
1042 1870 1164 1930 inve-10

116 1955 209 2027 nitur,
231 1959 263 2010 ut
284 1952 421 2010 memoria
439 1959 543 2027 repeto
566 1952 716 2010 convictos
737 1970 753 2010 a
772 1969 834 2026 me,
859 1954 907 2029 qui
926 1952 1121 2031 reprehende-

116 2046 194 2111 rant,
221 2034 300 2113 quod
321 2035 379 2094 hoc
399 2033 489 2093 verbo
509 2052 577 2093 usus
595 2053 706 2110 essem,
726 2036 852 2114 pepipi;
873 2054 936 2095 nam
958 2037 986 2096 id
1009 2037 1122 2115 quidem

116 2121 228 2180 dixisse
249 2134 375 2177 summos
396 2127 530 2177 auctores
553 2117 777 2194 confitebantur,
799 2122 941 2179 rationem
957 2130 1052 2181 tamen
1072 2139 1121 2180 ne-

116 2203 227 2281 gabant
241 2203 423 2281 permittere,
441 2203 506 2280 quia
522 2203 611 2279 prima
626 2204 734 2280 positio
747 2205 904 2281 paciscor,
922 2223 986 2263 cum
1000 2205 1123 2265 haberet
1232 2236 1240 2252 ι

116 2297 249 2347 naturam
275 2284 420 2364 patiendi,
447 2286 559 2345 iaceret
581 2295 713 2364 tempore
735 2290 894 2365 praeterito
914 2297 1120 2364 pectuscum.

116 2370 176 2431 Nos
198 2379 319 2448 praeter
338 2371 540 2429 auctoritatem
557 2378 703 2429 oratorum
722 2380 808 2449 atque
830 2372 1033 2432 historicorum
1056 2381 1162 2432 ana-ll

116 2456 196 2533 logia
219 2470 337 2532 quoque
360 2452 465 2513 dictum
486 2454 543 2513 hcc
559 2453 716 2513 tuebamur.
754 2455 825 2514 Nam
842 2474 905 2515 cum
926 2457 954 2514 ia
970 2455 1025 2514 XII
1042 2455 1122 2515 tabu·

116 2540 151 2599 lis
167 2539 339 2615 legeremus
358 2538 392 2597 ati
411 2539 456 2598 c‘ta
473 2547 609 2617 poponi.-
628 2536 844 2596 inveniebamus
866 2538 959 2597 simile
982 2538 1049 2597 huic
1071 2556 1122 2598 ca·

117 2625 207 2697 dunt,
222 2620 290 2680 inde
306 2622 398 2700 prima
413 2622 531 2700 positio,
549 2622 659 2681 etiamsi
673 2629 819 2680 vetustate
836 2621 1017 2696 exoleverat,
1034 2637 1121 2698 appa·

115 2706 201 2767 rebat
220 2723 304 2784 popo
324 2712 356 2763 ut
376 2707 472 2782 codo,
493 2704 568 2765 uude
587 2721 644 2763 non
667 2714 729 2764 erat
748 2705 862 2765 dubium
884 2707 927 2764 sic
947 2706 1050 2784 pepipi
1069 2720 1122 2762 nos

116 2790 218 2850 dicere
233 2797 265 2847 ut
280 2789 391 2850 cecidi.
425 2789 484 2848 Sed
498 2788 708 2848 meminerimus
724 2807 782 2849 uon
795 2808 850 2869 per
867 2791 960 2849 omnia
976 2789 1041 2848 duci
1057 2789 1163 2847 ana-12

117 2874 217 2950 lagiae
242 2889 334 2951 posse
356 2873 511 2948 rationem,
542 2891 605 2932 cum
627 2880 656 2931 et
677 2871 732 2932 sibi
756 2875 820 2951 ipsa
846 2874 976 2952 plurimis
998 2873 1026 2932 in
1048 2872 1122 2931 locis

116 2965 273 3036 repugnet.
310 2954 458 3029 Quaedam
477 2959 540 3016 sine
562 2954 648 3016 dubio
666 2966 805 3016 conantur
826 2957 929 3017 eruditi
952 2955 1120 3032 defendere,

117 3051 164 3117 ut,
189 3058 255 3100 cunr
277 3038 490 3117 deprehensum
505 3049 566 3116 est,
590 3042 677 3118 lepus
696 3050 725 3100 et
741 3043 831 3121 lapus
852 3041 955 3100 similia
976 3042 1121 3120 positione

117 3134 254 3204 quantum
268 3123 384 3184 casibus
398 3126 583 3202 numerisque
602 3124 786 3185 dissentiant:
804 3128 843 3185 ita
858 3125 1047 3204 respondent,
1064 3142 1121 3185 non

116 3228 185 3270 esse
207 3211 308 3288 paria,
341 3210 408 3287 quia
431 3210 518 3288 lepos
540 3211 704 3286 epicoenon
726 3211 778 3284 sit,
808 3212 898 3289 lupos
918 3209 1119 3277 masculinum

115 3310 280 3374 quanquam
293 3291 389 3352 Varro
405 3294 434 3352 in
450 3309 486 3352 eo
502 3292 594 3367 libro,
618 3309 675 3370 quc
693 3293 772 3352 initia
784 3292 929 3353 Romanae
944 3294 1023 3353 urbis
1039 3310 1121 3352 enar-

114 3388 174 3455 rat,
197 3380 305 3458 lupum
324 3377 470 3455 feminum
492 3377 560 3437 dicit
580 3376 701 3435 Ennium
719 3376 920 3456 Pictoremque
935 3375 1055 3437 Fabium
1074 3394 1120 3435 se·

114 3472 209 3523 cutus.
243 3459 290 3521 llli
305 3469 400 3521 autem
422 3461 523 3538 iidem,
548 3478 610 3520 cum
631 3462 862 3538 interrogantur,
886 3480 937 3521 cur
956 3477 1035 3540 oper
1050 3460 1122 3538 apri
1131 3466 1164 3519 13

155 3568 186 3607 rt.
198 3568 225 3608 r.
238 3566 354 3616 qurum.
740 3612 749 3627 ο
937 3544 956 3604 3
