2566 4026
251 138 314 201 224
566 149 939 209 rn.rna·.ou1rsum1unr

253 325 357 387 equum
381 323 493 403 passus·
512 312 607 372 essem
636 320 726 380 quae,
757 304 823 381 quia
846 313 927 363 erant
949 305 1099 382 longiora,
1126 324 1184 367 non
1200 310 1258 368 suis

211 389 349 456 livorbis
370 389 503 467 exposui.
548 386 643 446 Brevc
665 395 760 446 autem
780 386 856 465 apud
873 387 1034 465 Vergilium
1055 393 1191 452 contrarii
1210 410 1247 452 cx

253 474 378 554 emplum
396 481 457 532 est:

355 553 397 618 At
411 575 470 619 aaa
484 557 551 629 itte,
574 562 675 616 satum
691 571 751 633 pao
765 563 794 615 te
809 557 962 632 mentiris,
984 553 1118 620 Acbitles

360 639 472 702 Talis
458 660 492 701 m
510 640 595 701 boote
600 639 670 738 [ait
684 636 817 701 Priamo.

213 737 244 790 15
252 724 401 799 Quaedam
422 731 517 783 autem
539 741 577 783 ex
598 724 650 798 iis,
682 732 863 800 quaegesta
887 733 968 799 sunt,
991 733 1052 784 tota
1070 725 1259 802 narrabimus,

252 817 282 869 ut
299 805 403 869 Cicero
425 825 479 886 pro
500 804 625 867 Milone:
656 804 842 868 Pudicitiam
860 826 928 869 caum
947 810 1080 908 eriperet
1100 810 1187 871 militi
1205 811 1259 871 tri-

252 894 352 955 buous
368 893 537 954 adlitotis'
524 910 557 952 m
572 890 712 951 aceram
732 888 766 950 G
779 888 899 992 Massi,
910 893 1105 972 propinquas
1124 895 1190 955 aias
1204 895 1260 954 im·

250 978 422 1056 paratoria,
439 975 618 1054 interfectas
629 974 670 1036 ob
683 983 787 1050 coest,
807 977 859 1037 cai
868 978 928 1037 uim
940 978 1098 1061 offerebat.
1142 975 1262 1040 Facere

253 1062 332 1122 emim
345 1061 463 1139 probos
480 1059 662 1121 adolescens
674 1059 866 1139 periculose,
889 1076 981 1137 qoam
995 1063 1116 1140 perpeti
1131 1063 1262 1140 turpiter

252 1145 379 1215 maluit,-
399 1153 492 1222 otqac
508 1144 592 1204 bomo
609 1143 661 1204 ote
680 1161 816 1204 sommas
831 1145 880 1205 air
898 1145 1015 1206 scelere
1033 1146 1163 1206 solutam
1174 1146 1261 1223 peri-

212 1229 322 1291 lticolo
342 1229 494 1291 liberavit.
540 1224 688 1299 Quaedam
709 1227 875 1303 significare
900 1230 970 1286 satis
993 1229 1062 1304 erit,
1090 1236 1120 1287 ut
1134 1228 1211 1289 idem
1227 1246 1263 1288 ac

253 1329 307 1390 pro
330 1311 449 1372 eodem:
483 1308 590 1388 Nepae
615 1312 693 1372 caim
714 1318 820 1389 posset
839 1309 941 1372 Abala
965 1313 1017 1374 iile
1040 1310 1192 1373 Seruiliae
1209 1320 1263 1373 aot

254 1395 286 1460 P.
303 1394 422 1458 Nasica
437 1403 492 1458 aot
510 1392 544 1456 L.
563 1391 701 1473 Opimius
718 1402 773 1456 out
787 1412 834 1457 mc
849 1397 973 1457 causato
992 1405 1118 1458 senatos
1132 1414 1193 1457 mors
1207 1415 1261 1458 uc·

251 1481 355 1558 fatias
368 1479 493 1555 baberi,
515 1481 543 1539 si
557 1479 725 1539 sceleratos
738 1479 870 1557 interfici
888 1481 978 1558 nefas
992 1488 1079 1542 esset.
1124 1478 1207 1539 Haec
1222 1481 1262 1539 ita

253 1563 400 1638 dicentur,
423 1570 509 1641 prout
524 1570 592 1621 nota
609 1571 706 1637 erunt,
725 1561 774 1620 vel
791 1563 898 1622 utilitas
916 1581 1022 1623 causae
1038 1573 1086 1624 aut
1102 1564 1193 1624 decor
1208 1581 1261 1642 po·

253 1645 381 1705 stulabit.

213 1730 244 1786 17
337 1726 448 1789 Eadem
470 1731 543 1789 ratio
564 1738 609 1788 est
632 1745 747 1803 eorum,
778 1747 852 1807 quae
870 1749 908 1789 ex
932 1731 1095 1808 poeticis
1120 1730 1261 1791 fabulis

255 1812 412 1887 ducuntur,
440 1813 494 1871 nisi
519 1813 597 1891 quod
617 1813 651 1871 iis
667 1813 758 1871 minus
775 1813 973 1874 affirmationis
990 1813 1155 1883 adhibetur;
1180 1815 1261 1873 cuius

255 1915 324 1956 usus
346 1896 438 1973 qualis
460 1913 528 1955 esse
549 1895 687 1971 deberet,
715 1895 790 1955 idern
811 1898 934 1975 optimus
953 1906 1056 1958 auctor
1074 1915 1109 1957 ac
1123 1899 1262 1974 magister

213 1981 247 2036 18
255 1980 441 2059 eloquentiae
465 1980 601 2040 ostendit.
645 1978 718 2038 Nam
738 1979 821 2040 huius
845 1997 962 2060 quoque
982 1983 1100 2059 generis
1116 1983 1145 2040 in
1160 1980 1261 2040 eadem

256 2066 386 2123 oratione
407 2065 570 2142 reperietur
592 2063 772 2141 exemplum:
804 2062 915 2142 Itaque
936 2067 1008 2142 boo,
1038 2067 1175 2140 iudices,
1202 2083 1262 2126 mou

254 2149 320 2208 sins
335 2165 435 2208 caasa
451 2149 542 2210 ctiam
554 2147 637 2226 fictis
649 2147 766 2226 fabalis
777 2147 946 2210 doctissimi
954 2149 1087 2210 hommes
1098 2150 1262 2211 memoriae

253 2231 474 2309 prodideram,
498 2251 587 2307 eam,
615 2233 668 2310 poi
688 2233 790 2309 patris
815 2233 985 2295 ulciscendi
1010 2250 1108 2294 caasa
1133 2238 1261 2292 matrem

254 2317 441 2391 necavisset,
462 2317 595 2377 variatis
609 2317 760 2376 bominum
774 2317 947 2393 sententiis,
970 2336 1029 2378 mom
1044 2317 1140 2377 solam
1156 2316 1261 2376 divina

213 2398 310 2461 19sed
324 2400 570 2478 sapientissimae
585 2400 665 2461 deae
679 2401 830 2462 sententia
847 2401 1019 2463 liberatam.
1055 2399 1129 2460 lllae
1144 2415 1263 2477 quoque

255 2481 400 2558 fabellae,
418 2500 508 2561 quae,
528 2484 639 2542 etiamsi
656 2484 797 2560 originem
813 2500 870 2543 non
885 2483 920 2542 ab
936 2483 1058 2562 Aesopo
1072 2491 1260 2561 acceperunt,

257 2566 336 2644 (narn
354 2566 469 2627 videtur
489 2585 587 2626 earum
610 2568 719 2644 primus
735 2575 838 2626 auctor
851 2566 1012 2646 Hesiodus)
1029 2569 1144 2626 nomine
1167 2576 1262 2625 tamen

255 2649 368 2727 Aesopi
383 2651 506 2710 maxime
523 2649 724 2724 celebrantur,
745 2650 853 2709 ducere
869 2653 979 2710 animos
995 2650 1092 2710 solent
1103 2651 1262 2728 praecipue

255 2736 428 2793 rusticorum
444 2743 473 2793 et
488 2734 702 2811 imperitorum,
724 2735 812 2810 quiet
829 2734 1002 2811 simplicius,
1020 2751 1094 2811 quae
1107 2734 1261 2807 istasunt,

256 2815 389 2891 audiunt,
420 2827 449 2876 et
476 2818 552 2894 capti
576 2816 728 2894 voluptate
754 2816 843 2875 facile
863 2819 914 2892 iis,
943 2817 1045 2894 quibus
1069 2817 1251 2877 delectantur

257 2901 449 2960 consentiunt.
482 2899 630 2977 Siquidem
647 2907 676 2959 et
691 2897 840 2959 Menenius
852 2899 983 2978 Agrippa
1001 2900 1119 2978 plebem
1135 2918 1200 2958 cum
1212 2916 1261 2976 pa·

257 2984 347 3043 tribus
365 2986 394 3042 in
408 2985 529 3061 gratiam
549 2983 669 3042 traditur
686 2983 839 3043 reduxisse
854 2992 922 3043 nota
938 2983 988 3042 illa
1005 2983 1041 3043 de
1057 2982 1193 3042 membris
1210 2981 1261 3041 hu·

214 3069 346 3129 iomanis
367 3067 506 3128 aduersus
527 3076 657 3125 ventrem
672 3065 903 3127 discordantibus
921 3066 1028 3127 fabula.
1073 3067 1111 3126 Et
1125 3065 1261 3125 Horatius

258 3169 294 3210 ne
315 3153 345 3210 in
364 3159 500 3229 poemate
524 3150 639 3228 quidem
661 3149 797 3209 humilem
817 3152 935 3228 generis
956 3150 1038 3210 buius
1054 3168 1136 3209 usum
1151 3149 1263 3227 putavit

257 3233 286 3291 in
307 3234 365 3294 illis
386 3233 537 3309 versibus,
571 3231 660 3306 Quod
682 3235 762 3295 dtaa
783 3237 890 3313 oatpcs
910 3243 1048 3332 oeproto
1060 3242 1154 3295 cauta
1171 3233 1260 3294 leoni.

256 3309 355 3415 Alpem
385 3316 488 3378 Graeci
503 3325 609 3378 vocant
621 3326 650 3376 et
666 3316 855 3395 αἰσωπείους,
875 3326 906 3376 ut
921 3317 995 3392 dixi,
1015 3309 1119 3396 λόγους
1137 3325 1166 3376 et
1182 3318 1261 3395 λιβυ-

258 3420 344 3472 κουςς
365 3411 531 3461 nostrorum
546 3399 677 3480 quidam,
698 3419 756 3460 non
771 3419 841 3461 sane
856 3411 979 3479 recepto
994 3403 1023 3459 in
1037 3418 1118 3460 usum
1135 3402 1262 3476 nomine,
