2566 4026
222 146 281 208 1⁷0
535 159 898 220 sr.rxn.qu1ur1mnu1

218 333 281 376 rum
291 314 348 374 dici
361 313 486 374 celerius
501 321 611 391 potest,
627 314 680 375 sed
695 313 801 374 suflicit
816 313 915 377 dicere
930 320 1051 392 eportet
1062 316 1217 394 cumquei.

218 397 256 459 llt
279 398 412 476 quotiens
433 397 528 456 exitus
552 398 595 456 rei
616 399 686 457 satis
710 397 836 458 ostendit
857 399 970 476 priora,
998 396 1138 458 debemus
1161 399 1220 462 boc

175 486 287 542 edesse
303 483 448 556 contenti,
464 496 522 558 quo
538 479 650 559 reliqua
665 479 873 559 intelliguntur.
906 479 1020 558 Quare,
1038 500 1103 542 cum
1119 482 1219 545 dicere

218 567 321 641 liccat,
341 561 398 627 Est
411 565 484 626 mibi
496 563 580 642 filice
594 566 730 642 icamia,
756 564 850 624 omnia
869 565 920 624 illa
936 583 1135 643 supervacua:
1157 564 1219 628 Crt-

215 651 310 730 pidua
331 667 387 728 eqo
407 650 572 710 liberorum
591 666 719 710 acorem
740 650 833 726 dcci,
855 656 961 710 arctum
981 648 1078 727 fidum
1098 651 1218 728 mutuli,

218 732 366 808 educavi,
395 733 428 794 in
446 733 685 794 adolescentiam
704 733 848 812 perduci.
889 730 1020 810 Ideoque
1041 731 1219 794 Graecorum

217 816 306 893 aliqui
320 815 397 876 aliud
410 816 608 876 circumcisam
624 816 837 894 expositionem
850 816 879 876 id
896 824 941 874 est
956 809 1117 894 σύντομον,
1140 817 1218 878 aliud

216 900 336 960 brevem
362 907 549 977 putaverunt;
580 900 658 977 quod
682 899 733 959 illa
760 899 950 976 supervacuis
977 909 1113 976 careret,
1143 897 1218 961 haec

173 987 209 1041 43
217 992 320 1063 posset
335 982 443 1061 aliquid
465 1000 502 1042 ex
517 984 694 1043 necessariis
709 982 889 1043 desiderare.
922 980 950 1041 N
952 998 985 1040 os
1005 992 1102 1043 autem
1119 983 1217 1044 breri-

216 1077 306 1128 tatem
324 1068 353 1125 in
374 1066 432 1126 boc
453 1067 601 1145 ponimus,
629 1083 687 1125 norr
711 1075 743 1126 ut
764 1067 856 1124 minus
877 1065 930 1125 sed
956 1083 994 1126 ne
1017 1066 1083 1145 plus
1105 1066 1217 1126 dicatur

217 1154 301 1229 quam
323 1159 468 1228 oporteat.
506 1148 579 1209 Nam
598 1151 770 1209 iterationes
793 1149 907 1229 quidem
929 1158 959 1209 et
978 1150 1165 1228 cccrctcytuq
1186 1158 1216 1209 et

215 1233 450 1314 περισσολογίας,
473 1250 545 1311 quas
560 1234 589 1292 in
603 1235 767 1294 narratione
780 1231 910 1292 vitandas
927 1233 1042 1310 quidam
1054 1234 1216 1311 scriptores

216 1317 328 1377 Artium
342 1315 530 1391 tradiderunt,
548 1325 682 1385 transco;
698 1325 764 1376 sunt
779 1317 854 1375 euim
867 1315 942 1377 baec
953 1318 1021 1376 uitia
1037 1332 1094 1376 non
1107 1325 1217 1376 tantum

173 1401 366 1464 elbreritatis
382 1401 476 1476 gratia
492 1399 673 1476 refugienda.
709 1399 775 1459 Non
789 1400 880 1458 minus
896 1408 991 1459 autem
1005 1400 1134 1460 cavenda
1149 1401 1215 1476 erit,

216 1500 291 1563 quae
305 1485 419 1542 nimium
437 1485 628 1561 corripientes
644 1485 738 1543 omnia
754 1486 895 1561 sequitur,
914 1482 1094 1558 obscuritas,
1111 1485 1214 1544 satius·

216 1584 273 1645 que
294 1574 339 1625 est
357 1566 465 1643 aliquid
479 1568 635 1626 narrationi
656 1585 814 1646 superesse
833 1583 917 1644 quam
931 1566 1048 1627 deesse.
1078 1566 1153 1628 Nam
1169 1586 1217 1627 su·

215 1667 362 1728 pervacua
377 1667 441 1709 cum
456 1649 552 1709 taedio
571 1650 719 1725 dicuntur,
736 1650 904 1709 necessaria
920 1668 984 1710 cum
999 1651 1132 1729 periculo
1149 1649 1216 1711 sub·

172 1732 374 1797 attrabuntur.
412 1730 510 1806 Quare
529 1734 645 1794 vitanda
666 1742 712 1793 est
731 1735 817 1794 etiam
840 1732 891 1793 illa
913 1733 1106 1809 Sallustiana,
1127 1752 1215 1813 quan-

217 1834 302 1895 quam
321 1817 350 1875 in
371 1817 436 1894 ipsc
460 1818 573 1876 virtutis
595 1817 691 1877 locum
711 1817 837 1893 obtinet,
861 1815 989 1876 brevitas
1013 1826 1042 1876 et
1064 1816 1215 1894 abruptum

215 1900 357 1959 sermonis
368 1918 472 1977 genus,
487 1900 565 1978 quod
577 1901 702 1960 otiosum
715 1901 842 1961 fortasse
857 1900 999 1960 lectorem
1015 1901 1105 1960 minus
1120 1899 1213 1975 fallat,

216 1983 378 2044 audientem
393 1983 563 2060 transvolat,
578 2002 634 2044 nec
646 1984 712 2044 dum
722 1992 872 2063 repetatur
884 1992 1035 2062 expectat;
1052 2002 1116 2043 cum
1129 2001 1215 2062 prae·

215 2068 315 2126 sertim
335 2067 429 2127 lector
450 2085 507 2126 nou
529 2068 592 2127 lere
614 2069 726 2128 sitnisi
749 2068 895 2143 eruditus,
916 2067 1040 2128 iudicem
1063 2085 1130 2127 rura
1151 2067 1215 2145 ple·

214 2167 335 2228 rumque
356 2152 385 2210 in
400 2150 533 2212 decurias
553 2154 664 2212 mittant
679 2152 716 2212 de
732 2169 769 2211 eo
790 2152 1055 2231 pronuntiaturum,
1079 2150 1158 2228 quod
1173 2168 1215 2209 rn-

215 2233 379 2302 tellexerit;
399 2243 430 2294 nt
445 2235 570 2294 tortasse
591 2235 777 2315 ubicunque,
797 2237 826 2295 in
840 2235 1004 2294 narratione
1021 2243 1116 2295 tamen
1129 2251 1215 2311 prae·

217 2318 317 2396 cipue,
333 2317 427 2378 media
442 2316 517 2379 haec
532 2319 655 2380 tenende
671 2321 708 2379 sit
721 2321 769 2380 via
784 2318 914 2394 dicendi,
932 2328 1105 2397 quantum
1125 2336 1215 2397 opus

172 2404 289 2478 diest,
311 2410 483 2480 quantum
501 2411 556 2463 sat
576 2411 644 2463 est.
676 2402 819 2477 Quantum
834 2419 908 2481 opus
930 2412 977 2463 est
991 2412 1087 2463 autem
1102 2419 1161 2462 non
1176 2404 1215 2462 ita

216 2485 310 2564 accipi
331 2485 424 2546 solum
438 2486 524 2562 volo,
545 2495 679 2565 quantum
700 2486 933 2547 adiudicandum
954 2487 1076 2562 suflicit,
1096 2488 1164 2565 quia
1187 2494 1216 2545 et

215 2584 273 2628 non
293 2569 423 2629 inornata
444 2569 532 2630 debet
553 2588 620 2631 csse
640 2569 786 2647 brevitas,
808 2569 917 2648 alioqui
938 2570 976 2629 sit
995 2569 1125 2637 indocta;
1151 2585 1216 2627 nam

217 2660 246 2711 et
261 2651 336 2711 fallit
352 2653 488 2731 voluptas
505 2663 534 2712 et
550 2656 642 2714 minus
658 2653 746 2731 longa
762 2671 837 2733 quae
854 2652 1001 2713 delectant
1017 2652 1166 2725 videntur,
1184 2659 1214 2708 ut

216 2752 366 2795 amoenum
382 2753 416 2795 ac
434 2736 522 2798 molle
540 2738 612 2812 iter,
633 2739 744 2797 etiamsi
766 2746 811 2798 est
828 2737 913 2816 spatii
935 2733 1102 2812 amplioris,
1122 2734 1213 2793 minus

70 2880 74 2885 .
111 2868 119 2882 ..
173 2818 316 2896 attatigat
332 2836 416 2896 quam
430 2819 531 2879 durum
545 2822 712 2899 aridumque
728 2820 937 2899 compendium.
964 2816 1067 2897 Neque
1082 2816 1148 2876 mibi
1164 2835 1214 2876 un·

157 2958 161 2965 .
217 2920 301 2981 quam
318 2910 396 2963 tanta
410 2902 498 2963 luerit
513 2921 581 2964 cura
597 2904 758 2979 brevitatis,
774 2912 877 2963 utnon
893 2918 938 2977 ea,
955 2919 1029 2979 quae
1046 2900 1215 2961 credibilem

216 2987 323 3046 iaciunt
339 2988 561 3064 expositionem,
580 2989 670 3048 inseri
683 2987 780 3048 velim.
809 2986 939 3064 Simplex
955 2986 1029 3044 enim
1045 2992 1075 3043 ct
1088 2984 1214 3062 undique

216 3071 350 3147 praecisa
376 3086 434 3128 non
461 3079 518 3130 tam
539 3073 664 3131 narratio
694 3071 794 3130 vocari
817 3077 917 3147 potest
945 3084 1029 3145 qnam
1054 3066 1213 3128 confessio.

216 3152 287 3211 Sunt
310 3168 399 3231 porro
423 3154 529 3214 multae
550 3156 721 3216 condicione
742 3154 806 3230 ipsa
827 3153 871 3211 rei
894 3152 1001 3229 longae
1021 3153 1213 3227 narrationes,

217 3234 319 3312 quibus
336 3244 465 3297 extrema
483 3237 529 3316 (ut
543 3238 699 3317 praecepi)
718 3236 860 3315 prooemii
876 3244 959 3313 parte
977 3235 1013 3296 ad
1028 3237 1214 3296 intentionem

214 3319 430 3395 praeparandus
447 3329 492 3380 est
508 3322 608 3389 iudex;
632 3319 735 3380 deinde
753 3317 924 3395 curandum,
944 3327 975 3378 ut
992 3321 1068 3380 omni
1085 3329 1148 3379 arte
1165 3316 1214 3377 rel

171 3408 251 3464 ibex
272 3402 366 3480 spatio
388 3404 449 3462 eius
471 3402 653 3463 detrahamus
674 3401 781 3480 aliquid
796 3401 845 3461 vel
867 3420 904 3462 cx
919 3402 1027 3463 taedio.
1066 3401 1105 3463 Ut
1121 3403 1212 3462 minus
