2566 4026
393 182 846 252 1nsu.onnnon.u1s.xu‚3.
1059 173 1118 234 251

115 346 171 406 sed
196 343 308 416 omnia,
338 358 413 419 qnae
436 340 586 418 profutura
608 349 691 415 sunt,
720 339 818 400 debet.
858 340 960 418 Itaque
983 358 1046 399 eum
1066 354 1150 405 neca

115 428 262 502 inutilem,
289 427 314 485 si
332 425 367 486 ad
383 425 482 484 horam
498 424 577 484 forte
592 425 771 500 constiterit,
795 443 895 502 neque
912 426 940 482 in
961 425 1120 483 testationi·

116 514 176 573 bus<
191 511 332 571 faciendis
349 527 420 569 esse
434 511 595 587 imperitum
608 510 705 568 velim.
741 507 813 582 Quis
829 510 906 568 enim
919 509 1020 586 potius
1037 525 1120 584 prae·

116 596 229 676 parabit
245 613 298 670 ea,
317 612 408 674 qnae,
427 612 490 652 cum
509 603 593 672 aget,
617 611 686 653 esse
702 595 834 653 incensa
851 590 941 652 vetit?
965 591 1030 650 Nisi
1043 591 1120 650 iorte

114 684 323 759 imperatorem*
335 679 402 757 quis
413 677 550 738 idoneum
560 678 652 738 credit
666 679 696 736 ir
710 677 832 757 proedis
843 677 959 756 quidem
974 685 1121 736 strenuum

115 776 146 825 et
161 765 267 824 iontem
284 772 317 822 et>
329 763 468 838 omnium,
485 781 560 842 quae
578 780 674 843 pugna
689 763 803 840 poscit,
822 761 979 836 artificem,
999 761 1054 820 scd
1070 779 1120 820 ne·

114 869 173 930 que
197 848 331 908 delectus
352 864 447 924 agere
469 865 525 906 nee
548 849 649 925 copias
673 846 848 907 contrahere
868 855 959 924 atque
977 847 1121 904 instruere

114 953 171 994 nec
194 934 368 1013 prospicere
390 940 566 990 commeatus
582 949 639 991 nee
659 931 755 991 iocum
771 948 879 1009 capere
903 931 1005 989 eastris
1027 931 1121 991 stica·

114 1028 188 1085 tem;
212 1019 292 1095 prius
308 1024 354 1076 est
369 1016 445 1074 enim
460 1024 544 1075 certe
559 1033 664 1094 parare
682 1014 763 1074 belia
780 1033 865 1093 quam
879 1032 999 1093 gerere.
1032 1013 1150 1092 Atquis

114 1102 279 1162 simillimus
294 1101 361 1160 huic
382 1101 418 1158 sit
439 1099 615 1174 advocatus,
640 1101 668 1158 si
681 1099 784 1178 plura,
805 1117 883 1177 qnae
897 1099 933 1158 ad
948 1096 1121 1158 vincendum

114 1186 229 1260 valent,
255 1185 320 1245 aliis
335 1183 502 1261 reliquerit;
531 1203 594 1243 cum
615 1183 788 1262 praesertim
812 1183 884 1258 hoc,
908 1182 985 1260 quod
1003 1191 1121 1242 estne

114 1273 192 1330 xime
209 1269 424 1343 necessarium,
442 1286 498 1327 nec
515 1278 571 1327 tam
588 1269 623 1327 sit
636 1268 771 1343 arduum,
790 1284 874 1345 quam
889 1266 993 1345 procul
1010 1267 1108 1326 intuen

115 1354 191 1414 tibus
208 1353 333 1413 tortasse
350 1350 490 1412 videatur.
519 1351 650 1429 Namque
667 1369 752 1411 omne
767 1353 828 1427 ius,
844 1351 922 1429 quod
938 1359 983 1410 est
999 1360 1120 1425 certum,

115 1447 164 1498 aut
184 1439 296 1516 scripto
322 1446 371 1496 aut
390 1435 520 1495 moribus
542 1444 668 1503 constat;
698 1435 814 1495 dubium
842 1436 998 1514 aequitatis
1018 1434 1121 1511 regula

116 1521 333 1582 examinandum
354 1528 408 1579 est.
443 1519 524 1594 Quae
548 1522 656 1599 scripta
672 1529 737 1579 sunt
752 1528 800 1579 aut
815 1521 911 1597 posita
935 1520 963 1578 in
978 1535 1060 1578 more
1082 1519 1150 1583 cit

115 1607 229 1680 vitatis,
259 1605 367 1664 nullam
386 1604 495 1664 habeut
516 1604 731 1680 difficultatem,
764 1605 939 1682 cognitionis
961 1613 1028 1663 sunt·
1047 1602 1121 1662 enim

116 1707 174 1749 non
195 1690 382 1756 inventionis;
410 1697 530 1767 atquae
546 1689 743 1749 consultorum
758 1690 911 1768 responsis
926 1688 1120 1766 explicantur,

115 1774 206 1834 autin
222 1773 378 1833 verborum
400 1773 639 1852 interpretatione
656 1783 721 1833 sunt
738 1775 832 1852 posita
850 1774 942 1833 autin
964 1772 1038 1832 recti
1054 1789 1121 1850 pra-

116 1859 204 1937 vique
220 1859 396 1918 discrimine.
428 1856 492 1916 Vim
512 1859 651 1935 cuiusque
670 1860 753 1918 vocis
768 1858 953 1935 intelligere,
976 1865 1025 1916 aut
1042 1872 1120 1916 conr·

113 1961 201 2002 mune
215 1943 398 2020 prudentium
413 1951 458 2001 est
476 1951 524 2002 aut
539 1943 688 2020 proprium
705 1944 844 2010 oratoris;
862 1942 996 2020 aequitas
1012 1942 1121 2018 optimo

116 2027 221 2102 cuique
238 2025 396 2084 notissima.
429 2025 492 2083 Nos
513 2042 603 2103 porro
624 2035 653 2085 et
672 2026 780 2085 bonurn
795 2027 886 2085 virum
904 2034 933 2085 et
950 2025 1151 2103 prudentem8

115 2111 144 2168 in
167 2109 267 2185 primis
289 2115 436 2166 oratorem
457 2116 606 2185 putamus,
632 2111 681 2186 qai
702 2128 766 2169 cum
787 2128 821 2168 se
844 2108 946 2185 adid,
973 2109 1051 2188 quod
1076 2116 1122 2167 est

116 2193 254 2270 optimum
272 2199 391 2265 natura,
416 2189 573 2266 direxerit,
601 2208 660 2251 non
679 2208 858 2270 magnopere
881 2191 1120 2266 commovebitur,

116 2278 141 2336 si
164 2275 229 2353 quis
248 2274 285 2334 ab
307 2290 343 2333 eo
365 2273 515 2333 consuitns
536 2275 705 2343 dissentiet;
728 2293 792 2335 cum
816 2277 891 2352 ipsis
909 2275 970 2335 iliis
989 2276 1121 2335 diversas

117 2361 193 2418 inter
208 2377 241 2417 se
258 2359 413 2438 opiniones
428 2359 502 2417 tueri
519 2375 692 2418 concessum
707 2360 753 2418 sit.
786 2359 845 2420 Sed
861 2360 962 2436 etiam,
980 2361 1005 2418 si
1021 2375 1121 2434 nesse,

117 2443 185 2534 qpid
208 2443 331 2520 quisque
354 2443 494 2518 senserit,
518 2442 616 2502 volet:
642 2442 778 2503 lectionis
799 2460 877 2521 opus
891 2452 953 2519 est,
978 2461 1035 2522 qna
1052 2441 1122 2501 nihii

117 2529 205 2587 estin
221 2527 322 2586 studiis
337 2527 429 2586 minus
445 2526 632 2588 laboriosum.
664 2527 776 2600 Quodsi
794 2528 947 2609 plerique,
966 2528 1151 2606 desperatae

116 2612 255 2673 facultate
279 2611 402 2689 agendi,
427 2611 462 2671 ad
479 2611 646 2671 discendum
668 2613 712 2672 ius
733 2612 967 2673 declinaverant:
991 2630 1076 2693 quam
1093 2611 1121 2670 id

117 2698 194 2756 scire
212 2696 301 2756 facile
322 2704 368 2755 est
386 2698 497 2756 oratori
506 2742 514 2773 ‚
535 2697 612 2775 quod
629 2697 758 2772 discunt,
780 2699 831 2777 qui
851 2715 1036 2776 unaquoque
1053 2713 1121 2755 eon·

117 2781 247 2840 iessione
264 2788 398 2839 oratores
412 2798 480 2840 esse
495 2799 553 2841 non
570 2779 712 2860 possunt?
742 2781 852 2842 Verum
867 2791 896 2842 et
911 2781 949 2842 il.
966 2779 1040 2841 Cato
1058 2799 1121 2840 cum

117 2867 146 2924 in
162 2863 287 2924 dicendo
302 2866 566 2942 praestantissimus
588 2875 645 2926 tum
665 2868 735 2925 iuris
756 2867 833 2926 idem
850 2867 902 2927 init
919 2867 1121 2945 peritissimus,

117 2958 148 3009 et
164 2948 327 3008 Scaevolae
348 2950 512 3027 Servioque
529 2951 659 3032 Sulpicio
684 2968 827 3011 concessa
850 2960 895 3010 est
916 2951 1001 3010 etiam
1023 2951 1122 3010 iacun·

117 3033 183 3094 diae
209 3034 308 3092 virtus.
346 3032 383 3093 Et
404 3032 442 3093 Μ.
466 3034 578 3094 'duilius
599 3051 657 3093 non
682 3035 769 3095 modo
792 3037 867 3095 inter
888 3034 1031 3113 agendum
1053 3046 1166 3098 nun-10

118 3134 203 3194 qnam
216 3126 260 3176 est
276 3118 429 3177 destitutus
446 3120 567 3178 scicntia
581 3120 650 3179 iuris
664 3121 717 3179 sed
734 3121 818 3180 etiam
831 3137 1008 3201 componere
1025 3117 1122 3197 aliqua

118 3200 155 3258 de
174 3216 210 3258 eo
230 3211 387 3278 coeperat,
409 3213 439 3262 ut
452 3214 607 3282 appareat,
630 3222 720 3282 posse
739 3213 885 3264 oratorem
902 3222 959 3264 non
980 3202 1121 3263 discendo

119 3290 225 3342 tantum
249 3285 302 3342 iuri
317 3303 425 3345 uacare
448 3287 500 3348 sed
519 3290 604 3348 etiam
619 3289 764 3349 docendo.
791 3289 900 3348 Verum
916 3306 967 3366 ea,
994 3305 1068 3366 quae
1085 3286 1163 3350 dell
1261 3357 1265 3364 ,

118 3366 248 3426 moribus
266 3369 437 3430 excolendis
459 3373 613 3450 studioque
629 3374 699 3432 iuris
715 3374 926 3452 praecipimus,
950 3391 986 3432 ne
1002 3372 1068 3451 quis
1084 3387 1122 3430 eo

119 3451 219 3512 credat
235 3452 493 3533 reprehendenda,
516 3458 592 3536 quod
610 3458 715 3518 multos
732 3459 937 3536 eognovimus,
960 3458 1009 3536 qui
1024 3454 1122 3517 taedio
