2566 4026
336 157 425 204 msc.
440 156 589 205 onn'ron.
602 158 671 205 me.
684 159 720 224 V,
734 153 776 208 13.
1003 149 1063 214 239

142 311 364 373 Declamatores
385 326 457 369 vero
480 312 608 389 inprimis
634 320 699 371 sunt
720 312 909 392 admonendI,
937 335 974 377 ne
994 335 1062 378 con·

56 398 248 458 tradictiones
265 413 315 455 eas
333 402 457 473 ponant,
485 394 588 472 quibus
613 395 749 456 facillime
766 399 938 476 responderi
957 404 1062 481 possit,

56 501 114 542 neu
131 481 186 540 sibi
202 479 319 539 stultum
338 479 536 538 adversarium
556 479 674 556 fingant.
705 479 839 541 Facimus
854 493 966 560 autem,
984 487 1063 564 quod

56 566 180 626 maxime
195 564 302 623 uberes
321 563 379 623 loci
396 562 613 641 popularesque
629 565 791 624 sententiae
808 578 979 646 nascuntur,
1002 588 1061 630 ma-

56 651 159 710 teriam
178 647 291 708 diceudi
306 646 406 722 nobis,
426 647 504 725 quod
523 646 673 724 volumus,
695 648 881 726 ducentibus,
906 662 937 711 ut
952 656 1062 713 nonsit

55 734 106 794 ille
122 733 230 793 inutilis
244 750 361 791 versus:

105 814 175 878 Neo
194 817 275 877 mole
295 816 468 893 respondit,
491 817 570 876 mole
592 817 671 877 enim
688 816 780 894 prior
801 817 852 880 ille
875 828 1012 897 reparet.

54 901 152 961 Fallet
167 901 242 960 baec
257 916 310 958 nos
327 901 354 958 in
371 899 436 957 foro
453 899 655 975 consuetudo,
671 899 720 959 ubi
737 900 916 979 adversario,
933 920 990 963 non
1005 904 1104 983 ipsibt

55 985 139 1044 nobis
152 983 404 1063 respondebimus.
429 981 518 1042 Aiunt
529 983 639 1042 Attium
654 984 872 1062 interrogatum,
891 1005 942 1046 cur
957 1005 1060 1048 causas

55 1087 112 1128 non
123 1077 237 1145 ageret,
251 1086 315 1126 cum
327 1067 402 1145 apud
415 1085 479 1125 eum
496 1069 525 1126 in
537 1068 696 1144 tragoediis
709 1077 786 1128 tanta
803 1071 846 1128 vis
859 1080 939 1130 esset
952 1073 1060 1150 optime

54 1150 264 1231 respondendi,
287 1151 361 1210 hane
379 1149 542 1210 reddidisse
560 1153 718 1226 rationem,
744 1154 821 1229 quod
842 1153 903 1213 illic
926 1172 960 1214 ea
982 1155 1059 1215 dice·

54 1246 174 1312 rentur,
197 1252 271 1313 quae
291 1237 356 1312 ipse
375 1234 484 1309 vellet,
509 1235 538 1292 in
558 1234 624 1294 foro
651 1236 754 1295 dicturi
772 1235 930 1297 adversarii
949 1248 1058 1314 essent,

55 1338 132 1399 quae
148 1321 262 1378 minime
278 1318 378 1378 vellet.
414 1317 578 1378 Ridiculum
595 1327 639 1378 est
656 1336 728 1395 ergo
744 1321 773 1378 in
791 1322 1103 1398 exercitationibus‚44

55 1422 132 1482 quae
163 1403 227 1462 loro
260 1411 484 1484 praeparantur,
511 1403 591 1479 prius
618 1403 764 1478 cogitare,
793 1404 861 1481 quid
887 1406 1060 1482 responderi

55 1506 142 1568 quam
158 1487 225 1565 quid
243 1505 279 1546 ex
295 1487 412 1546 diverso
430 1487 487 1545 dici
504 1487 607 1563 possit.
644 1485 682 1546 Et
698 1485 792 1545 bonus
809 1497 988 1566 praeceptor
1001 1505 1059 1547 uon

54 1573 147 1630 minus
164 1570 282 1630 laudare
301 1570 473 1648 discipulum
492 1569 589 1645 debet,
607 1572 631 1628 si
647 1570 715 1648 quid
731 1586 784 1648 pro
801 1571 918 1631 diversa
935 1573 1059 1649 quamsi

55 1654 124 1733 quid
140 1672 193 1732 pro
210 1673 261 1714 sua
278 1663 361 1732 parte
377 1654 682 1729 acriterexcogitavit.
716 1653 826 1712 Rursus
842 1655 919 1715 aliud
934 1658 961 1714 in
974 1656 1101 1715 sobo-45

54 1739 91 1798 lis
108 1739 329 1816 permittendum
346 1756 477 1815 semper,
504 1740 533 1796 in
548 1737 613 1796 foro
630 1755 734 1795 rarum.
771 1735 843 1798 Nam
862 1738 950 1798 loco
975 1758 1058 1818 ape·

54 1823 144 1882 titore
160 1823 278 1900 primo
296 1821 525 1881 contradictione
543 1822 584 1879 uti
604 1823 652 1899 qui
668 1838 838 1898 possumus,
855 1821 903 1881 ubi
922 1840 993 1882 vera
1010 1841 1058 1882 res

55 1906 161 1983 agitur,
179 1924 243 1964 cum
261 1906 444 1965 adversarius
464 1904 557 1965 adbuc
574 1904 645 1964 nihil
658 1901 784 1963 dixerit?
814 1904 945 1965 Incidunt
965 1910 1101 1966 tamen46

54 1990 190 2067 plerique
211 1991 239 2048 in
261 1990 317 2049 boc
339 1990 437 2048 vitium
463 1989 512 2048 vel
544 1987 752 2047 consuetudine
776 1987 984 2050 declamatoria
1010 1990 1060 2050 vel

55 2075 142 2133 etiam
159 2073 316 2151 cupiditate
338 2072 469 2147 dicendi,
493 2072 618 2150 dantque
641 2070 678 2130 de
697 2089 730 2130 se
749 2073 992 2149 respondentibus
1008 2091 1058 2132 ve-

54 2158 238 2215 nustissimos
255 2158 346 2232 lusus,
366 2174 430 2216 cum
445 2155 550 2232 modo,
572 2175 606 2216 se
620 2173 693 2218 cero
713 2155 791 2216 nibil
804 2157 942 2236 diodero,
962 2174 1059 2235 oeque

53 2249 118 2303 tam
132 2241 224 2302 stulte
239 2243 395 2309 dicturos;
411 2241 509 2313 modo,
533 2240 609 2300 dene
625 2240 797 2302 admonitos
818 2241 857 2301 ed
875 2242 1060 2304 aduersario

54 2332 86 2386 et
103 2343 198 2402 opere
213 2328 346 2402 proiice,
363 2325 445 2402 quod
460 2325 560 2385 edicti
573 2325 645 2399 siret,
661 2324 806 2391 iocantur;
823 2323 1059 2402 frequentissime

53 2424 144 2484 vero,
168 2408 196 2467 id
219 2408 295 2486 quod
313 2409 504 2469 firmissimum
524 2414 583 2481 est,
604 2423 760 2485 nunquam
780 2409 820 2467 tir
840 2425 1059 2486 responsorem

53 2493 273 2554 adversarium
294 2493 408 2571 fuisse,
433 2506 513 2569 quoe
528 2492 687 2568 proposito
708 2511 767 2553 nort
788 2499 903 2567 essent,
925 2493 986 2552 odsi
1004 2494 1059 2553 illo

54 2577 151 2637 sciret
166 2595 243 2636 cero
261 2596 328 2638 ecce
338 2584 368 2637 et
379 2577 423 2636 od
431 2576 592 2654 fotendum
604 2577 790 2636 couscientia
802 2581 883 2636 esset
892 2576 1059 2654 impulsec;

53 2667 85 2717 ut
100 2675 154 2736 pro
175 2658 308 2718 Cluentio
326 2657 447 2719 Cicero:
471 2656 552 2718 Nem
567 2658 623 2718 boc
635 2676 790 2738 persaepe
806 2660 928 2735 dimisti,
945 2660 999 2720 tibi
1012 2661 1100 2721 siclt

54 2746 245 2819 renuntiari,
272 2763 319 2804 me
341 2743 456 2804 dedere
475 2743 507 2802 ira
526 2743 627 2802 enimc
650 2760 778 2803 caesam
798 2742 880 2804 berre
900 2743 1060 2822 praesidio

55 2828 134 2905 lepis
150 2828 327 2905 defendere.
362 2824 452 2886 Itone
468 2827 534 2887 est?
558 2827 598 2886 ab
623 2826 732 2887 amieis
752 2827 961 2903 imprudentes
975 2828 1058 2887 oide-

56 2913 127 2972 lr‘eet
140 2913 324 2988 prodimur?
339 2917 368 2971 et
383 2917 428 2971 est
443 2911 547 2971 neseio
564 2911 634 2987 quis
649 2911 688 2970 de
703 2910 759 2984 iis,
783 2925 859 2987 quos
875 2914 992 2974 amicos
1006 2930 1059 2971 no-

57 2996 103 3056 dis
117 2996 327 3072 arbitremur,
351 2995 404 3072 qcr‘
423 3000 529 3056 nostro
551 2994 679 3054 consilio
701 2995 746 3055 ad
766 2994 983 3056 adversarium
1007 2997 1059 3056 de·

55 3080 160 3157 serat?
192 3077 339 3152 Quisnam
360 3080 416 3139 boc
432 3079 486 3139 tibi
506 3079 714 3139 renuntiarit?
733 3079 802 3156 quis
822 3086 884 3139 tam
905 3080 1060 3159 improbus

56 3164 133 3240 sein
154 3166 206 3225 eci
222 3183 277 3241 epo
293 3172 394 3225 cotem
408 3164 562 3223 narravi?
592 3159 703 3239 Nemo,
718 3169 752 3223 ut
767 3162 891 3239 opinor,
913 3165 945 3224 r'rr
966 3164 1061 3242 culpo

58 3256 121 3316 est,·
141 3249 286 3308 nimirum
307 3249 360 3309 tidr‘
380 3249 464 3308 istud
484 3247 536 3307 lec·
556 3249 626 3326 ipso
642 3247 837 3307 renuntiarit.
883 3244 922 3306 At
946 3248 1102 3325 quidamdll

60 3332 288 3393 contradictione
323 3348 380 3390 non
408 3333 535 3390 contenti
561 3338 640 3390 totos
667 3332 751 3390 etiam
778 3329 862 3389 locos
896 3332 1057 3410 explicant:

59 3418 143 3477 seire
157 3437 190 3477 se
202 3417 258 3478 boe
270 3417 408 3478 dicturos
419 3415 620 3477 aduersarios
634 3422 664 3475 et
673 3415 717 3475 ito
726 3420 952 3492 persecuturos.
975 3413 1059 3489 Quod
