2566 4026
526 167 563 214 td.
574 165 653 214 FAB.
667 165 887 226 QUINTILIANI

355 318 395 383 Et
408 320 505 382 cerda
519 321 638 397 antiqui
653 322 777 384 multum
788 321 891 400 furate
907 319 1040 399 Catonis,

408 402 531 484 Crispe,
547 402 747 484 dnpnrtbinne
762 407 899 467 conditor
913 405 1068 467 historiae.

160 501 196 557 no
204 490 312 550 Odiosa
326 507 410 558 cura;
432 505 496 547 nam
512 496 541 546 et
556 487 674 549 cuilibet
686 487 781 548 facilis
796 498 826 549 et
840 489 898 549 hoc
910 490 1052 568 pessima,
1070 487 1149 567 quod
1162 488 1207 550 rei

202 573 348 633 studiosus
363 590 421 633 non
439 570 530 632 verba
544 570 632 631 rebus
647 571 756 651 aptabit
777 571 831 632 sed
845 590 894 632 res
911 573 1092 633 extrinsecus
1108 590 1206 633 arces·

202 667 264 734 set,
284 656 386 735 quibus
402 655 475 717 baec
490 654 581 715 verba
603 657 783 716 conueniant.

285 738 457 817 Fingere,
483 748 514 799 ut
535 740 627 817 primo
649 738 724 799 libro
740 738 815 816 dixi,
839 737 958 800 Graecis
974 741 1065 817 magis
1084 755 1206 800 conces·

202 842 264 884 sum
280 832 340 900 est,
362 823 410 903 qui
426 824 505 883 sonis
524 823 608 882 etiam
624 822 793 900 quibusdam
809 832 838 882 et
855 823 1006 883 affectibus
1022 840 1079 882 non
1095 822 1206 883 dubita·

202 915 305 968 verunt
319 909 433 967 nomina
448 916 564 986 aptare,
586 922 643 966 non
658 906 714 966 alia
729 906 864 967 libertate
883 924 968 985 quam
987 925 1043 985 qua
1063 907 1106 966 illi
1122 908 1206 986 primi

160 1005 192 1059 31
201 992 331 1051 homines
347 991 436 1051 rebus
452 989 665 1070 appellationes
681 989 831 1051 dederunt.
872 990 971 1051 Nostri
987 999 1082 1051 autem
1101 991 1130 1049 in
1145 992 1206 1050 iun·

201 1074 298 1152 gendo
324 1083 372 1137 aut
392 1077 420 1134 in
442 1074 599 1134 derivando
616 1075 731 1151 paulum
749 1074 856 1154 aliquid
872 1075 933 1134 ausi
948 1077 997 1133 vix
1012 1076 1040 1133 in
1055 1073 1113 1134 boc
1135 1074 1206 1133 satis

201 1159 387 1236 recipiuntur.
419 1157 491 1218 Nam
506 1158 619 1217 memini
633 1158 744 1216 iuvenis
765 1157 916 1218 admodum
931 1160 1006 1217 inter
1018 1158 1206 1236 Pomponium

201 1261 236 1302 ao
251 1242 393 1302 Senecam
410 1243 495 1301 etiam
510 1240 737 1321 praelationibus
756 1259 823 1301 esse
840 1250 1006 1318 tractatum,
1027 1259 1063 1300 an
1084 1242 1207 1320 qrodns

201 1327 336 1388 eliminet
352 1326 382 1384 iu
401 1326 552 1403 tragoedia
568 1325 624 1385 dici
643 1327 831 1404 oportuisset.
875 1325 914 1384 At
928 1333 1045 1384 veteres
1061 1342 1097 1383 ue
1114 1343 1205 1403 empe-

200 1417 300 1472 ctornt
317 1409 432 1488 quidem
451 1411 617 1477 timuerunt;
640 1417 669 1468 et
689 1425 759 1468 sane
780 1409 909 1469 eiusdem
923 1417 1010 1468 uotae
1033 1416 1078 1467 est
1099 1409 1206 1469 enani-

159 1501 273 1560 32mat.
313 1493 353 1552 At
373 1495 402 1552 in
425 1501 518 1553 tractu
541 1501 570 1552 et
589 1491 783 1553 declinatione
806 1492 874 1552 talia
896 1500 976 1568 sunt,
1006 1491 1100 1569 qualia
1129 1491 1207 1570 apud

202 1576 375 1637 Ciceronem
395 1577 527 1639 beatitas
545 1585 574 1635 et
596 1576 770 1645 destiterim
794 1593 868 1654 quae
890 1575 960 1635 dura
984 1575 1097 1653 quidem
1118 1576 1207 1634 sentit

202 1678 269 1719 esse
291 1668 486 1719 verumtamen
509 1678 563 1718 usu
590 1667 671 1736 putat
696 1677 786 1739 posse
807 1659 922 1719 molliri.
975 1657 1038 1718 Nec
1062 1677 1078 1718 a
1105 1656 1206 1718 verbis

200 1743 286 1802 modo
310 1743 362 1802 sed
383 1742 576 1804 anominibus
593 1759 710 1822 quoque
732 1742 861 1803 derivata
883 1751 947 1801 sunt
965 1741 1121 1821 quaedam,
1143 1750 1205 1801 uta

202 1823 346 1885 Cicerone
363 1824 527 1888 Solloinrit
542 1834 571 1884 et
588 1824 623 1884 ab
640 1826 742 1886 Asinio
758 1825 956 1888 Findi-toton
973 1835 1002 1886 et
1020 1824 1204 1904 Fiqnlctnm.

157 1907 288 1974 33Multa
309 1927 346 1968 ex
363 1907 475 1970 Graeco
499 1910 621 1968 formata
642 1926 717 1970 nova
735 1928 770 1970 ac
790 1910 911 1988 plurima
931 1927 947 1969 a
965 1910 1069 1987 Sergio
1085 1907 1203 1990 Flavio,

201 2009 321 2069 quorum
345 1993 415 2053 dura
441 1992 581 2071 quaedam
598 1993 749 2053 admodum
765 1994 915 2069 videntur,
938 2003 968 2053 ut
989 2013 1044 2056 ens
1060 2003 1088 2053 et
1103 2010 1204 2053 essen·

200 2077 261 2144 tio,·
285 2094 359 2155 quae
384 2094 435 2136 cur
457 2085 609 2155 tantopere
631 2095 818 2156 aspernemur
838 2077 907 2137 nihil
922 2077 1026 2152 video,
1051 2077 1105 2136 nisi
1126 2076 1205 2153 quod

94 2208 102 2230 ,
200 2159 288 2237 iniqui
311 2159 420 2220 iudices
444 2159 583 2220 adversus
606 2178 660 2220 nos
681 2177 778 2220 sumus
795 2160 922 2239 ideoque
946 2168 1118 2240 paupertate
1142 2177 1203 2218 ser·

157 2245 292 2309 almonis
308 2243 481 2304 laboramus.
524 2243 672 2317 Quaedam
686 2252 782 2304 tamen
794 2244 958 2323 perdurant.
996 2242 1068 2303 Nam
1084 2252 1113 2302 et
1129 2260 1203 2321 quae

199 2335 301 2386 vetera
316 2346 391 2387 nunc
406 2336 487 2403 sunt,
503 2328 619 2388 luerunt
634 2328 702 2388 olim
718 2345 811 2403 nova,
828 2335 857 2386 et
873 2328 1013 2405 quaedam
1028 2335 1093 2386 sunt
1107 2328 1135 2384 in
1150 2343 1203 2385 usu

199 2429 338 2489 perquam
354 2414 502 2487 recentia,
525 2420 555 2471 ut
570 2410 696 2471 Messala
711 2412 818 2491 primus
834 2418 971 2488 rectem,
994 2411 1204 2472 munerarium

199 2494 348 2570 Augustus
363 2497 470 2573 primus
488 2495 629 2555 dixerunt.
673 2494 841 2556 Pirnticnm
858 2511 974 2573 quoque
994 2503 1025 2554 ut
1043 2494 1203 2568 musicem,

197 2568 351 2656 fabricem
367 2578 422 2637 dici
438 2578 532 2639 adhuc
548 2578 713 2640 dubitabant
729 2580 786 2637 mei
802 2587 1022 2657 praeceptores.
1053 2576 1204 2639 Facerem

200 2669 229 2720 et
244 2663 398 2722 erbonem
410 2658 516 2721 cicero
532 2678 607 2722 nova
624 2662 725 2722 credit.
764 2659 837 2720 Nam
853 2671 882 2721 et
897 2663 926 2721 iu
942 2660 1067 2741 epistola
1082 2660 1117 2720 ad
1132 2659 1203 2719 Brn·
1260 2723 1262 2726 ,

197 2753 257 2804 turn
269 2742 364 2822 Eum,
382 2745 489 2822 inquit,
506 2764 640 2808 umorem
653 2753 682 2807 et
693 2764 778 2820 enm,
795 2754 828 2806 nt
839 2746 895 2807 boc
910 2747 1003 2808 verbo
1014 2753 1102 2821 ntor,
1116 2745 1203 2822 foco·

156 2833 263 2889 terem
279 2830 311 2888 in
333 2829 492 2890 consilinm
507 2829 675 2891 edocendo.
715 2827 752 2888 Et
768 2827 803 2888 ad
818 2827 944 2908 Appium
959 2828 1129 2903 Pulchrum,
1151 2825 1202 2902 Te,

197 2912 347 2974 bominem
362 2913 530 2974 conscium
542 2914 711 2992 sapientem
724 2930 829 2974 certine
846 2915 951 2989 etiam,
966 2920 1000 2974 nt
1010 2931 1092 2974 nnnc
1107 2911 1202 2988 loqui·-

197 3014 282 3071 mnr,
297 2996 459 3058 ordonum.
496 2995 575 3055 Idem
590 3004 670 3076 putat
687 3015 704 3056 a
722 2995 859 3057 Terentio
874 2999 995 3077 primum
1012 2996 1117 3056 dictum
1135 3011 1203 3053 esse

197 3078 390 3158 obsequium,
407 3077 552 3140 Caecilius
567 3081 717 3141 aSisenna
732 3081 847 3142 albenti
861 3083 953 3145 coelo.
989 3077 1146 3141 Cervicem
1161 3078 1204 3136 vi.

198 3161 281 3222 detur
294 3162 465 3223 Hortensius
486 3165 592 3242 primus
608 3165 734 3241 dixisse,
757 3183 820 3225 nam
839 3174 957 3225 veteres
980 3163 1132 3244 pluraliter
1152 3179 1206 3240 ap„

197 3245 318 3323 pellant.
362 3246 532 3308 Audendum
553 3249 666 3326 itaque;
689 3266 784 3326 neque
806 3249 880 3308 enim
897 3247 1007 3308 accedo
1024 3247 1130 3321 celso,
1153 3245 1203 3324 qui

154 3327 234 3390 abab
251 3339 368 3390 oratore
382 3331 474 3391 rerba
486 3331 554 3408 fingi
567 3339 655 3392 vetat.
696 3330 784 3406 Nam,
807 3349 871 3391 cum
892 3333 947 3391 sint
964 3349 1064 3391 eorum
1080 3329 1136 3389 alia
1155 3329 1203 3406 (ut

198 3411 267 3471 dicit
293 3410 416 3494 Cicero)
442 3416 553 3488 natira,
579 3414 607 3474 id
636 3422 697 3491 est,
723 3431 798 3492 quae
824 3414 984 3492 significata
1016 3423 1080 3474 sunt
1107 3413 1201 3483 primo
