2566 4026
383 212 854 281 rnsn.0nnron.u1n.rr1,a.a.
1066 206 1127 267 209

117 371 212 451 perdit
226 370 275 429 vel
292 368 350 429 hoc
367 370 448 447 ipsc,
473 367 550 447 quod
572 371 728 448 scripsisse
743 387 776 428 se
794 370 956 430 confitetur.
988 371 1128 434 Memoria

116 465 212 516 autem
229 453 299 513 facit
315 454 400 514 etiam
416 453 542 530 prompti
563 455 671 531 ingenii
687 453 806 530 famam,
827 463 858 512 ιι
873 454 940 530 illa,
964 473 1040 533 quae
1058 457 1126 518 dici-

115 558 195 615 mus,
218 555 276 597 nou
296 536 382 596 domo
405 536 538 596 attulisse
560 538 614 597 sed
631 536 671 597 ibi
692 538 823 615 protinus
847 540 1008 616 sumpsisse
1029 541 1127 600 videa-

114 643 193 691 mur;
218 621 295 700 quod
311 632 340 681 et
356 622 466 680 oratori
483 629 512 679 et
527 622 583 699 ipsi
601 639 707 680 causae
722 621 873 698 plurimum
889 623 1012 682 confert.
1050 623 1123 683 Nam
1136 631 1169 688 47

115 717 144 767 ιι
161 709 253 783 magis
273 707 390 765 miratur
415 714 443 764 et
457 706 549 763 minus
571 707 652 764 timet
668 703 770 781 iudex,
795 723 870 784 quae
892 723 949 765 non
970 715 1052 786 putat
1073 708 1122 767 ad·

114 809 218 851 versus
243 808 276 848 se
295 798 478 868 praeparata.
509 787 611 868 ltaque
635 790 663 848 in
685 789 848 849 actionibus
872 791 1128 869 interpraecipua

114 873 286 934 servandum
307 882 367 950 est,
387 882 418 933 ut
440 873 579 950 quaedam
607 875 707 950 etiam,
740 891 815 952 quae
840 875 948 952 optime
974 876 1127 950 vinximus,

113 959 194 1018 velut
211 957 308 1018 soluta
326 959 504 1016 enuntiemus
521 965 550 1015 et
567 956 761 1033 cogitantibus
777 975 979 1036 nonnunquam
1003 969 1031 1018 et
1047 959 1127 1019 dubi·

113 1042 238 1102 tantibus
259 1041 367 1100 similes
391 1059 535 1120 quaerere
556 1041 720 1116 videamur,
746 1059 822 1119 quae
846 1042 1002 1102 attulimus.
1046 1040 1171 1120 Ergoda

114 1127 181 1205 quid
203 1128 240 1185 sit
261 1127 417 1204 optimum,
438 1125 581 1183 neminem
597 1125 681 1202 fugit.
715 1125 746 1185 Si
766 1142 838 1185 vero
860 1135 908 1186 aut
923 1128 1062 1186 memoria
1078 1145 1127 1187 na·

113 1219 177 1270 tura
193 1210 291 1269 durior
307 1211 379 1285 erit,
403 1218 451 1268 aut
472 1225 530 1266 uon
545 1208 751 1285 suffragabitur
769 1219 899 1288 tempus:
923 1211 1008 1270 etiam
1027 1210 1128 1269 inutile

114 1296 168 1353 erit
189 1293 225 1352 ad
249 1295 343 1352 omnia
367 1311 400 1351 se
421 1292 512 1352 verba
533 1292 673 1368 alligare,
701 1311 765 1353 cum
790 1293 900 1353 oblivio
921 1296 1004 1353 unius
1028 1288 1128 1354 eorum

114 1376 268 1437 cuiuslibet
285 1386 333 1438 aut
346 1377 506 1436 deformem
521 1376 742 1436 haesitationem
757 1386 806 1436 aut
825 1379 910 1437 etiam
926 1379 1071 1438 silentium
1086 1379 1127 1436 in·

113 1460 216 1528 ducat;
239 1463 385 1538 tutiusque
398 1461 488 1520 multo
505 1460 725 1538 comprehensis
742 1463 836 1520 animo
852 1461 940 1520 rebus
956 1463 1027 1539 ipsis
1039 1461 1127 1521 liber·

114 1552 203 1603 tatem
219 1545 274 1604 sibi
292 1545 449 1624 eloquendi
465 1545 643 1622 relinquere.
676 1543 749 1605 Nam
768 1554 797 1604 et
817 1546 921 1604 invitus
939 1545 1035 1624 perdit
1050 1545 1171 1624 quis-49

115 1646 172 1704 que
190 1629 217 1687 id
232 1629 309 1706 quod
326 1629 459 1706 elegerat
473 1628 612 1705 verbum,
634 1647 690 1688 nee
708 1629 798 1689 facile
813 1631 928 1707 reponit
944 1629 1038 1704 aliud,
1062 1628 1128 1689 dum

113 1711 158 1787 id,
181 1713 258 1790 quod
280 1715 455 1791 scripserat,
479 1714 601 1791 quaerit.
641 1712 701 1773 Sed
725 1732 761 1773 ne
783 1713 841 1773 hoc
863 1713 978 1792 quidem
1000 1713 1128 1773 infirmae

113 1798 269 1856 memoriae
289 1800 447 1857 remedium
469 1807 514 1856 est
533 1797 587 1854 nisi
610 1798 711 1872 iniis,
742 1799 790 1875 qui
812 1797 867 1856 sibi
887 1797 1054 1857 facultatem
1076 1797 1127 1857 ali·

114 1897 198 1957 quam
215 1881 329 1942 dicendi
346 1900 384 1941 ex
405 1891 537 1960 tempore
553 1889 736 1959 paraverunt.
773 1869 885 1955 Qudusi
904 1882 950 1941 cui
973 1890 1127 1959 utrumque

113 1963 255 2023 defuerit:
278 1965 346 2023 huic
362 1967 495 2025 omittere
512 1967 626 2024 omnino
641 1975 732 2025 totum
750 1967 895 2025 actionum
911 1965 1057 2042 laborem,
1081 1982 1126 2041 ao,

113 2050 138 2104 si
156 2047 225 2123 quid
240 2049 268 2104 in
283 2047 389 2106 litteris
410 2048 505 2122 valet,
527 2048 562 2107 ad
584 2049 769 2108 scribendum
785 2050 882 2126 potius
905 2048 1035 2108 suadebo
1058 2065 1126 2108 con·

113 2139 240 2188 vertere.
273 2129 332 2188 Sed
347 2130 421 2188 haec
437 2148 502 2188 rara
520 2130 677 2190 infelicitas
695 2133 760 2189 erit.

201 2210 337 2271 Ceterum
353 2223 488 2290 quantum
504 2222 605 2271 natura
620 2213 775 2289 studioque
791 2212 888 2272 valeat
905 2217 1059 2289 memoria,
1077 2214 1170 2276 ve150

114 2295 328 2355 Themistocles
345 2298 445 2371 testis,
467 2314 552 2374 quem
568 2313 654 2354 uuum
670 2297 743 2354 intra
760 2313 863 2354 annum
879 2297 987 2374 optime
1000 2297 1127 2356 locutum

115 2398 183 2439 esse
200 2379 319 2440 Persice
336 2388 464 2447 constat:
487 2380 536 2439 vel
548 2378 743 2454 Mithridates,
767 2381 813 2437 cui
827 2378 897 2438 duas
915 2388 944 2438 et
958 2381 1060 2457 viginti
1075 2379 1127 2438 lin·

114 2482 206 2542 guas,
230 2473 300 2542 quot
323 2464 485 2524 nationibus
503 2461 680 2540 imperabat,
704 2461 825 2522 traditur
843 2471 926 2522 notas
949 2463 1054 2530 fuisse:
1079 2463 1128 2523 vel

114 2546 240 2606 Crassus
256 2548 307 2608 ille
324 2550 416 2624 dives,
434 2549 493 2627 qui,
510 2566 574 2606 cum
589 2547 680 2606 Asiae
695 2556 866 2625 praeesset,
888 2549 1013 2626 quinque
1024 2547 1128 2609 Graeci

114 2634 256 2692 sermonis
280 2633 457 2693 differentias
477 2633 520 2692 sic
542 2633 647 2706 tenuit,
671 2641 718 2708 ut,
742 2649 798 2708 qua
822 2632 945 2711 quisque
966 2632 1042 2710 apud
1062 2649 1127 2690 eum

114 2715 212 2792 lingua
229 2716 419 2794 postulasset,
439 2718 541 2777 eadem
558 2719 602 2777 ius
615 2714 669 2774 sibi
684 2716 944 2783 redditumferret;
964 2713 1126 2792 velerus,

115 2817 200 2876 quem
222 2803 345 2860 omnium
367 2802 485 2860 militum
507 2801 637 2860 tenuisse
659 2799 800 2859 creditum
820 2809 865 2859 est
883 2801 1006 2858 nomina.
1053 2798 1128 2872 Quin
1136 2811 1169 2863 51

114 2883 207 2942 semel
231 2885 344 2943 auditos
368 2884 526 2964 quamlibet
545 2883 650 2943 multos
668 2900 772 2944 versus
793 2885 924 2962 protinus
945 2883 1048 2943 dicitur
1062 2882 1126 2941 red·

114 2966 223 3026 didisse
241 2967 437 3028 Theodectes.
472 2967 652 3027 Dicebantur
673 2969 851 3027 etiamnunc
873 2985 958 3042 esse,
982 2968 1030 3044 qui
1047 2967 1126 3025 face·

114 3058 195 3123 rent,
219 3052 272 3110 sed
297 3054 364 3113 mihi
387 3071 545 3131 nunquam,
568 3060 599 3110 ut
614 3053 678 3129 ipse
699 3053 888 3126 interessem,
915 3052 1052 3128 contigit3
1075 3049 1124 3109 ha·

113 3132 208 3192 benda
220 3144 315 3193 tamen
328 3137 399 3196 fides
417 3146 462 3196 est
476 3135 525 3194 ιιι
540 3137 569 3194 ιι
579 3135 647 3209 hoc,
667 3144 708 3212 ut,
726 3137 774 3214 qui
790 3135 956 3211 crediderit,
973 3144 1002 3194 et
1014 3143 1123 3213 speret.

441 3287 484 3336 Did
502 3287 802 3340 PRONUNTIATIONE.

199 3389 249 3450 ιιι.
276 3390 533 3453 Pronuntiatio
552 3412 573 3465 Ιι
589 3394 739 3472 plerisque
760 3397 841 3457 celio
855 3394 958 3456 dicitur
976 3393 1029 3454 sed
1045 3393 1124 3471 prius

115 3491 219 3534 nomen
241 3493 258 3535 a
274 3492 365 3551 voce,
395 3495 521 3555 sequens
538 3496 555 3538 a
574 3487 659 3555 gestu
674 3479 789 3539 videtur
810 3481 957 3558 accipere.
994 3477 1125 3554 Namque

156 3581 187 3617 n.
199 3581 223 3619 ι.
237 3581 349 3630 ριιιιιι.
367 3564 398 3616 ιι.
923 3563 959 3622 14
