2566 4026
222 188 282 251 208
544 198 908 258 m.uxs.ou1nu1u1au1

223 369 252 420 et
275 358 358 437 pueri
379 357 491 432 statim,
518 365 549 414 ut
569 357 726 434 praecepi,
754 372 838 433 quam
865 353 986 432 plurima
1014 353 1176 431 ediscant,
1210 362 1243 431 ct,

224 459 422 540 quaecuuque
438 449 518 499 aetas
542 457 662 518 operam
683 439 824 499 iuvandae
846 438 941 497 studio
964 440 1134 498 memoriae
1156 399 1243 514 (labit,
1281 432 1283 526 ζ

224 530 347 589 devoret
362 525 442 584 initio
458 525 583 584 taedium
598 525 669 584 illud
685 534 714 584 et
736 526 846 602 scripta
862 531 891 581 et
908 521 986 582 lecta
1001 524 1131 600 saepius
1146 523 1283 583 revol-

222 611 309 672 vendi
328 618 357 669 et
378 611 460 687 quasi
477 609 599 668 eundem
622 609 717 668 cibum
735 604 930 667 remandeudi.
963 605 1079 679 Quod
1069 624 1174 685 rpsum
1191 609 1243 668 boc

223 696 286 755 fieri
302 702 401 772 potest
416 693 525 768 levius,
551 695 576 752 si
592 711 685 770 pauca
703 694 824 771 primum
840 701 869 752 et
885 708 960 769 quae
977 691 1076 750 odium
1095 709 1158 751 non
1175 692 1243 752 ade·

221 788 285 841 rant
302 779 483 855 coeperimus
503 777 651 845 ediscere;
675 785 734 836 tum
751 776 858 836 cotidie
876 775 1003 835 adiicere
1019 776 1163 851 singulos
1180 794 1242 836 ver·

223 883 291 938 sus,
314 880 435 940 quorum
457 862 592 920 accessio
615 860 709 920 labori
725 879 841 921 sensum
863 860 1032 919 incrementi
1047 876 1111 918 non
1128 860 1242 936 afferat,

222 950 251 1007 in
270 964 407 1006 summam
427 945 462 1005 ad
477 944 616 1004 inlinitum
638 963 731 1023 usque
755 945 922 1024 perveniat3
952 952 981 1002 et
1001 943 1127 1021 poetica
1149 946 1241 1024 prius,

222 1042 281 1090 tum
304 1038 469 1104 oratorum,
497 1030 654 1089 novissime
676 1031 761 1089 etiam
783 1029 932 1088 solutiora¹
945 1029 1070 1087 numeris
1095 1036 1129 1088 et
1148 1031 1242 1107 magis

182 1115 257 1176 stab
272 1134 325 1174 usu
349 1114 464 1173 dicendi
481 1122 609 1190 remota,
634 1113 730 1191 qualia
746 1122 812 1172 sunt
832 1111 1118 1172 iurisconsultorum.
1159 1113 1242 1173 Diili·

224 1200 325 1259 ciliora
350 1199 423 1257 enim
452 1196 561 1257 debent
585 1216 670 1273 esse,
705 1216 780 1276 quae
804 1205 961 1272 exercent,
992 1212 1049 1273 quo
1074 1197 1117 1255 sit
1147 1197 1245 1258 levius

223 1301 316 1362 ipsum
331 1282 419 1357 illud,
440 1283 469 1340 in
484 1281 562 1360 quod
580 1291 734 1342 exercent:
756 1291 787 1341 ut
802 1280 929 1341 athletae
946 1279 1131 1357 ponderibus
1149 1281 1244 1360 plun-

222 1367 286 1426 beis
302 1366 500 1427 assuefaciunt
516 1384 634 1442 manus,
651 1365 754 1444 quibus
770 1366 869 1424 vacuis
886 1373 915 1423 et
932 1364 1014 1423 nudis
1030 1364 1060 1422 in
1076 1367 1245 1425 certamine

222 1451 358 1511 utendum
380 1459 434 1509 est.
476 1448 542 1508 Non
567 1452 694 1510 omittam
716 1450 818 1523 etiam,
846 1446 923 1526 quod
944 1447 1098 1507 cotidianis
1124 1451 1245 1528 experi·

223 1537 325 1595 mentis
344 1533 586 1612 deprehenditur,
608 1535 722 1593 minime
740 1533 855 1594 fidelem
871 1550 938 1591 esse
954 1531 1041 1610 paulo
1058 1532 1246 1593 tardioribus

183 1620 347 1697 satagentis
359 1627 508 1676 recentem
519 1620 695 1677 memoriam.
721 1616 824 1676 Mirum
835 1616 912 1675 dictu
929 1625 1043 1675 estnec
1057 1616 1087 1674 in
1100 1627 1245 1697 promptu

222 1705 313 1777 ratio,
342 1709 478 1780 quantum
499 1717 558 1760 nox
585 1703 757 1779 interposita
783 1701 884 1760 allerat
911 1699 1070 1774 iirmitatis,
1102 1701 1172 1761 sive
1198 1720 1245 1761 re-

224 1786 348 1864 quiescit
371 1783 455 1843 labor
476 1784 543 1860 ille,
568 1787 649 1843 cuius
671 1783 810 1862 sibiipsa
835 1784 966 1860 fatigatio
988 1782 1148 1861 obstabat,
1178 1787 1244 1846 sire

224 1870 416 1946 concoquitur
442 1886 494 1926 seu
519 1877 692 1944 maturatur,
719 1885 793 1945 quae
816 1869 975 1927 firmissima
1003 1868 1066 1925 eius
1085 1885 1161 1945 pars
1186 1878 1243 1945 est,

223 1952 404 2019 recordatio;
437 1969 511 2029 quae
536 1953 630 2010 statim
654 1951 759 2011 referri
781 1970 839 2011 non
862 1959 1012 2030 poterant,
1040 1959 1244 2013 contexuntur

223 2045 343 2116 postera
356 2036 413 2110 die,
431 2035 638 2114 confirmatque
654 2038 820 2095 memoriam
837 2037 913 2096 idem
928 2035 1000 2094 illud
1012 2043 1143 2113 tempus,
1162 2036 1241 2115 quod

182 2131 290 2186 edesse
313 2121 341 2179 in
363 2137 450 2180 causa
472 2120 549 2179 solet
577 2120 742 2180 oblivionis.
787 2121 880 2182 Etiam
905 2119 956 2178 illa
983 2119 1153 2197 praevelox
1176 2121 1240 2181 iere

225 2207 282 2264 cito
299 2204 407 2280 effluit,
432 2213 476 2280 et,
497 2205 577 2263 velut
593 2206 740 2283 praesenti
765 2205 863 2264 oilioio
883 2204 979 2263 iuncta
996 2202 1067 2262 nibil
1088 2205 1118 2262 in
1135 2213 1237 2283 poste·

222 2307 284 2349 rum
300 2288 420 2365 debeat,
445 2297 579 2367 tanquam
596 2289 713 2351 dimissa
733 2289 864 2349 discedit.
895 2286 959 2346 Nec
977 2295 1022 2346 est
1036 2287 1160 2365 mirum,
1180 2305 1236 2347 ma·

222 2375 267 2450 gis
283 2373 406 2433 haerere
422 2374 514 2433 animo
531 2391 606 2451 quae
622 2374 725 2434 diutius
744 2372 830 2432 affixa
845 2373 910 2431 sint.

306 2456 352 2516 Ex
373 2457 427 2516 bac
450 2458 630 2534 ingeniorum
658 2458 825 2517 diversitate
846 2465 911 2516 nata
933 2455 1071 2516 dubitatio
1097 2465 1165 2533 est,
1197 2454 1236 2516 ad

221 2541 371 2600 verbum
389 2543 436 2599 sit
458 2541 689 2600 ediscendum
710 2542 886 2617 dicturis,
911 2558 952 2600 an
971 2541 1039 2599 vim
1053 2538 1162 2599 modo
1181 2558 1235 2600 re·

223 2642 296 2682 rum
317 2633 426 2701 atque
443 2625 605 2684 ordinem
622 2625 821 2703 complecti
841 2626 936 2684 satis
952 2627 1016 2691 sit;
1040 2623 1076 2682 de
1095 2641 1157 2700 qno
1175 2625 1235 2683 sine

179 2707 308 2768 ltdubio
326 2725 384 2766 nou
399 2717 497 2785 potest
518 2711 546 2767 in
567 2711 732 2769 universum
747 2710 934 2787 pronuntiari.
966 2707 1038 2767 Nam
1054 2709 1078 2765 si
1094 2708 1235 2766 memoria

222 2790 413 2868 suffragatur,
436 2801 549 2870 tempus
564 2811 622 2852 non
638 2793 742 2853 defuit:
764 2793 843 2853 nulla
859 2811 904 2852 me
919 2792 1006 2851 velim
1025 2790 1142 2865 syllaba
1164 2790 1234 2850 elfu-

221 2877 296 2952 giat3
320 2874 428 2952 alioqui
449 2878 534 2935 etiam
553 2877 684 2937 scribere
700 2879 737 2936 sit
759 2895 980 2955 supervacuum.
1011 2874 1103 2952 ldque
1119 2875 1234 2953 praeci·

222 2977 279 3037 pue
297 2977 313 3019 a
327 2962 427 3037 pueris
450 2959 652 3037 obtinendum,
680 2971 767 3040 atque
783 2963 811 3021 iu
826 2961 901 3020 banc
918 2958 1158 3021 consuetudinem
1175 2975 1232 3018 me·

221 3044 312 3102 moria
331 3045 539 3104 exercitatione
557 3046 731 3122 redigenda,
752 3064 789 3105 ne
800 3044 885 3106 nobis
901 3045 1045 3105 discamus
1061 3044 1232 3120 ignoscere.

221 3124 351 3205 Ideoque
368 3137 396 3187 et
413 3128 561 3188 admoneri
579 3139 607 3188 et
624 3130 660 3189 ad
675 3129 804 3189 libellum
818 3130 970 3208 respicere
986 3129 1134 3204 vitiosum,
1155 3124 1234 3206 quod

223 3208 386 3271 libertatem
403 3213 600 3289 negligentiae
611 3214 698 3289 facit,
721 3232 776 3273 nec
794 3215 945 3292 quisquam
963 3231 996 3272 se
1011 3230 1113 3290 parum
1130 3219 1233 3271 tenere

179 3292 341 3371 adiudicat,
363 3297 456 3372 quod,
479 3316 515 3356 ne
533 3297 588 3356 sibi
604 3297 737 3374 excidat,
759 3315 818 3356 nou
834 3299 924 3357 timet.
960 3295 1031 3357 lude
1053 3296 1232 3375 interruptus

223 3378 344 3436 actionis
364 3380 486 3457 impetus
505 3390 533 3440 et
552 3384 692 3441 resistens
715 3400 750 3442 ac
766 3381 919 3443 salebrosa
939 3382 1048 3448 oratio;
1072 3388 1101 3438 et
1125 3380 1175 3457 qui
1193 3379 1232 3439 di·

224 3462 262 3518 cit
282 3461 422 3523 ediscenti
443 3464 559 3542 similis,
583 3467 669 3525 etiam
691 3484 804 3526 omnem
819 3465 896 3525 bene
918 3467 1091 3544 scriptorum
1108 3465 1234 3541 gratiam

65 3668 155 3796 ἱ
