2566 4026
160 157 200 220 30
479 166 841 226 m.nan.oo1nn1n1mt1

118 336 150 388 55
241 322 305 384 Hoc
326 322 467 401 amplius,
485 330 516 381 ut
533 323 690 382 institutum
709 320 838 381 ordinem
856 338 979 400 sequar,
1001 322 1092 384 verba
1112 333 1164 386 ant

158 407 256 468 Latina
275 415 323 469 aut
341 407 498 485 peregrina
517 414 591 466 sunt.
631 405 837 482 Peregrina
859 422 948 484 porro
969 423 1006 464 ex
1029 408 1162 469 omnibus

158 509 252 571 prope
280 491 402 550 dixerim
423 489 559 568 gentibus
583 497 614 548 ut
638 490 767 549 instituta
791 491 876 548 etiam
897 489 984 549 multa
1006 501 1159 552 venerunt.

117 574 256 640 salacea
275 575 312 634 de
328 573 430 634 Tuscis
453 583 482 634 et
497 573 611 634 Sabinis
632 581 661 632 et
679 573 872 633 Praenestinis
889 590 1020 652 quoque;
1043 592 1108 636 nam
1130 586 1161 637 ut

158 676 259 720 eorum
279 675 414 719 sermone
434 667 560 718 utentem
576 656 710 717 Vectium
723 655 849 716 Lucilius
871 658 1044 735 insectatur,
1062 678 1160 737 quem·
1185 670 1211 850 q

158 743 309 804 admodum
333 742 427 803 Pollio
458 741 649 820 deprehendit
672 742 700 799 in
723 739 803 800 bivio
831 740 1061 818 Patavinitatem‚
1089 743 1161 804 lieet

115 829 252 894 adomnia
270 826 371 887 Italica
390 842 444 905 pro
459 824 595 884 Romanis
616 824 747 884 habeam.
783 815 1037 887 Ptsnmtidltoa
1060 827 1159 887 value-

158 921 223 971 runt
247 919 277 969 ut
299 912 378 972 reda
401 927 436 969 ac
452 911 651 988 petora-itum,
675 925 796 987 quorum
818 908 911 969 altero
934 917 1028 970 tamen
1053 909 1160 971 Cicero

159 995 251 1056 altero
270 992 405 1053 Horatius
427 996 524 1054 utitur.
565 991 602 1052 Et
620 1010 765 1072 mappam
784 994 863 1052 circo
886 1010 1003 1072 quoque
1025 996 1160 1056 usitatum

157 1095 262 1139 nomen
284 1077 373 1137 Poeni
396 1077 450 1138 sibi
471 1078 631 1153 vindicant,
656 1086 685 1136 et
708 1077 842 1156 pardos,
873 1095 945 1156 quos
968 1095 1021 1155 pro
1045 1078 1159 1139 stolidis

117 1171 151 1226 ta
159 1163 265 1241 accipit
286 1160 409 1238 vulgus,
434 1181 472 1222 ex
491 1161 627 1239 Hispania
650 1161 769 1220 duxisse
791 1161 934 1237 originem
955 1162 1059 1222 audiri.
1100 1163 1159 1223 Sed

159 1248 233 1307 haee
254 1246 357 1305 divisio
380 1264 444 1306 mea
468 1244 503 1306 ad
524 1243 702 1307 Graecum
725 1261 887 1304 sermonem
909 1247 1066 1325 praecipue
1090 1264 1158 1324 per·

157 1333 244 1403 tinet,
266 1347 331 1388 nam
347 1339 376 1389 et
390 1331 510 1390 maxima
532 1347 569 1388 ex
584 1338 666 1408 parte
681 1328 825 1389 Romanus
842 1328 909 1388 inde
926 1346 1084 1389 conversus
1102 1339 1147 1390 est

159 1422 188 1474 et
209 1413 352 1472 confessis
376 1431 493 1493 quoquc
517 1412 636 1474 Graecis
658 1414 761 1473 utimur
782 1411 896 1487 verbis,
918 1411 966 1472 ubi
988 1421 1088 1474 nostra
1109 1414 1158 1475 de·

158 1505 239 1572 sunt,
272 1498 345 1557 sicut
366 1496 409 1556 illi
430 1514 630 1575 nonnunquam
657 1515 673 1556 a
698 1495 782 1555 nobis
803 1504 974 1555 mutuantur.
1016 1496 1086 1557 lude
1108 1497 1159 1558 illa

159 1582 290 1660 quaestio
311 1583 455 1656 exoritur,
478 1599 514 1640 an
532 1581 633 1640 eadem
648 1581 759 1640 ratione
777 1598 831 1658 per
850 1597 935 1640 casus
953 1581 1018 1641 duci
1038 1590 1159 1642 externa

116 1667 214 1745 59qua
232 1674 331 1724 nostra
350 1667 512 1725 conveniat.
545 1664 590 1724 Ao
608 1665 632 1723 si
648 1665 779 1741 reperias
795 1666 1008 1742 grammaticum
1026 1674 1159 1727 veterum

158 1758 330 1809 amatorem:
361 1757 449 1826 neget
477 1749 631 1828 quidquam
655 1766 692 1808 ex
719 1746 818 1808 Latina
844 1749 957 1807 ratione
978 1748 1157 1817 mutandum;

158 1835 239 1912 quia,
264 1834 386 1892 comsit
407 1832 482 1910 apud
500 1849 553 1891 nos
576 1849 660 1892 casus
682 1831 840 1907 ablativus,
864 1849 949 1910 mem
968 1832 1011 1892 illi
1031 1850 1089 1892 non
1108 1833 1157 1892 ha·

157 1917 241 1993 bent,
265 1934 365 1996 parum
391 1917 560 1991 conveniat,
587 1933 644 1975 uno
668 1933 736 1975 casu
764 1925 864 1976 nostro
889 1918 1015 1995 quinque
1039 1915 1158 1977 Graecis

115 2002 213 2069 ooutt;
237 2001 305 2079 quin
327 2001 412 2061 etiam
433 1999 530 2060 laudet
544 2002 678 2060 virtutem
698 2016 814 2076 eorum,
839 2002 887 2078 qui
902 2002 1097 2078 potentiorem
1116 2000 1157 2060 la·

158 2102 226 2144 cere
246 2083 372 2161 linguam
389 2082 517 2144 Latinam
533 2083 703 2161 studebant,
721 2101 777 2144 neo
795 2083 897 2144 alienis
915 2103 1005 2162 egere
1022 2085 1158 2144 institutis

156 2166 328 2228 fatebantur.
367 2166 437 2228 lnde
456 2166 612 2229 Castorem
626 2168 719 2228 media
741 2168 854 2243 syllaba
870 2169 1011 2248 producta
1032 2185 1157 2247 pronun·

156 2253 277 2326 tiarunt,
299 2251 436 2330 quiahoc
452 2252 704 2312 omnibusnostris
721 2252 880 2312 nominibus
897 2252 1064 2328 accidebat,
1086 2268 1156 2332 quo-

156 2353 219 2395 rum
241 2337 331 2414 prima
348 2336 455 2414 positio
476 2339 505 2397 in
529 2335 646 2396 easdem
667 2354 738 2415 quas
762 2334 873 2399 Castor
895 2338 1006 2398 litteras
1029 2338 1104 2405 exit;
1129 2344 1158 2396 et

156 2428 187 2479 ut
203 2417 347 2480 Palaemo
370 2437 404 2479 ac
424 2418 546 2482 Telamo
560 2429 590 2481 et
605 2419 691 2482 Plato
710 2421 790 2499 (nam
809 2423 852 2481 sio
876 2440 940 2481 eum
961 2419 1066 2482 Cicero
1087 2436 1157 2499 quo·

158 2521 214 2582 que
237 2502 381 2583 appellat)
404 2504 586 2579 dicerentur,
607 2507 800 2577 retinuerunt,
823 2507 889 2582 quia
910 2505 1055 2579 Latinum,
1081 2503 1157 2581 quod

116 2581 218 2650 61oet
235 2588 378 2648 alitteris
400 2587 546 2664 liniretur,
570 2605 627 2647 non
650 2586 846 2666 reperiebant.
883 2587 927 2646 Ne
950 2589 978 2646 in
999 2605 1020 2646 a
1043 2585 1158 2662 quidem

156 2680 243 2751 atque
257 2692 274 2733 s
289 2671 400 2731 litteras
418 2674 500 2732 exiro
516 2681 626 2730 temere
641 2670 797 2730 masculina
816 2669 927 2729 Graeca
945 2670 1057 2728 nomina
1073 2677 1156 2728 recto

157 2774 226 2815 casu
248 2754 445 2833 patiebantur,
471 2755 597 2833 ideoque
621 2762 650 2812 et
672 2753 747 2832 apud
770 2751 899 2812 Caelium
922 2752 1045 2828 legimus
1069 2750 1156 2813 Pelia

158 2837 357 2901 Cincinnatus
379 2846 408 2898 et
430 2839 505 2917 apud
524 2835 679 2897 Messalam
698 2835 781 2897 Bene
797 2838 872 2917 fecit
895 2834 1008 2897 Euthia
1031 2845 1061 2895 et
1082 2835 1157 2915 apud

158 2919 330 2983 Ciceronem
348 2920 557 3001 Hermapora,
585 2923 790 2996 nominemur,
819 2921 896 2999 quod
916 2920 951 2980 ab
976 2921 1158 2999 antiquorum

114 3004 305 3084 diplerisque
320 3004 426 3067 Aeaea
442 3015 471 3066 et
484 3002 623 3067 Anchisa
638 3006 675 3064 sit
691 3004 798 3071 dictus;
816 3021 880 3064 narn
897 3007 922 3064 si
936 3013 966 3064 ut
978 3001 1156 3078 Maecenas,

156 3087 306 3167 Sufenas,
329 3093 492 3169 Asprenas
508 3090 687 3161 dicerentur,
709 3089 838 3164 genitivo
860 3107 929 3149 casu
947 3106 1003 3148 non
1023 3108 1040 3149 e
1061 3087 1158 3147 littera

157 3172 209 3232 sed
226 3175 264 3234 tis
279 3172 391 3248 syllaba
406 3174 635 3233 terminarentur.
668 3171 739 3231 Inde
756 3169 882 3252 Olympo
898 3182 927 3232 et
944 3180 1075 3252 tyranno
1090 3189 1156 3231 aeu-

156 3266 213 3316 tam
234 3256 375 3331 syllabam
403 3257 524 3317 mediam
544 3256 702 3330 dederunt,
734 3257 801 3333 quia
824 3256 933 3316 duabus
962 3257 1057 3333 longis
1080 3257 1156 3314 inse·

158 3340 310 3418 quentibus
338 3341 456 3417 primaru
478 3340 597 3400 brevem
619 3341 682 3399 aeui
704 3348 805 3398 noster
830 3358 926 3400 sermo
954 3358 1012 3401 non
1040 3342 1155 3418 patitur.

115 3424 206 3484 diste
228 3426 371 3503 genitivus
390 3421 473 3486 Ulixi
495 3433 524 3485 et
539 3421 651 3486 Acttttt
671 3423 759 3500 iecit,
780 3425 823 3484 sio
838 3424 894 3484 alia
909 3424 1040 3505 plurima.
1074 3421 1157 3483 Nune
