2566 4026
412 163 504 213 insu.
518 164 830 233 conscensum.
1105 154 1124 214 9

116 319 207 380 discet
227 336 304 397 puer
323 319 390 397 ipso
407 317 458 378 illo
482 336 573 394 anno,
595 336 653 397 quo
675 322 784 381 minora
802 321 961 382 didicisset.
993 321 1057 382 Hoc
1070 333 1166 401 per19

116 402 247 480 singulos
268 419 361 463 annos
384 411 573 481 prorogatum
586 405 615 463 in
635 421 772 463 summam
785 406 915 483 prolicit;
940 415 969 466 et
988 417 1123 484 quantum

116 486 285 547 indolentia
306 495 524 565 praesumptum
539 497 585 547 est
606 490 763 567 temporis,
786 490 1004 550 adolescentiae
1024 493 1122 569 aequi·
1213 529 1228 544 ·

115 573 192 630 ritur.
222 570 306 630 Idem
322 572 410 631 etiam
428 571 464 631 de
479 571 668 648 sequentibus
684 574 764 631 annis
787 583 975 652 praeceptum
996 577 1047 634 sit:
1072 593 1120 651 ne,

116 655 190 734 quod
207 655 318 733 cuique
334 655 501 717 discendum
517 665 577 731 est,
600 673 668 715 sero
685 656 799 715 discere
811 658 938 734 incipiat.
966 656 1031 717 Non
1047 676 1120 736 ergo

72 806 78 815 ,
115 737 270 818 perdamus
300 740 423 817 primum
449 741 543 799 statim
569 748 700 817 tempus,
728 750 814 819 atque
846 758 881 800 eo
908 742 1014 816 minus,
1044 743 1121 818 quod

115 824 190 882 initia
206 822 372 882 litterarum
389 823 453 883 sola
472 825 610 883 memoria
632 833 780 901 constant,
804 842 878 903 quac
894 841 951 883 non
966 825 1051 885 modo
1066 827 1122 884 iarn

115 916 158 966 est
175 907 206 966 in
223 906 325 985 parvis
341 906 394 966 sed
411 915 469 966 tum
489 909 574 967 etiam
596 909 779 968 tenacissima
801 918 855 967 est.
887 906 951 967 Nec
966 925 1028 967 sum
1047 908 1165 976 adeooo

116 999 242 1051 aetatum
269 990 452 1068 imprudens,
483 1000 513 1051 ut
538 991 699 1051 instandum
723 994 854 1069 protinus
881 993 988 1053 teneris
1014 992 1122 1052 acerbe

114 1083 213 1154 potem
229 1073 463 1153 exigendamque
477 1075 565 1153 plane
580 1091 708 1153 operam.
733 1074 804 1135 Nam
820 1076 848 1136 id
859 1078 887 1135 in
902 1077 1000 1154 primis
1017 1094 1122 1135 cavere

115 1159 283 1238 oportebit,
309 1176 345 1218 ne
367 1159 477 1234 studia,
500 1161 548 1236 qui
569 1177 665 1218 amare
690 1160 814 1219 nondum
838 1168 950 1237 potest,
979 1160 1073 1220 oderit
1094 1169 1123 1219 et

114 1243 336 1303 amaritudinem
357 1243 449 1302 semel
471 1252 639 1321 perceptam
662 1244 747 1302 etiam
764 1242 839 1303 ultra
860 1243 947 1303 rudes
969 1260 1059 1303 annos
1076 1261 1121 1302 re-

114 1327 264 1387 formidet.
295 1324 387 1384 Lusus
403 1326 451 1386 bic
467 1328 522 1386 sit:
544 1336 573 1386 et
589 1336 711 1403 rogetur
732 1336 761 1386 et
778 1327 910 1387 laudetur
931 1337 960 1387 et
980 1345 1122 1404 nunquam

113 1427 170 1471 non
196 1409 310 1470 fecisse
336 1427 370 1469 se
400 1410 537 1486 gaudeat,
569 1411 722 1489 aliquando
747 1414 813 1488 ipso
839 1411 957 1471 uolente
983 1411 1123 1471 doceatur

113 1495 206 1569 alius,
231 1495 278 1553 cui
299 1493 440 1558 invideat:
469 1495 623 1555 contendat
639 1497 752 1555 interim
768 1504 797 1554 et
814 1497 930 1575 saepius
946 1496 1065 1555 vincere
1088 1514 1120 1553 se

114 1587 199 1658 putet
220 1587 252 1637 et
267 1579 403 1655 praemiis
419 1579 520 1653 etiam,
544 1597 617 1656 quae
635 1582 710 1659 capit
725 1578 775 1639 illa
791 1588 888 1656 aetas,
912 1589 1062 1639 evocetur.

200 1661 295 1722 Parva
310 1662 448 1722 docemus
464 1670 610 1722 oratorem
625 1663 827 1723 instituendum
842 1663 986 1742 professi,
1008 1663 1061 1723 sed
1076 1672 1120 1723 est
1128 1679 1160 1732 21

114 1765 165 1806 sua
182 1748 272 1805 etiam
288 1745 389 1805 studiis
404 1746 535 1815 inlantia;
560 1756 589 1806 et
604 1756 634 1806 ut
650 1764 804 1825 corporum
818 1765 886 1807 mox
901 1748 1122 1807 fortissimorum

114 1830 253 1890 educatio
274 1848 291 1888 a
307 1829 382 1890 lacte
399 1833 538 1908 cunisque
554 1832 662 1890 initium
680 1831 772 1891 ducit:
797 1833 835 1890 ita
853 1832 964 1891 iuturus
981 1832 1119 1909 eloquen-

113 1916 245 1974 tissimus
267 1912 356 1973 edidit
382 1913 535 1992 aliquando
561 1917 689 1992 vagitum
716 1923 745 1974 et
766 1914 846 1992 loqui
865 1917 986 1994 primum
1011 1917 1120 1973 incerta

113 2015 193 2058 voce
216 1999 369 2075 temptavit
391 2007 421 2057 et
444 1998 537 2058 haesit
561 2001 638 2058 eirca
664 1999 771 2059 formas
793 1998 960 2058 litterarum.
1008 1997 1071 2058 Nec
1096 1999 1120 2056 si

113 2083 185 2161 quid
207 2082 325 2142 discere
346 2084 416 2144 satis
436 2101 493 2143 non
515 2092 575 2159 est,
600 2083 667 2142 ideo
688 2102 743 2143 nec
765 2100 890 2142 necesse
915 2091 968 2141 est.
1009 2082 1119 2156 Quodsi
1129 2093 1163 2145 22

112 2182 201 2228 neum
224 2169 413 2247 reprehendit
433 2177 562 2247 patrem,
585 2169 633 2245 qni
654 2167 727 2227 haec
747 2183 805 2225 non
825 2166 999 2244 negligenda
1021 2168 1049 2225 in
1066 2183 1119 2226 suo

113 2250 178 2314 lilio
205 2262 302 2332 putet:
330 2271 381 2313 cur
401 2252 596 2331 improbetur,
625 2252 650 2310 si
676 2254 739 2329 quis
768 2268 819 2325 ea,
848 2269 922 2329 quae
949 2251 1024 2310 dorni
1051 2268 1120 2309 suae

114 2345 200 2397 recte
223 2337 352 2412 iaceret,
373 2338 402 2396 in
422 2335 569 2415 publicum
585 2333 710 2412 promit?
741 2334 839 2412 Atque
856 2352 891 2395 eo
914 2338 1020 2412 magis,
1044 2333 1121 2411 quod

113 2425 230 2481 minora
252 2423 339 2481 etiam
353 2420 467 2480 facilius
488 2421 615 2479 minores
635 2420 813 2497 percipiunt;
838 2428 867 2478 et
888 2428 918 2478 ut
940 2435 1063 2496 corpora
1086 2416 1121 2476 ad

115 2504 260 2584 quosdam
275 2504 468 2564 membrorum
484 2503 577 2563 flexus
593 2503 711 2562 formari
727 2503 780 2559 nisi
795 2509 896 2561 tenera
910 2519 968 2562 non
983 2509 1120 2578 possunt:

115 2591 161 2649 sic
176 2591 287 2649 animos
310 2605 427 2667 quoque
444 2586 479 2646 ad
500 2587 642 2666 pleraque
665 2586 797 2645 duriores
819 2584 908 2643 robur
927 2587 1020 2662 ipsum
1040 2583 1120 2641 facit.

115 2672 163 2732 An
178 2671 330 2751 Philippus
346 2670 536 2731 Macedonum
556 2689 609 2730 ren
625 2669 794 2730 Alexandro
810 2668 870 2728 lilio
887 2684 940 2727 suo
963 2667 1054 2745 prima
1077 2664 1164 2728 lit-ao

115 2766 245 2817 terarum
271 2757 415 2816 elementa
441 2755 514 2815 tradi
541 2755 576 2814 ab
598 2753 775 2829 Aristotele,
801 2769 909 2812 summo
935 2753 997 2810 eius
1019 2750 1121 2809 aetatis

115 2839 315 2919 philosopho,
337 2840 495 2914 voluisset,
519 2847 567 2899 aut
587 2839 639 2898 ille
660 2839 840 2916 suscepisset
858 2838 915 2897 hoe
930 2835 1074 2909 officium,
1098 2834 1122 2892 si

115 2940 175 2984 non
198 2925 359 2984 studiorum
379 2924 456 2982 initia
478 2932 539 2983 eta
561 2923 775 3001 perfectissimo
798 2938 915 2999 quoque
936 2921 1043 2997 optime
1065 2927 1121 2977 tra·

116 3009 190 3069 utari
211 3017 241 3067 et
262 3009 412 3086 pertinere
428 3007 464 3067 ad
486 3025 622 3066 summam
644 3003 837 3066 credidisset?
866 3005 1019 3082 Fingamus
1035 3004 1165 3080 igitnrm

116 3093 320 3153 Alexandrum
334 3091 396 3152 dari
412 3090 496 3151 nobis
511 3092 675 3169 impositum
689 3091 813 3166 gremio,
830 3090 945 3166 dignum
960 3097 1036 3148 tanta
1053 3103 1122 3147 cura

114 3177 255 3238 infantem
278 3178 457 3255 (quanquam
477 3193 545 3234 suus
569 3177 671 3252 cuique
693 3173 796 3251 dignus
812 3175 888 3254 est):
911 3173 1056 3252 pudeatne
1074 3188 1121 3230 me

115 3262 145 3321 in
171 3262 244 3340 ipsis
273 3261 369 3320 statim
395 3260 546 3320 elementis
573 3260 658 3317 etiam
686 3257 787 3317 brevia
813 3257 936 3317 docendi
961 3264 1121 3317 monstrare

117 3341 313 3424 compendia?

202 3427 309 3508 Neque
326 3429 401 3488 enim
416 3426 483 3486 mihi
499 3426 570 3486 illud
586 3426 688 3485 saltem
708 3424 823 3504 placet,
846 3425 923 3506 quod
938 3425 1001 3485 lieri
1016 3423 1045 3481 in
1059 3421 1122 3499 plu·
