2566 4026
358 206 447 255 ruse
462 206 611 255 onunon
624 207 693 253 me.
706 203 793 271 ιω
1014 193 1072 255 109

65 373 130 440 est,
154 371 185 420 ut
209 362 311 420 neseio
334 360 401 438 quid
424 361 522 460 illud,
532 361 609 441 qnod
628 361 787 422 adversarii
809 358 933 451 obliquis
956 370 1071 422 senten·

64 449 112 509 tiis
131 445 297 524 significare
313 444 474 520 voluerint,
498 465 523 505 sr
516 445 642 505 liduoia
663 447 716 522 sit,
736 437 873 504 obnorant
886 443 998 522 palam
1024 455 1072 506 aut

64 540 148 593 oerte
166 546 224 589 non
244 531 377 605 exigant,
393 537 439 605 nt,
457 529 558 607 quod'
549 531 605 607 rpsi
622 546 680 589 nou
695 528 801 588 audent
817 528 933 604 dicere,
956 526 984 587 id
1000 529 1071 589 iudi·

65 633 116 675 aes
130 630 187 672 non
202 611 288 672 modo
301 611 464 690 intelligant
478 612 531 672 sed
546 615 632 673 etiam
650 611 779 674 credant.
815 611 900 672 Utilis
918 613 1003 671 etiam
1020 613 1070 673 ali·
1080 619 1114 674 95

64 697 179 777 quarmo
196 696 384 757 dissimulatio
398 706 459 773 est,
474 707 505 757 ut
517 699 545 756 in
561 715 614 774 eo,
632 697 716 776 (nota
731 698 806 757 enim
820 694 918 756 fabula
934 697 995 777 est)
1012 698 1071 775 qui,

64 801 129 843 oum
145 790 226 841 esset
243 789 344 844 eontra
360 799 424 840 eum
439 780 559 858 dictum,
575 781 654 843 Iara
665 801 725 861 per
737 782 861 860 patroni
875 782 920 842 tat·
935 781 1072 843 eineres:

63 875 195 946 paratum
207 883 240 924 se
252 883 320 924 esse
333 864 497 943 respondit,
517 874 547 924 et
562 865 649 926 iudex
662 865 833 926 condicione
847 883 917 924 usus
934 874 995 942 est,
1013 866 1071 926 ola·

62 958 158 1010 maute
178 948 296 1009 multum
310 948 470 1026 advocato,
494 949 642 1009 schemata
659 949 694 1009 de
710 967 806 1009 rerum
823 957 923 1010 natura
941 948 1020 1019 tolli;
1040 959 1072 1009 ut

63 1036 194 1113 protinus
216 1035 302 1092 etiam
321 1042 511 1112 praeceptum
521 1035 579 1111 sit,
605 1034 744 1094 eiusmodi
758 1034 859 1111 liguris
877 1032 1012 1106 utendum
1027 1043 1069 1093 te·

62 1135 143 1178 mere
163 1134 220 1176 non
238 1135 328 1177 esse.¹
1141 1177 1144 1181 ,

148 1201 276 1261 Tertium
290 1209 335 1260 est
349 1218 459 1278 genus,
482 1203 511 1260 in
527 1219 584 1279 quo
600 1201 665 1262 sola
685 1201 824 1263 melius
847 1200 1000 1261 dioendi
1019 1210 1112 1279 pte-96

63 1287 132 1345 titur
152 1285 286 1354 oooasio;
306 1285 442 1364 ideoque
462 1284 491 1344 id
513 1283 618 1347 Gioero
640 1303 697 1345 non
712 1293 794 1366 putat
814 1302 882 1345 esse
899 1286 1024 1363 positum
1041 1286 1070 1344 in

64 1370 258 1430 contentione.
306 1368 378 1429 'lale
402 1378 448 1428 est
473 1368 560 1446 illud,
587 1387 644 1447 quo
671 1370 747 1430 idem
771 1369 859 1429 utitur
874 1369 901 1427 in
921 1366 1068 1429 Clodium:

64 1450 182 1526 Qaibas
194 1453 267 1530 iste,
286 1454 339 1531 qai
354 1455 456 1514 omnia
469 1454 627 1532 sacrificia
641 1463 758 1531 nosset,
777 1454 873 1533 saeida
891 1454 932 1514 ab
947 1472 980 1514 se
996 1454 1070 1514 deos

59 1539 185 1616 placari
197 1555 287 1615 posse
305 1538 530 1600 arbitrabatur.
572 1537 667 1598 lronia
689 1555 806 1617 quoque
829 1538 858 1596 in
880 1536 937 1596 hoo
958 1545 1110 1614 generebl

61 1623 198 1681 materiae
214 1621 448 1700 frequentissima
464 1629 518 1682 est.
543 1622 602 1682 Sed
617 1622 838 1682 eruditissimum
854 1621 959 1698 longe,
975 1623 1069 1699 siper

61 1704 147 1765 aliam
174 1723 235 1764 rem
263 1705 319 1765 alia
342 1704 499 1765 indicetur:
529 1715 560 1766 ut
585 1706 724 1766 adversus
745 1714 911 1782 tyrannum,
938 1705 987 1783 qui
1014 1704 1067 1764 suh

61 1798 147 1868 paeto
169 1788 334 1849 abolitionis
350 1790 571 1851 dominationem
591 1790 784 1869 deposuerat,
802 1791 862 1866 agit
882 1788 1066 1867 competitor,

59 1870 136 1936 Miltr'
155 1875 188 1934 ia
205 1881 233 1934 te
250 1874 356 1935 dicere
375 1893 436 1935 noa
456 1875 543 1952 lr'oet,
563 1883 596 1937 ta
611 1877 644 1936 ia
665 1893 713 1936 raa
728 1876 779 1936 dio
799 1883 828 1936 et
844 1881 949 1953 potes,·
970 1892 1069 1952 nuper

60 1966 89 2019 ta
102 1959 186 2019 volat
198 1958 349 2020 occidere.
377 1956 528 2037 Frequens
539 1958 611 2019 illud
622 1968 668 2019 est
681 1977 737 2019 neo
751 1975 930 2037 magnopere
946 1967 1063 2037 captan-
1071 1968 1106 2024 98

60 2041 143 2117 dum,
157 2041 238 2120 quod,
247 2043 355 2120 petitur
369 2042 594 2103 aiureinrando:
613 2052 643 2102 ut
655 2060 710 2122 pro
724 2041 918 2118 exheredato,
931 2041 982 2103 lta
994 2044 1067 2104 mitt

60 2126 340 2204 coadapatberade
353 2126 415 2204 filio
430 2129 517 2188 mori.
539 2125 613 2188 Nam
628 2137 657 2186 et
672 2129 701 2186 iu
716 2136 806 2187 totum
819 2127 931 2203 iurare,
947 2127 1002 2186 nisi
1018 2126 1067 2186 ubi

58 2227 185 2271 neeesse
210 2218 270 2286 est,
291 2212 374 2287 gravi
398 2211 461 2269 viro
488 2227 588 2289 parum
615 2213 767 2288 convenit,
794 2219 823 2270 et
845 2219 890 2270 est
912 2228 928 2270 a
950 2210 1063 2270 Seneca

58 2293 166 2354 dietum
178 2294 345 2371 eleganter,
362 2311 419 2354 non
431 2303 617 2372 patronorum
628 2294 685 2354 hoa
699 2313 766 2355 esse
782 2294 835 2355 sed
845 2295 969 2354 testium.
1001 2291 1064 2354 Neo

57 2387 188 2436 meretur
208 2378 309 2454 fidem,
332 2379 381 2458 qui
400 2378 593 2438 sententiolae
613 2379 705 2455 gratia
728 2380 817 2456 iurat,
843 2378 943 2438 nisisi
964 2386 1064 2456 potest

58 2470 116 2520 tam
141 2460 217 2520 bene
240 2479 323 2539 quam
349 2460 579 2538 Demosthenes,
605 2470 742 2541 utsupra
765 2463 833 2523 dixi.
875 2461 1104 2534 Levissimum99
1138 2499 1145 2516 ,

58 2553 155 2605 antem
166 2545 254 2622 longe
271 2563 364 2623 genus
383 2565 420 2605 ex
434 2545 544 2623 verbo,
562 2547 674 2606 etiamsi
693 2555 739 2607 est
754 2545 831 2626 apud
844 2544 1043 2606 Ciceronem
1034 2564 1063 2606 ιιι

58 2625 418 2692 clarissumarum
438 2646 529 2730 paam
545 2649 648 2692 omnes
664 2631 795 2693 amicam
812 2631 943 2693 amatam
960 2631 1063 2709 potius

57 2726 152 2790 qaam
170 2715 348 2792 cuiusquam
362 2715 518 2776 inimicam
530 2721 724 2794 pataverunt.

146 2797 458 2876 Comparationem
483 2799 618 2877 equidem
640 2798 727 2859 video
753 2798 874 2876 liguram
898 2816 957 2859 uon
983 2767 1126 2877 essarto

58 2897 124 2940 oum
148 2881 185 2939 sit
207 2881 320 2942 interim
341 2881 521 2959 probationis
541 2883 654 2943 interim
673 2885 758 2944 etiam
776 2901 881 2943 oausae
896 2901 1005 2960 genus,
1037 2893 1066 2943 et

56 2964 96 3023 sit
119 2963 186 3024 talis
209 2967 271 3024 eius
293 2965 400 3042 iorma,
424 2967 517 3044 qualis
539 2976 585 3027 est
605 2984 658 3046 pro
677 2966 811 3028 Murena:
832 2965 948 3046 Vigilas
971 2977 1003 3029 ta
1022 2968 1062 3028 de

55 3055 163 3125 nocte,
179 3059 212 3110 at
229 3049 289 3111 tais
304 3052 527 3113 consultoribus
541 3053 747 3131 respondeas,
763 3053 830 3128 illa,
846 3058 897 3128 at,
916 3067 975 3129 qao
990 3070 1061 3113 cort-

56 3133 172 3209 taadr‘t,
193 3142 313 3197 matare
330 3154 400 3196 eam
414 3136 552 3197 exercita
566 3136 741 3215 perveniam
763 3145 791 3197 ta
810 3136 962 3215 pallorum
980 3136 1065 3196 illam

55 3216 260 3279 harenarum
276 3226 385 3280 cautas
396 3221 565 3281 exsuscitat
580 3229 609 3279 et
624 3229 733 3280 setara.
753 3218 862 3281 Nescio
879 3238 915 3280 an
926 3219 1066 3282 orationis
1074 3230 1121 3284 101

56 3301 253 3382 potiusquam
268 3303 428 3364 sententiae
444 3304 489 3362 sit.
514 3302 547 3363 ld
563 3304 637 3363 enim
651 3304 745 3364 solum
755 3313 893 3380 mutatur,
910 3303 988 3384 quod
1003 3321 1061 3364 non

56 3385 194 3445 universa
209 3387 352 3446 universis
369 3387 422 3448 sed
438 3386 550 3465 singula
566 3387 687 3465 singulis
703 3398 898 3467 opponuntur.
941 3386 979 3448 Et
994 3385 1062 3449 Gel-

58 3486 109 3529 sus
124 3479 221 3530 tamen
236 3479 265 3530 et
279 3488 337 3532 nou
352 3470 506 3550 negligens
522 3480 625 3532 auctor
634 3470 775 3532 Visellius
790 3473 819 3532 iu
832 3471 889 3534 lrao
903 3491 967 3534 eam
982 3482 1065 3552 parte
