2566 4026
158 173 198 236 84
467 186 504 232 m.
528 184 606 232 rso.
630 183 852 244 qururrnmru

241 341 375 401 Pluribus
390 349 485 400 autem
497 338 595 398 verbis
609 357 673 399 cnm
687 339 732 415 id,
750 339 828 416 quod
843 355 900 398 uno
916 349 964 400 aut
979 342 1165 420 paucioribus

158 435 239 487 certe
259 426 315 485 dici
337 433 452 504 potest,
475 423 654 502 explicatur,
674 423 911 502 περίφρασιν
938 435 1061 501 vocant,
1093 427 1165 486 cir·

157 512 295 572 cultum
311 509 453 587 quendam
475 507 702 585 eloquendi,
725 509 773 584 qui
788 524 990 586 nonnunquam
1005 511 1166 572 necessita-

156 605 214 656 tem
230 593 334 670 habet,
352 594 486 672 quotiens
498 592 577 652 dictu
593 591 734 651 deformia
750 592 862 669 operit:
879 601 910 651 ut
926 592 1098 669 Sallustius,
1116 591 1167 655 Aa
1209 614 1211 619 ·

113 679 308 758 oorequtsito
327 687 471 738 acturae.
512 675 630 735 Interim
655 684 785 735 ornatum
809 677 882 753 petit
907 676 1020 754 solum,
1046 679 1096 756 qui
1123 687 1168 738 est

156 763 232 842 apud
246 770 351 841 poetas
368 761 634 840 frequentissimus:

222 846 352 925 Tempus
373 853 457 921 erat,
481 861 541 924 quo
557 845 663 925 primo
679 845 767 923 quies
787 844 967 905 mortalibus
987 848 1094 924 aegris

218 930 332 1008 Incipit
353 940 381 992 et
404 931 482 991 dono
505 931 608 991 dicum
624 929 804 1006 praosoima
824 929 930 1007 serpit.

113 1023 147 1081 61
156 1013 194 1075 Et
208 1014 284 1093 apud
300 1021 433 1074 oratores
451 1030 509 1073 non
524 1031 607 1073 rarus
628 1030 746 1090 semper
763 1021 859 1073 tamen
875 1013 1031 1073 astrictior.
1078 1013 1167 1087 Quid·

157 1099 225 1178 quid
239 1100 312 1158 enim
323 1099 479 1175 significari
494 1097 612 1157 brevius
624 1106 723 1174 potest
735 1106 764 1156 et
777 1114 842 1155 cum
856 1105 958 1156 ornatu
970 1097 1055 1157 latius
1069 1107 1168 1158 osten·

157 1183 247 1258 ditur,
270 1181 444 1262 περίφρασις
460 1191 521 1259 est,
547 1182 592 1240 oui
608 1197 713 1239 nomen
726 1179 827 1240 Latine
844 1181 939 1241 datum
955 1190 1073 1241 estnon
1096 1200 1167 1242 saue

157 1275 254 1344 aptum
279 1267 417 1326 orationis
441 1267 538 1325 virtuti
565 1264 865 1325 circumlocutio.
909 1263 1018 1337 Verum
1041 1266 1100 1326 hoc
1125 1275 1167 1342 ut,

158 1369 222 1410 cum
244 1351 382 1410 decorem
403 1349 506 1427 habet,
528 1348 723 1427 periphrasis:
746 1349 801 1423 ita,
819 1367 883 1407 cum
898 1350 926 1407 in
941 1350 1041 1409 rituum
1056 1350 1168 1426 incidit,

156 1434 360 1516 περισσοιογία
372 1434 485 1494 dicitur.
531 1431 634 1493 Obstat
648 1434 739 1507 enim,
757 1432 894 1510 quidquid
910 1450 969 1492 non
983 1433 1109 1494 adiuvat.

114 1527 149 1583 σι
241 1517 483 1596 Hyperbaton
513 1535 646 1596 quoque,
669 1517 697 1576 id
719 1525 764 1576 est
785 1515 870 1575 verbi
891 1519 1167 1595 transgressionem,

158 1601 292 1679 quoniam
308 1602 477 1679 frequenter
493 1602 566 1661 ratio
586 1601 810 1678 comparationis
828 1609 859 1660 et
874 1601 965 1662 decor
980 1604 1093 1680 poscit,
1110 1620 1169 1662 non

156 1686 298 1745 immerito
323 1686 398 1745 inter
423 1687 544 1745 virtutes
570 1685 719 1745 habemus.
762 1683 808 1745 Fit
832 1686 907 1744 enim
932 1686 1170 1765 frequentissime

157 1785 264 1846 aspera
285 1778 315 1828 et
330 1769 400 1829 dura
424 1779 453 1828 et
470 1768 612 1829 dissoluta
629 1777 658 1827 et
678 1768 759 1828 hians
776 1771 887 1845 oratio,
910 1771 935 1829 si
951 1770 986 1829 ad
1005 1772 1168 1830 necessita-

157 1861 215 1912 tem
231 1853 339 1912 ordinis
356 1854 400 1912 sui
418 1852 509 1914 verba
524 1853 708 1929 redigantur,
732 1862 776 1929 et,
798 1863 828 1912 ιιι
845 1854 980 1932 quodque
996 1855 1106 1930 oritur,
1129 1857 1169 1915 ita

116 1936 314 2014 osproximis,
341 1939 453 1996 etiamsi
476 1938 578 1997 vinciri
597 1954 656 1996 non
671 1946 787 2015 potest,
811 1937 956 2014 alligetur.
998 1936 1169 1999 Differenda

157 2021 245 2097 igitur
265 2021 405 2098 quaedam
430 2031 458 2081 et
474 2021 700 2099 praesumenda,
725 2030 811 2100 atque
827 2031 858 2080 ut
877 2024 906 2080 in
926 2023 1079 2081 structuris
1096 2022 1168 2101 lapi·

159 2104 225 2164 dum
247 2105 441 2183 impolitorum
467 2105 552 2181 loco,
575 2123 632 2183 quo
655 2108 807 2181 convenit,
831 2105 968 2183 quodque
992 2106 1168 2184 ponendum.

158 2186 224 2247 Nou
239 2191 313 2248 enim
324 2189 459 2250 recidere
475 2208 510 2250 ea
524 2208 580 2249 nec
592 2189 687 2267 polire
702 2207 875 2268 possumus,
892 2206 949 2267 quo
963 2200 1168 2266 coagmentata

158 2290 192 2331 se
208 2275 300 2350 magis
315 2274 450 2350 iungant,
468 2275 520 2334 sed
535 2275 671 2334 utendum
684 2275 733 2351 ils,
750 2273 846 2352 qualia
859 2281 938 2350 sunt,
952 2272 1169 2352 eligendaeque

116 2356 253 2418 64sedes.
297 2356 361 2418 Nec
381 2357 458 2418 aliud
471 2368 570 2437 potest
585 2376 748 2419 sermonem
763 2359 862 2417 lacere
880 2375 1065 2418 numerosum
1085 2376 1170 2437 quam

159 2450 322 2519 opportuna
345 2441 453 2501 ordinis
469 2444 603 2512 mutatio;
627 2460 724 2521 neque
740 2441 798 2501 alio
814 2442 890 2501 ceris
908 2441 1036 2501 Platonis
1051 2444 1169 2502 inventa

159 2533 225 2584 sunt
240 2534 376 2602 quattuor
396 2526 446 2586 illa
461 2525 569 2602 verba,
588 2526 691 2605 quibus
714 2527 742 2584 in
763 2525 814 2585 illo
833 2524 1030 2603 pulcherrimo
1047 2543 1169 2604 operum

158 2610 186 2666 in
199 2607 349 2668 Piraeeum
365 2628 398 2668 se
415 2609 605 2669 descendisse
617 2609 776 2686 significat,
794 2609 924 2688 plurimis
936 2609 1030 2669 modis
1046 2612 1168 2689 scripta,

118 2699 245 2769 65quam
262 2692 341 2770 quod
357 2711 421 2751 eum
441 2711 559 2771 quoque
574 2695 696 2753 maxime
712 2693 812 2753 iacere
832 2694 1025 2772 experiretur.
1059 2692 1171 2754 Verum

158 2775 187 2835 id
208 2793 271 2835 cum
297 2778 325 2834 in
352 2775 464 2835 duobus
486 2777 584 2836 verbis
610 2778 657 2854 lit,
685 2766 858 2857 ἀναστροφὴ
886 2778 1004 2853 dicitur,
1034 2779 1169 2838 reversio

159 2859 317 2936 quaedam:
340 2859 435 2937 qualia
447 2870 512 2921 sunt
522 2861 631 2938 vulgo,
647 2881 780 2936 mecum,
796 2880 918 2928 secam,-
940 2861 1016 2940 apud
1034 2872 1170 2922 oratores

159 2952 189 3002 et
205 2942 362 3003 historicos
380 2946 492 3021 quibos
509 2947 665 3007 derebus.
703 2945 742 3005 Αι
760 2964 823 3006 cum
841 2945 957 3005 decoris
972 2947 1066 3022 gratia
1081 2946 1171 3007 trabi·

158 3035 204 3085 tur
227 3027 342 3104 longius
365 3028 499 3105 verbum,
523 3031 643 3108 proprie
670 3029 823 3107 hyberbati
845 3039 925 3089 tenet
946 3046 1067 3090 nomen:
1095 3028 1172 3091 Aoi-

158 3111 326 3188 modoerti,
343 3113 482 3189 iudices,
500 3133 617 3174 omnem
633 3115 829 3176 accusatoris
849 3117 1019 3176 orationem
1039 3115 1072 3175 in
1089 3116 1172 3176 aaa:

160 3194 290 3255 dicisum
315 3215 382 3257 esse
399 3206 518 3276 portes.
562 3196 635 3257 Nam
655 3200 687 3259 in
709 3200 790 3260 duas
808 3207 919 3277 portes
944 3199 1077 3259 divisam
1102 3217 1172 3260 csse

117 3285 152 3341 66
158 3285 269 3337 rectum
282 3289 360 3356 erat,
380 3281 432 3340 sed
446 3281 547 3340 durum
563 3291 592 3340 et
606 3283 791 3361 incomptum.
830 3281 939 3343 Poetae
952 3282 1067 3361 quidem
1083 3283 1171 3343 etiam

159 3359 315 3421 verborum
332 3364 473 3424 divisione
490 3366 598 3425 faciunt
613 3367 891 3443 transgressionem:

324 3481 366 3493 ω
384 3446 581 3529 Hydorboreo
598 3457 713 3528 septem
732 3451 871 3513 subiecta
890 3452 991 3528 taioni,
