2566 4026
206 181 264 240 140
512 194 547 240 m.
568 192 646 239 aaa.
668 192 887 251 commatum

204 349 334 422 dedant,
362 362 536 425 quanquam
557 347 690 425 perituri
714 348 789 421 sint,
818 346 878 406 nisi
892 347 1043 424 feceram
1073 356 1102 406 et
1120 349 1200 408 utilia

203 430 333 489 honestis
358 429 564 508 praeferimus,
591 439 621 488 ut
646 448 709 489 curn
733 430 904 503 suademus,
930 439 963 490 at
984 430 1060 492 bello
1084 430 1198 494 Punico

160 521 193 575 31
203 517 285 575 cerci
306 522 473 574 armentur.
519 513 577 572 Sed
603 530 697 590 neque
722 512 769 572 lric
790 513 877 591 plane
903 513 1118 575 concedendum
1144 525 1199 592 est,

204 616 271 657 csse
295 597 322 656 id
341 596 540 673 inhonestum,
562 597 671 656 liberos
697 597 771 654 enirn
793 606 894 655 natura
919 613 1018 656 ornnes
1044 607 1072 657 et
1091 600 1200 658 eisdem

204 689 338 740 constare
362 680 514 739 elementis
538 689 567 739 et
592 681 718 739 fortasse
743 681 865 758 antiquis
885 681 969 739 etiarn
988 681 1132 741 nobilibus
1152 700 1198 742 or-

202 774 266 840 tos,
287 763 344 824 dici
364 772 477 841 potest;
498 772 527 823 ct
543 763 615 838 illic,
634 761 683 821 ubi
699 764 880 822 manifestum
896 764 1055 841 periculum
1070 775 1125 842 est,
1146 783 1198 844 op·

203 848 336 927 ponenda
360 847 433 922 alia,
454 856 484 906 ut
507 845 653 906 crudelius
679 848 764 906 etiarn
789 848 933 925 perituros
959 848 1150 924 affirmemus,
1176 851 1200 907 si

204 950 236 991 se
255 932 425 1005 dediderint,
445 932 507 990 sive
528 930 619 990 bostis
638 946 696 988 non
715 931 875 990 servaverit
893 929 988 1006 iidem,
1007 933 1070 990 sive
1090 929 1200 992 Cacsar

162 1016 321 1090 bavicerit,
341 1014 418 1092 quod
439 1032 505 1074 esse
522 1030 594 1072 vero
614 1013 743 1072 similius.
772 1012 852 1072 Haec
871 1023 977 1088 autern,
999 1033 1073 1093 quae
1093 1025 1199 1075 tanturn

204 1101 278 1158 inter
292 1117 326 1157 se
340 1107 482 1176 pugnant,
499 1097 669 1176 plerumque
684 1097 844 1156 nominibus
860 1097 975 1156 dellecti
991 1098 1095 1157 solent.
1127 1098 1199 1158 Nam

205 1191 234 1242 et
252 1182 360 1242 utilitas
386 1184 449 1259 ipsa
469 1190 649 1261 expugnatur
673 1181 709 1239 ab
728 1181 788 1256 bis,
814 1180 861 1259 qui
886 1180 997 1256 dicunt,
1024 1198 1081 1240 non
1106 1182 1198 1241 solum

204 1268 318 1345 potiora
337 1284 404 1324 esse
421 1265 543 1324 honesta
562 1283 646 1343 quam
665 1265 744 1324 utilia
763 1265 815 1324 scd
834 1282 870 1322 ne
888 1264 967 1323 utilia
988 1265 1102 1342 quidem
1120 1285 1198 1340 esse,

204 1368 279 1429 quae
297 1366 355 1408 non
373 1350 429 1408 sint
447 1349 584 1415 bonesta;
609 1357 638 1407 et
663 1357 779 1423 contra,
799 1346 876 1425 quod
895 1364 949 1406 nos
968 1347 1137 1424 honesturn,
1158 1350 1200 1409 illi

203 1451 323 1508 vanum,
344 1432 541 1507 ambitiosum,
565 1431 715 1506 stolidum,
741 1430 838 1489 verbis
859 1450 943 1509 quarn
966 1450 998 1490 re
1022 1432 1199 1511 probabilius

161 1515 318 1577 33vocant.
359 1514 423 1574 Nec
441 1525 547 1575 tanturn
566 1515 711 1574 inutilibus
732 1524 934 1592 comparantur
952 1515 1031 1575 utilia
1056 1517 1107 1576 scd
1127 1519 1201 1576 inter

203 1616 371 1677 aequoque
392 1600 471 1676 ipsa,
497 1607 527 1657 ut
545 1600 568 1656 si
595 1616 631 1656 ex
654 1597 765 1658 duobus
791 1598 949 1674 eligamus,
975 1601 1003 1656 in
1022 1599 1114 1659 altero
1134 1600 1201 1678 quid

204 1685 240 1742 sit
263 1683 373 1758 magis,
398 1684 426 1740 in
452 1683 544 1742 altero
570 1681 637 1760 quid
662 1682 699 1740 sit
726 1683 827 1739 minus.
876 1677 990 1741 Crescit
1014 1682 1071 1742 boc
1096 1684 1198 1742 adhuc.

203 1765 275 1826 Nam
290 1766 402 1824 interim
418 1766 549 1844 triplices
566 1766 650 1824 etiam
664 1765 814 1823 suasoriae
829 1765 970 1824 incidunt:
991 1774 1021 1824 ut
1038 1785 1101 1825 curn
1115 1765 1198 1825 Pom-

200 1853 290 1929 pet'ac
306 1850 513 1924 deliberabat,
537 1848 667 1910 Portitor
683 1868 725 1909 an
741 1846 882 1926 Africam
903 1865 945 1909 on
960 1846 1126 1928 Aeppptotn
1143 1868 1199 1927 pe-

204 1942 288 1994 teret.
322 1932 365 1991 lta
389 1949 446 1990 aon
464 1941 586 2008 tantum,
606 1941 699 1991 utrum
717 1929 819 1990 arelius
843 1931 895 1991 sed
914 1933 981 2010 quid
998 1933 1034 1990 sit
1052 1934 1198 2010 optimum,

160 2012 369 2095 34q11acritur,
392 2017 517 2094 itemque
536 2024 646 2075 contra.
683 2014 745 2074 Neo
762 2033 886 2093 unquam
904 2015 1010 2074 incidet
1028 2017 1056 2073 in
1073 2015 1130 2075 boc
1148 2035 1199 2092 ge·

203 2117 274 2159 nere
291 2101 429 2158 materiae
439 2099 584 2165 ‚dubitatio
602 2100 660 2175 rei,
682 2117 756 2178 quac
772 2099 897 2177 undique
914 2099 1069 2158 secundum
1083 2117 1136 2157 nos
1152 2100 1197 2157 sit.

203 2182 275 2242 Nam
301 2180 349 2241 ubi
374 2183 594 2242 contradictioni
619 2183 702 2242 locus
728 2199 785 2241 non
811 2192 873 2259 est,
905 2200 980 2261 quac
1005 2191 1103 2260 potest
1132 2199 1199 2240 esse

205 2283 292 2326 causa
307 2263 474 2326 dubitandi?
498 2265 540 2325 lta
555 2267 618 2326 lere
630 2269 721 2325 omnis
738 2268 867 2326 suasoria
883 2265 951 2325 nihil
967 2275 1012 2325 est
1028 2265 1103 2326 aliud
1116 2283 1200 2344 quam

204 2351 398 2428 comparatio,
423 2349 651 2429 videndumque,
677 2350 745 2430 quid
771 2352 954 2410 consecuturi
980 2351 1068 2410 simus
1095 2361 1123 2410 et
1146 2367 1200 2428 per

112 2470 116 2477 ·
204 2433 286 2512 qnid3
308 2442 339 2492 ut
357 2435 500 2493 aestimari
518 2437 626 2512 possit,
647 2435 712 2513 plus
731 2436 759 2492 in
779 2452 815 2494 eo
835 2434 912 2513 quod
927 2436 1049 2512 petimus
1068 2436 1104 2494 sit
1123 2451 1199 2493 com-

159 2518 296 2593 35modi,
321 2535 355 2576 an
380 2534 451 2577 vero
476 2519 504 2576 in
531 2536 567 2577 co
589 2537 642 2597 per
668 2518 745 2596 quod
768 2520 890 2596 petimus
914 2517 1097 2577 incommodi.
1146 2514 1200 2575 Est

202 2602 331 2660 utilitatis
353 2610 381 2660 et
399 2603 427 2660 in
445 2611 577 2680 ternpore
595 2603 743 2680 quaestio,
764 2603 887 2679 expedit
904 2601 961 2661 ced
974 2621 1033 2661 aon
1048 2619 1148 2665 nana·
1170 2607 1199 2655 ct

202 2686 229 2742 in
245 2684 324 2760 loco,
341 2703 400 2746 noa
416 2687 485 2753 ln'o;
501 2694 530 2744 et
546 2687 573 2743 in
589 2701 725 2763 persona,
741 2703 802 2743 aon
816 2685 912 2758 nobis,
929 2702 988 2742 non
1004 2691 1110 2743 contro
1126 2682 1198 2746 bom

202 2770 276 2828 etin
295 2786 404 2845 genere
422 2769 542 2846 agendi,
568 2788 628 2829 noa
641 2769 706 2837 cie,·
732 2776 760 2826 et
778 2768 806 2824 iu
823 2767 924 2840 modo,
945 2785 1004 2826 non
1018 2768 1050 2825 in
1072 2771 1196 2824 tontum.

286 2852 345 2912 Sed
365 2869 564 2930 personam
584 2853 700 2929 saepius
716 2851 831 2910 decoris
847 2849 940 2926 gratia
956 2849 1106 2920 intuentur,
1124 2862 1197 2924 quae

159 2943 231 2998 acet
249 2938 276 2994 in
292 2934 375 2994 nobis
393 2937 465 2994 etin
483 2935 542 3009 lris,
567 2936 615 3013 qui
630 2933 808 3008 deliberant,
831 2931 989 3011 spectanda
1006 2941 1059 2990 est.
1097 2929 1198 3006 ltaque

203 3021 331 3097 quamvis
354 3018 488 3096 exempla
512 3018 662 3096 plurimum
683 3020 711 3076 iu
733 3016 862 3076 consiliis
883 3015 1011 3093 possint,
1035 3015 1101 3092 quia
1116 3013 1196 3071 iacil-

202 3102 269 3162 lime
286 3102 321 3161 ad
337 3101 573 3161 consentiendum
594 3101 723 3161 homines
746 3101 885 3160 ducuntur
906 3098 1127 3175 experimentis:
1152 3114 1196 3154 re·

202 3186 259 3244 lert
275 3194 379 3260 tamen,
397 3203 518 3263 quorum
534 3187 690 3245 auctoritas
708 3194 736 3244 et
752 3183 854 3262 quibus
871 3181 1048 3241 adhibeatur.
1083 3180 1198 3238 Diversi

158 3274 267 3331 dieunt
283 3269 358 3326 enim
374 3268 593 3328 deliberantium
612 3270 711 3342 animi,
732 3265 840 3344 duplex
860 3265 1003 3325 condicio.
1042 3264 1114 3324 Nam
1131 3281 1198 3323 con·

202 3350 308 3410 sultant
335 3360 382 3409 aut
403 3352 502 3429 plures
525 3361 573 3411 aut
595 3352 715 3430 singulm
745 3350 797 3409 sed
822 3351 850 3407 in
874 3350 1005 3427 utrisque
1026 3347 1198 3423 differentia,

203 3436 269 3512 quia
285 3443 313 3494 ct
329 3435 356 3492 in
372 3435 501 3512 pluribus
518 3435 634 3495 multum
650 3437 785 3510 interest,
807 3441 933 3493 senatos
949 3435 988 3494 ait
1003 3453 1044 3495 an
1056 3433 1199 3513 populna,
