2566 4026
366 120 454 168 rusr.
468 119 617 168 aaaron.
631 122 701 169 mu.
716 123 765 188 111,
778 122 804 172 5.
1030 112 1089 175 113

75 285 241 339 monstrat.
288 275 419 335 Alterum
447 284 492 334 est
518 275 820 352 deliberativum,
848 280 963 337 tertium
990 279 1132 347 iudi-15

76 361 185 421 ciale.
217 359 343 420 Ceterae
359 361 476 436 species
494 362 522 418 in
537 360 610 419 haec
625 362 679 420 tria
694 361 820 420 incident
835 380 955 439 genera,
975 381 1031 423 nec
1046 366 1088 424 in·

75 447 214 505 venietur
229 463 267 503 ex
282 444 326 503 his
342 444 419 518 ulla,
442 447 470 502 in
487 461 541 521 qua
557 461 614 503 non
632 445 750 505 laudare
768 462 803 504 aa
816 448 1000 524 vituperare,
1023 467 1087 508 sua·

77 532 152 590 dere
170 547 205 587 ac
224 527 410 602 dissuadere,
431 527 582 587 intendere
599 529 666 606 quid
682 527 729 587 vel
749 528 901 607 depellere
919 530 1086 592 debeamus.

75 613 133 673 llla
161 629 278 690 quoque
304 621 369 671 sunt
392 613 567 686 communia,
599 611 772 687 conciliare,
800 631 934 689 narrare,
964 616 1086 693 docere,

77 714 210 774 augere,
232 698 378 770 minuere,
402 696 580 755 concitandis
598 696 843 774 componendisve
860 697 1011 758 affectibus
1029 702 1087 759 ani·

78 798 144 839 mos
162 781 336 840 audientium
354 780 475 855 lingere.

167 863 212 924 Ne
238 863 282 922 his
308 862 424 941 quidem
449 866 642 940 accesserim,
671 866 718 942 qui
745 865 915 925 laudativam
939 869 1130 927 materiamld

77 951 290 1024 bonestorum,
329 946 547 1006 deliberativam
576 949 714 1024 atilium,
747 949 908 1008 iudicialem
937 953 1088 1013 iuratorum

82 1033 257 1110 quaestione
274 1033 416 1091 contineri
432 1040 547 1108 putant,
568 1032 658 1091 celeri
679 1034 770 1109 magis
792 1050 826 1092 ac
840 1035 963 1094 rotunda
985 1036 1029 1094 usi
1046 1033 1086 1094 di·

78 1116 254 1176 stributione
270 1135 353 1194 quarn
368 1133 448 1174 vera.
479 1116 560 1174 Stant
575 1117 649 1174 enim
665 1117 876 1193 quodammodo
890 1120 993 1178 mutuis
1008 1120 1086 1177 auxi·

79 1201 127 1259 liis
153 1202 256 1259 omnia.
293 1199 364 1259 Nam
387 1209 415 1258 et
437 1201 465 1256 in
488 1197 572 1258 laude
590 1201 697 1258 iustitia
715 1200 882 1277 utilitasque
902 1210 1042 1261 tractatur
1058 1211 1087 1261 et

79 1287 108 1343 in
131 1284 261 1344 consiliis
287 1284 441 1357 honestas,
466 1292 494 1341 et
514 1300 581 1341 raro
603 1283 766 1343 iudicialem
790 1285 935 1344 inveneris
959 1302 1085 1361 causam,

79 1371 108 1428 in
126 1370 208 1428 cuius
230 1385 287 1427 non
309 1378 391 1447 parte
414 1367 521 1443 aliquid
541 1383 660 1443 eorum,
682 1385 756 1444 quae
777 1370 1019 1446 supradiximus,
1040 1386 1086 1429 re·

77 1455 219 1532 periatur.

199 1604 314 1665 QUIBUS
335 1604 568 1655 CONTINEATUR
587 1604 687 1656 ortn'ts
704 1606 805 1656 anuto
825 1607 967 1661 DlGENDl.

164 1703 201 1762 V.
238 1702 335 1762 Omnis
352 1713 445 1762 autem
463 1705 555 1762 oratio
575 1712 689 1762 constat
706 1713 753 1764 aut
770 1722 807 1763 ex
824 1702 885 1779 bis,
905 1722 981 1782 quae
998 1707 1086 1783 signi·

81 1790 220 1862 licentur,
244 1796 292 1846 aut
309 1786 413 1862 ethis,
433 1804 508 1864 quae
524 1787 702 1863 significant,
724 1787 752 1846 id
768 1796 813 1846 est
834 1787 942 1846 rebus
960 1797 989 1847 et
1003 1806 1086 1848 ver·

79 1873 146 1932 bis.
188 1870 324 1930 Facultas
342 1871 441 1930 orandi
459 1881 671 1930 consummatur
690 1880 837 1944 natura,
861 1879 955 1946 arte,
980 1890 1086 1932 exer·

80 1957 277 2030 citatione,
296 1956 341 2013 oui
357 1964 467 2033 partem
480 1964 608 2032 quartam
624 1955 759 2014 adiiciunt
774 1953 887 2032 quidam
899 1956 1085 2033 imitationis,

79 2058 166 2119 quam
187 2056 241 2098 nos
266 2040 318 2098 arti
342 2038 517 2097 subiicimus.
554 2039 620 2098 Tria
643 2049 707 2098 sunt
730 2041 814 2113 item,
838 2055 912 2116 quae
933 2048 1110 2117 praestaret

79 2125 188 2185 debeat
204 2132 313 2197 orator,
330 2132 360 2180 ut
376 2122 523 2197 doceat,
540 2133 697 2199 moveat,
715 2122 889 2183 delectet.
919 2121 1000 2183 llaec
1013 2126 1087 2184 euim

80 2209 191 2268 clarior
213 2207 315 2266 divisio
340 2224 423 2284 quam
448 2223 563 2281 eorum,
594 2209 641 2285 qui
666 2216 757 2267 totum
781 2223 854 2285 opus
879 2207 907 2265 in
933 2227 985 2269 res
1007 2218 1035 2268 et
1059 2210 1087 2268 in

78 2293 211 2375 affectas
227 2292 397 2368 partiuntur.
436 2290 501 2350 Non
520 2308 636 2369 semper
651 2301 744 2351 autem
762 2292 854 2350 omnia
869 2293 898 2350 in
914 2308 994 2368 eam,
1012 2311 1086 2371 quae

78 2375 268 2450 tractabitur,
288 2376 434 2433 materiam
454 2373 567 2433 cadent.
601 2371 692 2433 Erunt
708 2377 782 2433 enim
799 2374 939 2453 quaedam
956 2386 1086 2437 remotae

78 2459 115 2520 ab
134 2458 304 2533 affectibus,
328 2461 376 2537 qui
392 2467 423 2516 ut
439 2474 496 2516 non
514 2456 622 2534 ubique
641 2457 747 2517 habent
763 2456 875 2534 locum,
898 2459 937 2516 ita
957 2475 1086 2536 quocun-

79 2562 138 2622 que
155 2545 329 2621 irruperunt,
346 2542 498 2620 plurimum
514 2540 620 2600 valent.
645 2540 901 2600 Praestantissimis
918 2542 1112 2610 auctoribusa

78 2628 197 2708 placet,
215 2626 271 2686 alia
288 2628 315 2684 in
331 2626 478 2686 rhetorice
496 2643 580 2700 esse,
602 2643 675 2703 quae
691 2623 891 2704 probationem
908 2624 1086 2702 desiderent,

77 2713 136 2773 alia
155 2727 230 2790 quae
246 2727 304 2769 non
320 2710 505 2785 desiderent,
529 2727 592 2768 cum
608 2710 712 2788 quibus
732 2710 799 2787 ipse
818 2709 979 2767 consentio.
1018 2707 1086 2781 Qui·

79 2798 144 2857 dam
167 2812 256 2870 vero,
279 2802 309 2853 ut
334 2792 456 2869 Celsus,
478 2794 513 2854 de
535 2793 613 2853 nulla
636 2812 668 2853 re
690 2794 830 2853 dicturum
850 2800 1012 2868 oratorem,
1033 2793 1087 2852 nisi

78 2881 115 2941 de
133 2897 190 2957 qua
206 2888 378 2956 quaeratur,
401 2879 580 2954 existimant,
599 2880 723 2938 cuicum
738 2877 859 2936 maxima
874 2893 943 2953 pars
961 2877 1086 2954 scripto·

79 2981 143 3024 rum
167 2971 311 3041 repugnat
335 2965 498 3022 tumetium
526 2964 588 3041 ipsa
614 2963 746 3041 partitio;
775 2961 829 3019 uisi
856 2959 933 3019 forte
955 2959 1085 3037 laudare,

79 3065 157 3125 quae
175 3055 290 3106 constet
309 3063 377 3105 esse
389 3045 529 3121 honesta,
552 3055 581 3105 et
598 3049 780 3124 vituperare,
803 3061 877 3122 quae
893 3060 931 3101 ex
948 3043 1085 3104 confesso

77 3134 138 3190 sint
154 3132 265 3208 turpia,
289 3138 408 3191 nonest
426 3132 549 3190 oratoris
567 3131 703 3190 cilicium.

167 3213 241 3274 lllud
259 3217 313 3274 iam
330 3232 429 3275 omues
446 3215 586 3289 latentur,
611 3232 678 3272 esse
694 3214 881 3291 quaestiones
898 3212 926 3271 in
942 3216 1112 3293 scriptol

80 3308 111 3358 et
133 3300 162 3376 in
183 3316 254 3359 non
276 3301 437 3378 scripto;
460 3300 488 3357 in
509 3299 619 3376 scripto
641 3297 677 3357 de
696 3300 773 3372 iure,
794 3297 823 3354 in
843 3312 901 3355 non
920 3299 1031 3376 scripto
1049 3299 1086 3359 de

78 3402 123 3443 re.
150 3382 226 3443 lllud
242 3385 397 3445 rationale
413 3383 470 3443 hoc
486 3383 584 3460 deputa
598 3399 690 3459 genus
706 3379 901 3461 Hermagoras
917 3390 1005 3460 atque
1022 3400 1087 3442 eum

121 3488 153 3525 m.
166 3489 191 3526 r.
205 3488 317 3535 ocrnrrn.
