2566 4026
154 151 216 212 274
465 162 501 209 u.
523 160 601 208 nas.
623 161 844 220 aarunrnmnr

154 319 255 396 batur,
271 314 354 398 Aac,
373 315 481 395 inquit,
504 317 625 395 aliquid
640 323 669 378 et
682 316 730 377 rei
742 316 887 395 publicae
902 335 1001 379 cansa
1015 317 1166 389 elabamur

156 419 272 482 quaque
288 399 393 462 Cicero
411 400 489 478 lusit,
507 419 581 476 cum,
596 399 703 460 Vatinii
714 409 807 460 morte
819 400 956 477 nuntiata,
970 401 1052 461 onius
1063 419 1166 480 parum

114 496 148 553 69
158 495 255 547 certus
272 483 423 546 dicebatur
440 494 552 560 auctor,
568 483 707 562 Interim,
723 485 824 563 inquit,
840 502 939 545 asara
955 485 1058 564 fruar.
1085 484 1166 547 ldem

156 588 211 650 per
233 568 453 647 allegorian
475 567 513 629 bl.
535 566 682 645 (laelium,
707 568 811 628 melius
834 567 1020 629 obiicientem
1047 570 1165 630 crimina

156 673 241 734 quam
255 652 473 730 defendentem,
497 651 616 715 Bonam
631 655 790 730 dostram,
805 653 919 713 mamm
932 654 1090 715 sinistram
1110 654 1165 716 lta·

155 736 373 801 benedicebat.
410 736 580 816 Emphasi
603 734 638 795 h.
662 735 773 797 Tullius
795 736 881 814 dixit,
903 737 1071 815 ferramin
1088 735 1165 799 Tac·

114 824 238 887 ionium
252 822 409 884 incidisse.
441 819 565 898 Figurae
580 838 697 900 qnoque
716 821 834 897 mentis,
857 838 932 900 quae
954 812 1087 901 σχήματα
1100 823 1161 884 δια·

156 905 240 981 volup
254 906 403 981 dicuntur,
429 923 478 965 res
499 904 600 965 eadem
622 905 727 984 recipit
749 922 865 981 omnes,
888 907 917 964 in
939 922 1010 983 quas
1034 904 1166 966 nonnulli

157 990 317 1051 diviserunt
332 991 450 1068 species
471 989 623 1050 dictorum.
653 987 725 1050 Nam
746 998 775 1050 et
796 991 1007 1067 interrogamus
1037 999 1066 1050 et
1083 988 1165 1050 dubi-

156 1084 249 1135 tamus
266 1082 294 1133 et
310 1073 484 1134 aidrmamus
500 1082 530 1134 et
544 1074 683 1133 minamur
707 1083 736 1134 et
752 1082 895 1152 optamus,
912 1073 1054 1151 quaedam
1069 1083 1100 1134 ut
1113 1074 1165 1134 mi·

157 1167 303 1235 sarantes,
317 1157 458 1236 quaedam
482 1159 688 1218 ut-irascentes
705 1158 836 1219 dicimus.
865 1155 1028 1218 Ridiculum
1050 1167 1096 1217 est
1116 1176 1163 1218 au·

116 1250 215 1307 'tltem
230 1258 332 1318 omne,
348 1241 426 1321 quod
444 1250 546 1322 aperte
561 1242 688 1320 lingitur.
718 1241 811 1303 Stulta
826 1240 1045 1320 reprehendere
1060 1240 1165 1303 facilli·

157 1344 232 1386 mum
249 1334 312 1402 est,
335 1344 400 1386 narn
423 1344 478 1406 per
498 1344 530 1386 se
555 1335 619 1386 sunt
640 1325 776 1395 ridionla;
799 1325 852 1386 sed
867 1343 928 1385 rem
943 1324 1080 1385 urbanam
1095 1326 1166 1386 iacit

157 1411 254 1490 aliqua
271 1427 308 1469 ex
322 1409 407 1470 nobis
423 1411 559 1471 adiectio.
597 1409 692 1471 Stulte
709 1412 942 1488 interrogaverat
957 1419 1113 1470 exeuntem
1129 1409 1166 1471 de

157 1494 272 1555 theatro
300 1491 484 1572 Carpathium
509 1493 600 1555 Titius
623 1493 778 1570 Maximus,
810 1512 845 1554 an
877 1490 1064 1573 spectasset?
1094 1494 1167 1554 iecit

159 1575 331 1656 Carpathius
349 1577 557 1640 dubitationem
579 1579 640 1637 eius
664 1577 826 1638 stultiorem
839 1577 980 1655 dicendo,
1003 1576 1087 1656 Non,
1108 1578 1167 1640 sed

158 1664 190 1722 in
204 1661 365 1723 orchestra
374 1663 445 1741 pila
460 1662 528 1724 insi

118 1754 151 1810 tt
243 1744 439 1805 Reiutatio
464 1764 527 1807 cnm
548 1748 585 1804 sit
606 1747 634 1804 in
653 1747 805 1823 negando,
823 1746 1046 1824 redarguendo,
1064 1744 1164 1805 deien-

160 1828 272 1904 dendo,
301 1828 460 1890 elevando:
487 1829 609 1890 ridicule
635 1830 787 1907 negavit
813 1827 923 1889 blanius
944 1827 1064 1897 Gurius3
1088 1844 1164 1906 narn,

162 1931 226 1972 curn
244 1913 307 1972 eius
323 1923 478 1974 accusator
500 1915 528 1972 in
541 1915 660 1991 sipario
678 1913 808 1972 omnibus
825 1913 899 1973 locis
916 1923 963 1972 ant
978 1913 1083 1974 nudum
1100 1930 1164 1972 eunr

160 1998 189 2055 in
204 2013 294 2056 nervo
313 2006 361 2056 aut
382 1997 417 2057 ab
440 1998 537 2057 amicis
559 1997 739 2076 redemptum
763 2015 800 2057 ex
821 1997 886 2057 alea
903 1998 1062 2076 pinxisset:
1079 1993 1165 2077 Ergo

118 2089 226 2159 tteao,
241 2081 343 2157 inquit,
359 2099 514 2158 nunqnam
531 2082 612 2142 eici?
631 2080 898 2159 Redarguimus
920 2083 1032 2140 interim
1048 2089 1163 2159 aperte,

160 2172 191 2223 ut
206 2160 313 2224 Oicero
329 2162 443 2223 Vibium
460 2161 576 2224 Gurium
594 2164 711 2225 multum
732 2164 769 2224 de
785 2166 864 2224 annis
881 2166 983 2224 aetatis
1000 2181 1070 2223 suae
1084 2181 1164 2223 men·

160 2247 297 2323 tientem,
316 2245 390 2309 Tam
404 2267 495 2327 ergo,
513 2268 581 2310 cnm
595 2266 659 2310 aaa
674 2250 933 2325 declamadamns,
947 2267 1008 2310 non
1022 2265 1096 2310 eras
1109 2264 1165 2311 na·

162 2339 229 2403 τως
244 2332 357 2392 interim
372 2341 400 2393 et
416 2331 546 2392 simulata
558 2335 739 2407 assensione,
755 2340 786 2391 ut
800 2332 875 2392 idem
887 2331 976 2395 Fabia
988 2328 1165 2392 Dolabellae

163 2415 294 2493 dicente,
316 2417 432 2495 triginta
451 2435 484 2476 se
501 2432 592 2477 annos
608 2415 735 2492 hahere,
757 2413 943 2492 Veronam,
963 2415 1069 2494 inquit3
1092 2433 1164 2476 nam

119 2499 220 2562 tahon
234 2501 320 2561 illam
340 2502 448 2580 viginti
465 2502 556 2562 annis
577 2502 683 2563 audio.
714 2498 798 2560 Relle
810 2500 923 2559 interim
945 2499 1094 2560 subiicitur
1109 2514 1164 2578 pro

164 2600 212 2659 eo,
230 2584 309 2662 quod
323 2602 426 2663 neges,
443 2584 519 2645 aliud
534 2585 712 2645 mordacius:
728 2591 759 2643 ut
774 2583 870 2644 lunius
887 2581 1004 2659 Bassus,
1022 2590 1165 2662 querente

162 2666 287 2728 Domitia
307 2668 452 2743 Passieni,
483 2669 561 2746 quod
584 2671 719 2728 incusans
749 2670 811 2727 eius
833 2667 937 2728 sordes
958 2667 1077 2728 calceos
1100 2682 1165 2727 earn

162 2759 281 2810 veteres
308 2751 420 2814 diceret
444 2753 574 2812 vendere
604 2753 718 2830 solere,
747 2750 815 2813 Non
835 2753 1041 2829 mehercules,
1062 2752 1163 2830 inquit,

163 2833 221 2896 hoc
234 2850 370 2912 ananam
384 2837 470 2906 dinis
490 2839 547 2898 sed
562 2839 645 2916 dini,
661 2856 762 2900 emere
776 2845 805 2898 te
818 2837 926 2898 solere.
960 2834 1009 2896 De
1018 2836 1117 2895 lensi
1125 2850 1164 2894 o·

163 2936 241 2978 nem
261 2920 385 2979 imitatus
408 2931 453 2981 est
475 2939 565 3000 eques
586 2920 747 2999 Romanus,
777 2921 825 3000 qui
850 2920 995 2980 obiicienti
1017 2917 1164 2996 Angusto,

122 3002 240 3080 itquod
256 3005 455 3082 patrimonium
471 3006 663 3083 comedisset,
679 3003 797 3083 Meam,
813 3006 914 3083 inquit,
929 3005 1049 3084 patavi.
1078 3001 1164 3062 Ille·

164 3087 275 3147 vandi
291 3089 366 3148 ratio
381 3099 426 3150 est
441 3089 560 3169 duplex,
581 3098 611 3148 ut
631 3098 678 3151 aut
692 3088 896 3150 verecundiam
913 3091 977 3166 quis
994 3094 1041 3147 aut
1055 3088 1164 3146 iactan-

164 3172 232 3229 tiam
245 3172 369 3233 minuat:
391 3173 628 3252 quemadmodum
644 3171 675 3233 G.
695 3171 805 3233 Caesar
816 3172 975 3250 Pomponio
998 3169 1165 3230 ostendenti

92 3247 95 3257 “
165 3251 268 3313 vulnus
283 3272 335 3315 ore
350 3266 505 3336 exceptum
522 3258 550 3314 in
565 3255 708 3316 seditione
726 3256 901 3335 Sulpiciana,
914 3255 992 3334 qnod
1007 3257 1032 3314 is
1048 3272 1082 3315 se
1096 3270 1164 3334 pas·

165 3353 296 3423 sumlpro
313 3337 440 3401 Gaesare
457 3349 632 3420 pugnantem
652 3340 845 3416 gloriabatur,
863 3338 1028 3418 Nunquam
1040 3339 1164 3419 sapiens

165 3425 351 3501 respexeris,
367 3425 470 3504 inquit:
488 3432 536 3484 ant
550 3424 657 3483 crimen
673 3423 828 3500 obiectum,
843 3431 875 3483 nt
887 3421 992 3485 cicero
1009 3422 1163 3504 obiurgan-
