2566 4026
399 190 488 238 mss.
507 189 656 239 aaaron.
675 191 743 237 ms.
759 191 813 256 xl,
831 190 855 240 1.
1070 179 1130 240 199

118 364 195 428 quos
212 349 359 406 orationes
376 346 462 404 etiam
478 347 647 422 scripserat,
664 362 765 403 verum
780 352 810 402 et
827 346 901 403 iusta
917 346 959 404 sic
976 345 1128 408 faciendo:

119 448 177 491 non
192 449 224 490 se
240 431 276 490 de
294 431 401 506 ingenii
417 429 492 488 fama
504 431 557 490 sed
573 429 610 488 de
626 428 682 488 lide
700 446 768 487 esse
783 427 949 487 sollicitum.
975 428 1171 499 Difficiliortt

120 518 147 575 ei
162 517 235 574 ratio
248 517 277 573 in
299 515 405 573 iudicio
423 510 595 573 Cluentiano
612 513 681 588 fuit,
706 531 768 571 cum
784 512 988 573 Scamandrum
1004 530 1128 575 necesse

119 600 241 660 haberet
256 600 356 659 dicero
372 607 536 674 nocentem,
553 600 633 657 cuius
652 605 755 673 egerat
770 614 895 656 causam.
934 595 1043 655 Verum
1057 598 1129 657 illud

120 684 336 760 elegantissime
359 701 422 741 cum
446 699 560 758 eorum,
587 680 727 760 aquibus
748 681 784 741 ad
805 699 838 739 se
859 680 1016 758 perductus
1037 691 1127 757 esset,

119 767 256 846 precibus
283 776 341 826 tum
369 768 454 826 etiam
482 767 681 827 adolescentia
705 781 757 824 sua
784 773 917 832 excusat;
946 764 1127 824 detracturus

117 852 226 928 alioqui
239 851 390 929 plurimum
402 852 591 927 auctoritatis,
604 852 639 926 si,
656 851 684 909 in
696 867 783 909 causa
795 849 966 927 praesertim
979 858 1126 927 suspecta,

117 954 150 994 se
168 954 232 994 eum
249 953 333 1010 esse,
351 936 400 1013 qui
417 944 526 996 temere
544 944 685 995 nocentes
700 950 769 994 reos
784 935 958 1012 susciperet,
977 933 1126 993 fateretur.

203 1019 290 1097 Apud
310 1019 434 1078 iudicem
455 1036 545 1095 vero,
569 1021 617 1097 qui
637 1027 685 1079 aut
709 1018 765 1077 erit
784 1019 914 1078 inimicus
938 1026 986 1077 aut
1007 1027 1169 1096 propterte

116 1103 234 1182 aliquod
251 1104 431 1163 commodum
447 1122 463 1163 a
480 1122 577 1179 causa,
594 1121 679 1182 quam
693 1120 747 1163 nos
761 1103 987 1181 susceperimus,
1004 1102 1126 1178 alienus,

116 1197 146 1246 ut
163 1188 357 1264 persuadendi
373 1188 461 1247 ardua
477 1189 550 1248 ratio
567 1189 605 1247 ita
621 1187 735 1248 dicendi
751 1187 976 1265 expeditissima.
1008 1184 1127 1246 Fiducia

117 1273 193 1330 enim
208 1273 335 1332 iustitiae
353 1273 415 1331 eius
434 1281 463 1331 et
480 1281 599 1331 nostrae
615 1289 721 1331 causae
737 1270 807 1329 nihil
822 1288 875 1330 nos
893 1271 995 1329 timere
1011 1269 1126 1329 simula·

116 1354 218 1414 bimus.
249 1355 317 1433 lpse
336 1358 391 1416 erit
404 1356 499 1433 gloria
514 1356 671 1431 inllandus,
690 1363 720 1414 ut
735 1363 814 1415 tanto
832 1355 938 1414 clarior
954 1355 1016 1413 eius
1032 1354 1126 1413 lutura

116 1441 153 1497 sit
171 1439 243 1499 fides
261 1458 295 1499 ac
311 1441 416 1517 religio
432 1443 460 1498 in
481 1439 707 1519 pronuntiando,
734 1447 840 1516 quanto
861 1439 952 1497 minus
971 1437 1019 1497 vel
1035 1437 1125 1496 offen·

116 1541 167 1583 sae
184 1523 234 1583 vel
249 1525 364 1584 utilitati
385 1542 455 1583 suae
477 1524 637 1584 indulserit.
670 1523 735 1582 Hoc
752 1532 781 1582 et
803 1524 878 1601 apud
901 1538 968 1598 eos,
990 1521 1125 1600 aquibus
1134 1535 1168 1591 76

116 1608 295 1684 appellatum
317 1610 388 1683 erit,
413 1610 438 1667 si
461 1608 538 1668 lorte
559 1610 594 1669 ad
611 1608 731 1668 eosdem
748 1608 938 1674 remittemur;
965 1605 1125 1666 adiicienda
1231 1666 1234 1673 ,

116 1692 189 1750 ratio
202 1692 251 1750 vel
266 1694 450 1752 necessitatis
465 1692 596 1769 alicuius,
613 1693 638 1751 si
653 1692 681 1751 id
694 1709 781 1751 causa
794 1690 937 1765 concedit,
953 1690 1003 1749 vel
1017 1691 1125 1748 erroris

116 1776 164 1834 vel
183 1778 368 1854 suspicionis.
405 1776 589 1837 Tutissimum
615 1793 687 1854 ergo
709 1777 905 1854 poenitentiae
931 1774 1079 1834 consessio
1096 1783 1125 1832 et

115 1860 276 1920 satisfactio
293 1862 413 1941 culpae,
436 1861 697 1940 perducendusque
712 1862 787 1921 omni
803 1861 889 1920 modo
906 1859 993 1919 iudex
1010 1858 1044 1917 ad
1062 1860 1123 1917 irae

114 1944 265 2023 pudorem.
295 1945 412 2005 Accidit
430 1948 515 2006 etiam
536 1963 737 2024 nonnunquam
756 1944 858 2005 eadem
881 1962 984 2018 causa,
1007 1941 1044 2002 de
1067 1961 1123 2020 qua
1132 1956 1165 2012 77

115 2030 307 2104 pronuntiarit
333 2039 552 2108 cognoscantque
573 2032 684 2090 iterum.
719 2029 789 2089 Tum
816 2028 887 2087 illud
909 2027 1024 2104 quidem
1046 2043 1122 2085 com-

114 2127 215 2168 mune:
232 2110 308 2187 apud
324 2112 410 2171 alium
425 2129 478 2171 nos
493 2114 616 2173 iudicem
631 2114 827 2190 disputaturos
840 2112 876 2171 dc
888 2111 965 2170 illius
981 2113 1122 2170 sententia

116 2209 173 2251 non
190 2193 294 2269 fuisse,
310 2212 406 2271 neque
423 2197 497 2254 enim
513 2195 659 2255 emendari
673 2195 709 2254 ah
725 2196 783 2254 alio
798 2213 883 2272 quarn
898 2196 963 2271 ipso
980 2195 1023 2254 fas
1040 2212 1120 2259 esse;

116 2286 246 2336 ceterum
261 2295 298 2336 ex
315 2295 418 2353 causa,
441 2288 471 2338 ut
486 2296 620 2355 quaeque
635 2280 796 2356 permittet:
826 2286 873 2337 aut
888 2278 1018 2353 ignorata
1034 2295 1122 2354 quae·

116 2362 179 2420 dam
204 2370 252 2420 aut
278 2361 408 2421 defuisse
430 2371 522 2421 testes
549 2371 598 2421 aut
621 2362 715 2440 (quod
740 2362 917 2421 timidissime
938 2369 982 2434 et,
1007 2361 1031 2417 si
1053 2359 1122 2419 nihil

115 2445 192 2505 aliud
214 2446 300 2523 plane
323 2446 428 2522 fuerit,
456 2446 608 2506 dicendum
632 2447 692 2525 est)
715 2454 854 2524 patronos
877 2461 935 2502 non
957 2443 1120 2518 suffecisse,

114 2539 277 2589 succurret.
305 2529 409 2607 Etiam,
426 2532 451 2590 si
467 2531 542 2610 apud
558 2531 631 2590 alios
646 2530 757 2591 iudices
775 2538 892 2606 agetur,
908 2537 939 2586 ut
954 2528 983 2586 in
997 2527 1164 2593 secundats

114 2617 278 2675 assertione
308 2625 355 2674 aut
381 2618 409 2675 in
437 2615 689 2676 centumviralibus
715 2614 826 2674 iudiciis
851 2611 1013 2691 duplicibus
1040 2620 1122 2689 parte
1163 2682 1167 2689 .

113 2699 207 2773 victa,
235 2700 384 2759 decentius
406 2701 476 2775 erit,
502 2702 636 2780 quotiens
660 2699 829 2776 contigerit,
857 2714 977 2757 servare
998 2695 1122 2754 iudicum

114 2782 269 2858 pudorem;
288 2784 324 2842 de
340 2802 396 2862 qua
411 2803 443 2843 re
459 2785 544 2845 latius
559 2784 760 2862 probationum
776 2783 844 2843 loco
861 2783 966 2842 dictum
982 2788 1036 2839 est.

199 2865 299 2926 Potest
315 2871 448 2944 evenire,
464 2870 538 2928 utin
553 2868 616 2928 aliis
634 2866 876 2947 reprehendenda
891 2866 958 2940 sint,
977 2881 1052 2943 quae
1067 2864 1122 2941 ipsi

113 2949 286 3026 fecerimus,
308 2960 339 3010 ut
360 2952 460 3012 obiicit
475 2952 591 3012 Tubero
607 2952 740 3029 Ligario,
762 2952 840 3031 quod
861 2953 890 3009 in
907 2948 1007 3009 Africa
1025 2949 1120 3007 fuerit.

113 3032 151 3092 Et
177 3034 298 3094 ambitus
326 3037 441 3113 quidam
465 3036 588 3097 damnati
616 3037 833 3115 recuperandae
860 3035 1004 3111 dignitatis
1030 3033 1164 3108 gratia79

113 3133 182 3174 reos
205 3118 334 3178 eiusdem
358 3122 483 3179 criminis
505 3120 685 3197 detulerunt,
705 3130 736 3181 ut
755 3123 784 3179 in
798 3119 908 3180 scholis
931 3117 1122 3176 luxuriantem

114 3207 225 3276 patrem
241 3201 405 3262 luxuriosus
420 3206 484 3283 ipse
500 3206 611 3265 iuvenis
626 3215 753 3266 accusat.
780 3204 812 3265 ld
824 3202 969 3282 quomodo
982 3202 1122 3261 decenter

114 3282 177 3341 fieri
194 3287 297 3360 possit,
315 3288 448 3364 equidem
464 3306 520 3349 nou
534 3291 661 3366 invenio,
676 3292 731 3350 nisi
745 3290 853 3370 aliquid
868 3288 1024 3365 reperitur,
1043 3283 1120 3365 quod

114 3367 242 3444 intersit,
262 3387 403 3448 persona,
424 3383 521 3449 aetas,
537 3383 666 3454 tempus,
683 3392 787 3450 causa,
805 3374 899 3449 locus,
915 3373 1032 3431 animus.
1066 3369 1164 3432 Τπ-80

114 3448 201 3529 bero,
226 3454 359 3515 iuvenem
374 3475 407 3518 se
423 3460 498 3537 patri
512 3458 662 3538 haesisse,
686 3459 765 3521 illum
782 3476 799 3519 a
814 3466 915 3518 senatu
930 3458 1048 3517 missum
1062 3471 1121 3515 non
