2566 4026
155 303 160 316 ·
219 279 260 340 42
536 289 904 350 n.rnrs.ournr1umn1

219 445 334 507 actione
349 442 531 520 recitandae,
548 441 623 522 quae
639 444 843 503 reservandae.
881 444 961 505 llaec
975 455 1022 506 est
1034 446 1117 506 velut
1131 447 1219 526 impo-

219 530 325 590 ratoria
339 531 430 588 virtus
446 527 546 606 copias
562 545 629 586 suas
644 528 794 606 partientis
810 528 846 588 ad
862 547 946 588 casus
959 529 1155 607 proeliorum,
1175 547 1220 590 re·

219 613 335 674 tinentis
350 621 449 690 partes
465 628 519 690 per
532 610 655 671 castella
665 610 770 671 tuenda
786 613 1028 673 custodiendasve
1043 613 1150 689 urbes,
1171 630 1221 692 pe·

218 697 323 757 tendos
339 704 530 771 commeatus,
551 693 709 755 obsidenda
724 697 842 770 itinera,
861 697 932 755 mari
949 697 1074 775 denique
1092 714 1127 759 ac
1144 705 1221 758 terra

177 779 382 844 ltdiridentis.
421 779 480 839 Sed
502 778 576 838 baec
597 780 625 837 in
645 780 777 839 oratione
797 778 973 856 praestabit,
1001 782 1047 840 cui
1070 782 1164 841 omnia
1180 780 1221 840 ai-

219 865 340 939 fuerint,
367 871 483 938 natura,
504 861 651 938 doctrina,
679 862 812 922 studium.
843 862 940 936 Quare
962 881 1047 924 nemo
1072 872 1221 943 expectet,

218 957 249 1008 ut
265 948 360 1008 alieno
375 955 482 1006 tantum
497 945 599 1005 labore
615 947 653 1005 sit
670 946 805 1006 disertus.
832 945 1031 1024 vigilandum,
1054 947 1222 1023 durandum,

219 1031 398 1106 enitendum,
429 1029 595 1108 pallendum
625 1038 688 1105 est,
715 1029 847 1090 iacienda
872 1048 924 1090 sua
947 1033 1051 1110 cuique
1066 1033 1128 1108 vis,
1154 1049 1222 1091 suus

218 1133 304 1191 usus,
332 1132 383 1174 sua
403 1114 493 1189 ratio,
519 1129 577 1172 non
599 1113 813 1190 respiciendum
834 1114 869 1174 ad
885 1114 1026 1175 haecsed
1044 1116 1222 1193 inpromptu

179 1208 211 1263 ιι
219 1198 369 1274 habenda,
388 1216 444 1257 nec
456 1206 589 1276 tauquam
604 1196 707 1256 tradita
723 1196 775 1256 sed
787 1205 921 1276 tanquam
936 1199 1040 1259 innata.
1082 1198 1156 1259 Nam
1176 1200 1223 1259 via

220 1283 410 1344 demonstrari
432 1289 547 1360 potest,
572 1281 715 1340 velocitas
736 1297 787 1339 sua
809 1283 928 1361 cuique;
953 1300 1054 1343 verum
1080 1301 1127 1343 ars
1153 1284 1223 1342 satis

220 1375 363 1445 praestat,
386 1367 410 1425 si
433 1365 533 1443 copias
557 1364 743 1444 eloquentiae
756 1365 837 1442 ponit
851 1367 880 1424 in
893 1365 1004 1434 medio;
1028 1376 1158 1426 nostrum
1178 1376 1223 1425 est

178 1452 258 1514 louti
275 1452 317 1510 eis
333 1451 419 1511 scire.
457 1447 560 1526 Neque
576 1449 651 1508 enim
666 1449 786 1527 partium
802 1457 847 1508 est
860 1449 973 1509 demum
984 1451 1154 1528 dispositio,
1171 1449 1223 1509 sed

219 1537 247 1595 in
262 1535 306 1595 bis
323 1534 395 1613 ipsis
413 1535 520 1612 primus
536 1531 640 1611 aliquis
655 1550 758 1591 seusus
776 1541 806 1592 et
825 1534 970 1593 secundus
988 1543 1018 1594 et
1033 1536 1153 1602 tertius;
1174 1534 1223 1612 qui

219 1635 277 1677 non
293 1617 380 1677 modo
402 1626 433 1676 ut
453 1618 510 1676 sint
527 1615 628 1675 ordine
651 1615 808 1692 collocati,
830 1616 1017 1680 laborandum
1036 1627 1097 1694 est,
1122 1618 1175 1678 sed
1192 1625 1223 1676 ut

218 1703 344 1760 interae
364 1701 452 1761 vincti
474 1708 561 1778 atque
583 1700 622 1759 ita
638 1699 846 1776 cohaerentes,
867 1719 904 1760 na
920 1703 1108 1763 commissura
1124 1701 1222 1779 perlu-

181 1787 299 1852 liceat;
328 1800 435 1861 corpus
454 1785 507 1858 sit,
533 1799 591 1841 non
611 1782 747 1843 membra.
782 1783 867 1857 Quod
888 1786 926 1845 ita
950 1788 1112 1862 continget,
1134 1786 1160 1844 si
1182 1792 1222 1860 et,

220 1867 288 1947 quid
303 1869 331 1926 in
343 1883 460 1946 quoque
473 1867 643 1942 conveniat,
660 1866 834 1944 viderimus,
859 1877 888 1933 et
901 1878 932 1929 ut
946 1869 1036 1930 verba
1051 1868 1150 1929 verbis
1171 1886 1221 1947 ap·

219 1951 378 2030 plicemus,
406 1966 464 2009 non
485 1952 640 2028 pugnantia
667 1950 720 2009 sed
745 1969 819 2030 quae
840 1953 962 2014 iuvicem
982 1952 1220 2031 complectantur.

219 2034 262 2095 lta
279 2053 327 2094 res
344 2051 401 2093 non
423 2035 557 2094 diversae
573 2033 741 2093 distantibus
757 2053 795 2094 ex
810 2035 884 2096 locis
902 2040 984 2115 quasi
999 2038 1121 2097 invicem
1140 2038 1222 2114 igno-

220 2127 267 2178 tae
281 2118 464 2194 collidentur,
471 2117 524 2177 sed
536 2118 632 2196 aliqua
644 2119 785 2178 societate
798 2138 862 2179 cum
873 2121 1017 2198 prioribus
1030 2139 1065 2182 ac
1076 2120 1222 2198 sequenti-

219 2200 273 2261 bus
294 2220 328 2262 se
343 2202 508 2282 copulaque
529 2201 683 2277 tenebunt,
710 2220 745 2264 ac
758 2203 902 2263 videbitur
918 2221 976 2263 non
993 2206 1086 2265 solnm
1103 2219 1221 2283 compo-

219 2287 273 2346 sita
295 2288 387 2347 oratio
407 2288 557 2348 sedetiam
573 2287 716 2346 continua.
755 2285 864 2346 Verum
878 2287 992 2365 longius
1010 2289 1136 2349 fortasse
1154 2303 1220 2366 pro-

217 2370 339 2448 gredior
353 2370 472 2432 fallente
487 2371 606 2430 transitu
622 2379 651 2429 et
665 2388 681 2430 a
696 2370 886 2449 dispositione
901 2372 937 2432 ad
953 2372 1126 2433 elocutionis
1137 2388 1221 2450 prae·

219 2464 306 2534 cepta
323 2455 422 2531 labor,
440 2472 515 2534 quae
531 2455 679 2532 proximus
694 2453 768 2514 liber
782 2454 937 2515 inchoabit.

576 2774 737 2839 LIBER
767 2776 862 2841 VIII.

219 2903 295 2954 Libro
320 2911 408 2954 octavo
427 2904 491 2954 baec
510 2907 681 2956 continentur:
703 2907 741 2956 De
759 2907 851 2955 virtute
870 2907 1029 2959 elocutionis.
1066 2907 1105 2956 De
1122 2906 1223 2973 perspl-

253 2972 355 3021 cuitate.
388 2973 425 3022 De
444 2981 542 3023 ornatu.
572 2975 610 3024 De
627 2976 763 3040 generibus
783 2977 972 3026 sententiarum.
1008 2975 1046 3025 De
1064 2975 1152 3039 tropis.

501 3150 544 3200 DE
563 3153 703 3203 VIRTUTE
720 3152 946 3211 ELOCUTIONIS,

320 3247 565 3339 Prooemium.
601 3280 653 3340 llis
674 3281 754 3357 lere,
778 3299 852 3360 quae
873 3283 901 3341 in
925 3283 1074 3360 proximos
1095 3282 1222 3360 quinquie

219 3357 310 3418 libros
337 3361 443 3422 collata
470 3372 553 3439 sunt,
583 3366 657 3424 ratio
684 3366 846 3426 inveniendi
872 3374 960 3443 atque
983 3367 1099 3425 inventa
1123 3365 1220 3442 dispo-

218 3443 305 3502 nendi
321 3448 492 3523 continetur,
506 3465 590 3526 quam
605 3456 636 3506 ut
651 3466 705 3525 per
717 3466 816 3509 omnes
832 3465 966 3509 numeros
981 3449 1096 3528 penitus
1112 3464 1221 3525 cogno·

217 3542 305 3586 scere
320 3528 356 3587 ad
371 3546 506 3590 summam
517 3532 657 3590 scientiae
673 3535 870 3593 necessarium
886 3542 947 3610 est,
965 3535 1004 3593 ita
1020 3532 1222 3613 incipientibus
