2566 4026
234 168 292 230 126
540 181 577 228 99.
597 180 677 227 aaa.
698 179 920 239 oumrmmmr

187 350 222 406 99
233 336 394 411 schemata,
417 336 570 413 sequentia
586 335 733 394 schemata
756 336 869 394 omnino
886 335 1237 396 nonsunt.1temlluti·

227 421 282 481 lius
298 429 416 499 praeter
434 437 479 494 ea,
497 437 571 497 quae
587 418 662 497 apud
679 419 752 478 alios
770 436 886 497 999999
901 426 968 477 9999
975 420 1236 501 ,9999999991999

227 495 408 599 ἀναγκαῖον,
430 497 610 580 ἠθοποιΐαν,
635 502 851 603 δικαιολογίαν,
875 495 1037 581 πρόληψιν,
1058 525 1237 586 χαρακτηρι-

227 579 310 666 σμὸν,
322 586 530 667 βραχυλογίαν,
542 581 778 666 nonantulanam,
794 585 971 667 modicatur,
985 586 1022 645 de
1039 587 1144 665 quibus
1160 589 1237 648 idem

227 673 303 732 dico.
337 671 409 731 Nam
426 688 478 730 eos
494 671 610 750 quidem
626 680 773 746 auctores,
791 689 839 749 qm
832 670 963 730 nullum
978 687 1076 771 99999
1089 670 1235 731 11999919-

228 765 330 816 cerum
353 754 539 834 exquirendis
562 756 741 831 nominibus,
766 754 949 833 praeteribo,
969 756 1017 832 991
1037 756 1142 831 etiam,
1160 774 1236 834 quae

228 849 293 900 sunt
313 848 558 917 argumentorum,
575 840 675 918 liguris
691 841 898 918 ascripserunt.

169 921 222 976 ¹⁰0
311 922 376 1001 ligo
395 924 465 983 illud
481 923 518 983 de
533 925 568 983 iis
587 925 688 999 etiam,
711 941 786 1002 quae
803 942 875 983 9999
891 932 972 1000 9999,
991 923 1124 984 adiiciam
1139 923 1234 983 brevi·

227 1017 288 1083 ter,
307 1009 381 1067 sicut
398 1016 502 1067 ornent
517 1010 678 1068 orationem
695 1016 860 1087 opportune
877 1009 1010 1086 positae,
1033 1009 1072 1067 ita
1088 1009 1234 1086 ineptissi-

227 1094 313 1152 simas
341 1110 427 1168 esse,
455 1110 519 1151 oum
545 1093 697 1152 immodice
713 1100 857 1170 petantur.
913 1091 1002 1166 Sunt,
1026 1093 1074 1170 991
1095 1091 1234 1169 neglecto

227 1193 322 1236 rerum
343 1176 474 1254 pondere
496 1185 525 1235 99
546 1175 655 1236 viribus
679 1177 902 1251 sententiarum,
926 1178 951 1234 si
965 1175 1015 1234 991
1035 1177 1130 1235 199919
1145 1175 1235 1236 verba

227 1261 254 1320 in
270 1260 324 1321 hos
338 1260 441 1324 modos
457 1260 667 1340 depravarunt,
684 1277 810 1320 summos
826 1278 859 1318 se
870 1259 998 1320 iudicent
1009 1259 1138 1319 artifices
1154 1261 1235 1320 ideo·

228 1363 284 1423 qne
308 1361 366 1404 999
388 1345 519 1405 desinant
541 1362 591 1404 999
613 1352 751 1420 9999999,
774 1361 845 1424 9999
868 1344 930 1402 9199
947 1342 1107 1404 9999999919
1128 1343 1235 1404 9999991

229 1439 286 1490 tam
308 1438 352 1488 est
374 1430 525 1489 ridiculum
548 1447 631 1507 quam
654 1445 798 1508 quaerere
824 1427 950 1487 habitum
968 1435 1143 1505 gestumque
1172 1429 1235 1486 sino

171 1524 218 1578 101
227 1530 364 1592 corpore.
407 1514 466 1574 Sed
488 1531 524 1572 99
546 1531 599 1573 999
621 1513 751 1591 quidem,
773 1529 846 1591 quae
861 1520 943 1571 recte
959 1511 1044 1586 fiunt,
1067 1510 1234 1571 densandae

226 1606 291 1657 sunt
313 1598 405 1656 nimis.
447 1596 518 1656 Nam
545 1605 575 1657 et
594 1596 691 1657 vultus
713 1598 831 1656 mutatio
852 1595 1061 1673 oculorumque
1083 1596 1233 1655 coniectus

225 1680 343 1739 multum
358 1683 387 1740 19
405 1690 470 1740 9999
485 1681 577 1750 valet;
601 1681 654 1739 sed
670 1682 695 1741 si
710 1683 774 1759 9919
790 1680 899 1741 ducere
917 1696 951 1739 os
967 1679 1121 1758 exquisitis
1141 1679 1233 1738 modis

227 1773 256 1823 et
271 1763 374 1823 iroutis
396 1783 432 1825 99
450 1765 585 1824 luminum
599 1765 789 1825 inconstantia
806 1765 953 1843 trepidare
968 1781 1025 1822 non
1043 1762 1158 1822 desinat
1166 1784 1179 1822 :·
1197 1763 1232 1821 91-

226 1848 337 1907 deatur.
382 1849 419 1908 lit
435 1857 534 1908 orator
548 1847 636 1909 habet
650 1857 758 1908 rectam
772 1850 913 1927 quandam
927 1847 1007 1906 99199
1023 1846 1139 1922 faciem,
1160 1862 1233 1925 9999

226 1941 257 1991 99
281 1941 400 2010 9999999
420 1933 558 1992 immobili
579 1934 678 2011 rigore
704 1949 761 1991 non
777 1932 913 2008 debebit,
942 1933 981 1992 ita
1001 1932 1119 2009 saepius
1137 1932 1167 1989 in
1189 1947 1232 2004 ea,

172 2024 311 2094 10999999
333 2026 433 2077 999999
451 2016 546 2092 dedit,
573 2018 675 2096 specie
693 2018 864 2077 continenda
885 2024 940 2075 est
982 2014 1139 2075 Sciendum
1162 2029 1233 2073 9999

227 2103 256 2160 19
270 2101 387 2178 primis,
409 2100 478 2180 quid
495 2102 620 2180 quisque
642 2104 670 2161 iu
686 2101 795 2162 orando
811 2100 942 2179 postulet
956 2099 1058 2175 locus,
1083 2098 1152 2176 quid
1168 2115 1233 2177 999·

229 2201 316 2261 9999,
335 2186 401 2264 quid
417 2195 540 2264 tempus.
569 2184 661 2246 Maior
680 2188 754 2245 enim
769 2204 837 2264 pars
853 2185 951 2244 harum
968 2183 1124 2260 figurarum
1139 2182 1233 2260 posita

229 2278 274 2329 est
298 2272 326 2329 in
350 2270 555 2330 delectatione.
593 2269 649 2330 Ubi
671 2287 743 2330 vero
771 2271 941 2343 atrocitate,
964 2267 1087 2342 invidia,
1116 2267 1233 2326 misera-

228 2357 307 2414 tione
330 2355 513 2434 pugnandum
531 2363 591 2415 est:
618 2356 681 2433 9919
697 2356 771 2414 19999
787 2353 992 2431 contrapositis
1010 2360 1038 2410 et
1059 2353 1171 2429 pariter
1188 2368 1233 2410 99·

229 2438 361 2499 dentibus
378 2449 407 2499 et
419 2439 615 2499 consimilibus
628 2441 818 2514 irascentem,
834 2437 967 2513 flentem,
980 2431 1153 2513 rogantem?
1172 2451 1233 2494 cum

230 2523 317 2582 191919
334 2523 422 2583 rebus
440 2541 507 2584 cura
526 2524 683 2583 verborum
698 2523 823 2599 deroget
838 2520 990 2581 affectibus
1010 2519 1110 2595 iidem,
1130 2527 1160 2577 et
1174 2517 1233 2578 ubi·

230 2624 343 2685 999999
359 2626 406 2668 999
423 2616 599 2684 9999999999,
618 2608 726 2667 9991999
741 2607 847 2666 abesse
864 2606 1005 2667 videatur„

579 2760 622 2810 Da
641 2757 885 2810 COMPOSlTlONE.

313 2857 362 2918 lV.
385 2857 431 2917 De
455 2860 729 2959 compositione
751 2874 809 2917 non
825 2857 958 2935 equidem
973 2861 1040 2933 post
1054 2852 1094 2912 ll.
1111 2851 1234 2912 Tullium

229 2940 360 3002 scribere
379 2941 531 3018 auderem,
552 2942 623 3043 (991
643 2944 745 3002 999919
763 2961 798 3002 99
817 2941 876 3001 9119
895 2958 963 3019 9999
981 2938 1081 3016 999919
1096 2937 1180 2997 199199
1198 2936 1234 2994 919

228 3026 319 3126 magis
336 3025 506 3105 elaborata)
531 3027 585 3085 nisi
602 3033 631 3086 et
651 3026 780 3087 eiusdem
798 3026 901 3085 aetatis
916 3023 1047 3082 homines
1063 3021 1181 3099 scriptis
1200 3017 1233 3079 ad

228 3111 321 3188 ipsum
344 3113 429 3171 etiam
454 3111 557 3171 litteris
577 3109 795 3189 reprehendere
820 3108 848 3168 id
869 3107 1034 3168 collocandi
1055 3123 1151 3182 genus
1174 3102 1234 3163 ausi

229 3193 367 3271 19199999,
387 3203 416 3254 99
431 3202 499 3273 9999
514 3212 578 3254 eum
594 3195 693 3273 plures
708 3194 796 3255 muita
811 3193 846 3254 ad
869 3191 990 3252 eandem
1009 3208 1072 3249 rem
1089 3191 1233 3268 pertinen·

202 3278 265 3337 9919
280 3280 436 3339 memoriae
455 3279 650 3341 tradidissent.
685 3278 796 3357 ’ltaque
819 3276 980 3337 accedam'
972 3294 1000 3334 m
1020 3274 1174 3353 plerisque
1189 3271 1232 3332 oi-

231 3364 329 3421 999991
338 3365 503 3440 ,'atquem
519 3365 554 3422 119
571 3379 641 3438 999,
666 3380 740 3440 9999
763 3361 919 3422 indubitata
938 3368 1022 3435 sunt,
1048 3357 1215 3433 brevior,
1207 3371 1233 3414 m

231 3444 399 3524 quibusdam
429 3447 546 3526 paulum
573 3447 698 3506 fortasse
731 3446 906 3505 dissentiam.
954 3404 1026 3503 Naul
1056 3443 1144 3502 etiam
1173 3455 1233 3500 cum
