2566 4026
360 169 614 220 unsuonnnon.
631 169 797 238 n1n.v1,a.
1021 159 1082 223 279

82 325 135 387 sed
148 327 238 384 risum
253 334 348 385 tomen
363 343 421 385 non
437 323 553 385 hahent.
589 323 692 403 Neque
714 327 788 386 enim
804 327 831 385 ei
847 327 884 387 de
900 329 959 388 risu
975 329 1027 388 sed
1047 328 1140 402 de103

83 407 243 470 urbanitate
261 419 306 469 est
324 426 398 488 opus
413 411 587 484 institutum,
613 428 697 488 quam
716 411 862 489 propriam
878 428 945 471 esse
965 422 1083 473 nostrae

84 493 207 570 civitatis
226 503 256 553 et
269 512 338 554 sero
355 495 398 553 sic
413 492 537 571 intelligi
558 503 707 572 coeptam,
730 503 883 573 postquam
903 494 1011 556 Urbis
1032 515 1082 574 ap·

82 575 258 655 pellatione,
275 579 387 638 etiamsi
403 594 507 638 nomen
522 578 670 656 proprium
686 594 743 637 non
758 577 947 654 adiiceretur,
964 578 1083 639 Romam

82 668 178 720 tamen
200 663 294 740 accipi
315 664 352 722 sit
368 671 529 741 receptum.
566 660 696 740 Eamque
720 662 764 721 sic
786 661 861 722 linit:
884 661 1083 723 Urbanitas
1091 683 1141 737 104

81 745 408 824 ecl-uirtusquoedom
423 748 455 807 io
470 746 562 808 breve
579 747 693 808 dictum
711 753 820 810 coacto
836 755 865 807 ct
879 753 953 828 opto
968 749 1013 808 od
1027 749 1082 809 de-

81 829 242 892 lectandos
256 832 477 908 mouendosque
488 830 623 892 homines
640 832 673 891 ιἰι
689 849 804 892 omnem
820 830 962 912 affectum
976 832 1082 907 animi,

81 912 215 976 mosim
236 916 350 976 idonea
372 915 417 976 ad
443 915 645 976 resistendum
666 915 716 976 vel
732 917 968 991 lacescendum,
991 924 1084 994 prout

82 1013 224 1076 quaeque
244 1017 296 1059 ιιι
319 1007 373 1060 cut
390 1015 527 1077 perrona
548 999 716 1060 desiderat.
752 995 805 1058 Cui
823 999 848 1058 si
865 998 1016 1059 brevitatis
1032 1017 1082 1058 ex-

82 1082 247 1160 ceptionem
263 1082 435 1159 detraxeris,
455 1100 554 1142 omnes
571 1084 709 1142 orationis
725 1084 846 1143 virtutes
865 1082 1019 1161 complexa
1035 1084 1081 1143 sit.

81 1162 165 1240 Nam,
179 1167 205 1224 si
218 1168 358 1227 consistat
368 1165 456 1226 rebus
471 1175 499 1226 et
510 1167 660 1244 personis:
677 1167 755 1244 quod
766 1167 795 1225 in
806 1166 936 1244 utrisque
948 1174 1085 1246 oportent

82 1248 199 1324 dicere,
221 1251 373 1328 perfectae
397 1250 581 1328 eloquentiae
604 1259 658 1310 est.
692 1247 749 1310 Gur
766 1258 861 1309 autem
878 1250 998 1310 brevem
1014 1269 1082 1311 esse

81 1350 146 1393 eam
159 1333 296 1411 voluerit,
313 1336 414 1393 nescio
437 1336 560 1413 quidem.
588 1334 637 1411 At,
654 1352 739 1413 quam
753 1335 781 1393 in
797 1334 900 1394 eodem
916 1334 990 1394 libro
1007 1334 1083 1395 dicat
1091 1343 1141 1397 10⁵

80 1417 173 1477 luisse
191 1427 220 1477 et
234 1420 262 1478 in
275 1418 387 1495 multis,
411 1419 543 1478 narrandi
563 1417 753 1478 urbanitatem
769 1418 856 1497 paulo
873 1427 940 1497 post
954 1421 993 1478 ita
1012 1418 1081 1495 linit,
1143 1447 1145 1451 ν

82 1498 201 1561 Catonis
230 1502 283 1580 (ut
308 1503 367 1582 ait)
384 1504 548 1581 opinionem
562 1511 696 1578 secutus,
721 1501 886 1562 Urbanus
908 1502 1081 1578 domuerit,

81 1586 170 1647 caius
193 1587 285 1648 multo
307 1588 382 1648 berte
398 1589 483 1648 dicto
501 1603 710 1665 responsaque
729 1595 833 1663 erunt,
855 1594 884 1649 et
899 1588 952 1665 qui
966 1588 999 1648 ιἰι
1014 1605 1082 1647 ιιι-

80 1671 230 1746 mortibus,
247 1672 388 1747 circatis,
404 1672 565 1747 conviciis,
580 1673 651 1733 item
666 1673 699 1732 io
717 1672 915 1747 contionibus,
932 1671 1014 1733 omni
1027 1671 1082 1734 de-

78 1756 173 1831 nique
187 1755 253 1816 loco
267 1756 399 1817 ridicule
416 1758 629 1834 commodeque
644 1756 736 1817 dicet.
773 1755 866 1816 Risus
886 1762 990 1831 erant,
1014 1755 1082 1833 qui·

80 1853 202 1915 cunque
225 1839 303 1900 hoco
326 1840 421 1917 societ
446 1848 561 1902 orator.
604 1838 682 1912 Quas
704 1841 729 1899 si
749 1841 905 1918 recipimus
927 1838 1081 1914 finitiones,
1091 1847 1141 1903 106

80 1922 218 2000 quidquid
240 1921 452 1999 benedicetur,
469 1924 621 1983 eturbane
644 1923 712 1982 dicti
731 1940 836 1982 nomen
858 1923 992 1999 accipiet.
1027 1919 1081 1982 Ce-

79 2014 173 2065 terum
189 2005 242 2080 illi,
260 2008 308 2084 qni
320 2006 376 2066 hoc
392 2016 604 2085 proposuerat,
623 2016 819 2067 consentanea
835 2007 887 2065 init
906 2005 955 2066 illa
967 2006 1081 2082 divisio,

77 2097 111 2148 ut
127 2088 268 2148 dictorum
288 2089 461 2149 urbanorum
488 2090 544 2150 alia
566 2091 642 2149 seria
663 2089 719 2151 alia
741 2092 843 2150 iocosa
860 2089 915 2149 alia
931 2090 1024 2149 media
1040 2089 1081 2149 fa·

79 2182 172 2233 ceret.
203 2171 274 2232 Nam
290 2183 334 2233 est
353 2174 453 2233 eadem
469 2175 592 2233 omnium
610 2172 685 2233 hene
701 2173 852 2234 dictorum.
891 2173 1000 2234 Verum
1014 2172 1083 2233 mihi

79 2257 166 2317 etiam
187 2258 287 2316 iocosa
308 2257 448 2334 quaedam
470 2256 602 2316 videntur
624 2274 715 2335 posse
737 2274 794 2316 non
817 2257 887 2316 satis
906 2256 1015 2316 urbane
1036 2275 1081 2315 re·

78 2340 160 2401 ferri.
207 2339 279 2400 Nam
303 2358 369 2400 meo
391 2340 505 2418 quidem
527 2340 633 2399 iudicio
658 2339 708 2399 illa
733 2349 778 2399 est
793 2339 959 2414 urbanitas,
982 2340 1010 2397 in
1026 2356 1080 2416 qua
1089 2350 1139 2407 107

77 2422 150 2484 nihil
165 2422 320 2501 absonum,
337 2424 407 2484 nihil
423 2433 556 2501 agreste,
575 2421 645 2483 nihil
659 2424 851 2498 inconditum,
867 2421 937 2482 nihil
951 2423 1082 2501 peregri·

77 2527 146 2569 num
161 2527 256 2586 neque
272 2527 360 2568 sensu
376 2526 472 2586 neque
487 2507 585 2568 verbis
605 2525 700 2586 neque
717 2524 769 2568 ore
784 2514 908 2585 gestuve
923 2506 1018 2584 possit
1033 2505 1082 2565 de-

78 2592 238 2671 prehendi;
261 2602 292 2652 ut
312 2610 369 2652 non
391 2601 447 2652 tam
465 2594 503 2652 sit
526 2592 554 2652 in
570 2592 714 2694 singulis
708 2593 791 2653 dictis
809 2608 893 2689 quam
911 2591 939 2648 iu
954 2598 1016 2650 toto
1034 2606 1082 2649 co·

79 2676 144 2737 lore
167 2677 297 2751 dicendi,
328 2677 421 2755 qualis
443 2676 519 2756 apud
542 2675 670 2736 Graecos
696 2666 862 2753 ἄιτιιισμὸς
885 2674 935 2734 ille
957 2674 1082 2734 reddens

79 2759 256 2821 Athenarum
283 2763 430 2839 proprium
458 2778 603 2840 saporem.
641 2759 685 2820 Ne
707 2770 801 2821 tamen
825 2758 959 2819 iudicium
984 2756 1072 2817 Marsi
1073 2775 1141 2834 ‚108

86 2846 203 2904 rominis
221 2846 423 2921 eruditissimi,
447 2845 626 2904 subtraham:
651 2846 728 2905 seria
753 2846 875 2924 partitur
899 2844 927 2901 in
953 2842 1008 2902 tria
1030 2860 1080 2920 ge-

78 2945 168 3004 nera,
192 2928 398 3004 honorificum,
422 2929 676 3004 contumeliosum,
702 2929 834 2988 medium.
871 2925 907 2986 Et
929 2926 1082 2986 honorifici

79 3013 160 3091 ponit
177 3013 341 3090 exemplum
358 3011 509 3074 Ciceronis
525 3030 586 3113 pro
602 3011 717 3091 Ligario
735 3013 810 3091 apud
827 3010 998 3085 Caesarem,
1023 3008 1083 3083 Qut

78 3097 154 3158 nihil
167 3098 248 3158 colec
263 3098 401 3160 oblivisci
414 3099 474 3159 ιιιζιι·
488 3099 637 3166 iniurium
660 3106 688 3156 et
705 3096 921 3170 contumeliosi,
938 3093 1016 3173 quod
1031 3095 1081 3154 At·
1071 3108 1140 3163 -109

79 3181 138 3240 tico
155 3180 273 3258 scripsit
288 3181 324 3242 de
342 3181 481 3260 Pompeio
499 3191 527 3241 et
543 3179 687 3256 Caesare,
703 3179 824 3248 Habeo
828 3196 929 3280 qoem
943 3178 1082 3276 fupiomr

82 3279 168 3342 quem
189 3281 321 3344 sequor,
341 3285 401 3328 ιιοιι
418 3267 535 3334 habeo,-
554 3275 583 3326 et
598 3266 697 3340 medii,
725 3264 803 3344 quod
818 3253 1083 3352 ιῖιιοφθιγματιιιον

79 3358 167 3409 vocat
182 3357 211 3409 et
228 3359 273 3409 est
288 3351 337 3427 ita,
358 3369 421 3410 cum
437 3349 557 3426 dixerit,
577 3346 642 3412 Nec
655 3368 783 3428 prooem
798 3343 920 3410 morton
936 3347 1082 3409 occidero

79 3432 145 3496 viro
161 3433 236 3513 sorti
254 3451 346 3512 posse
363 3454 421 3496 nec
435 3436 630 3496 immaturam
646 3434 803 3498 consutam
819 3448 917 3511 oeque
938 3435 1082 3494 miseram
