2566 4026
371 164 460 214 mou.
474 163 804 232 corrosorum.
1026 154 1086 216 tto

80 325 234 400 timuisse,
261 325 291 386 sa·
311 322 411 383 uuum
430 320 492 382 cim
520 321 647 382 deorum
667 320 878 399 bominumque
892 321 1027 402 lumem,
1054 330 1089 385 ut

79 409 166 471 illum
186 410 286 487 ipsum
312 414 433 469 uectem
458 406 607 483 socerque
627 404 700 466 illos
719 406 891 484 nuptiales!
915 426 976 469 uon
997 408 1087 469 linum

80 491 233 554 cubiculi!
258 510 318 554 nou
341 490 440 552 cubile
460 487 562 565 filiae!
593 507 653 550 nou
679 489 817 566 parietes
841 490 973 569 denique
991 492 1086 571 ipsos,

79 577 274 654 superiorum
293 582 385 636 testes
403 572 600 651 nuptiarum!
646 572 772 632 Sermo
794 590 866 633 roro
888 591 1046 634 aversus
1071 593 1145 648 810⁶

79 660 203 719 iudice
225 668 254 718 et
268 658 386 718 breuius
402 657 509 717 iudicat
524 657 637 715 iuterim
652 665 682 716 et
697 658 829 734 coarguit
843 659 951 735 magis,
973 676 1029 736 qua
1050 658 1087 718 de

79 760 113 801 re
128 743 221 819 idem,
237 742 315 821 quod
329 742 358 800 iu
373 742 524 819 prooemio
540 740 686 816 dixeram,
703 743 814 817 sentio,
840 743 914 800 sicut
931 741 968 801 de
983 758 1086 820 proso·

79 824 1087 906 pwmmqmmmqmmmnmuQMmmmo&mmo

79 912 167 970 utitur
181 926 235 989 pro
249 909 378 969 Aufidia:
396 907 548 970 Somuoue
559 917 588 968 te
602 909 782 987 lauquidum
794 925 836 969 au
845 911 938 989 eruci
948 910 1088 988 letborpo

75 1003 181 1074 putem
199 994 403 1072 oppressum!
431 992 484 1052 sed
500 991 537 1051 Μ.
555 1009 672 1071 quoque
691 992 802 1053 Tullius
819 994 897 1053 circa
912 993 1086 1068 nauarchos,

81 1078 162 1157 (nam
178 1096 212 1137 ea
229 1094 346 1156 quoque
360 1078 403 1136 rei
419 1077 565 1155 expositio
582 1077 648 1155 est)
675 1074 712 1137 Ut
727 1079 838 1153 odeas,
854 1086 970 1139 tautum
985 1077 1086 1152 dabie,

82 1162 248 1240 etreliqua.
282 1157 377 1234 Quid!
397 1177 451 1239 pro
469 1158 613 1235 Cluentio,
631 1159 739 1219 Staieni
751 1159 893 1238 Bulbique
909 1160 1088 1238 colloquium
1094 1172 1144 1228 107

80 1262 176 1306 nonne
199 1247 235 1306 ad
256 1244 436 1305 celeritatem
457 1243 608 1322 plurimum
629 1253 658 1302 et
680 1244 715 1303 ad
735 1244 821 1305 lidem
839 1241 975 1304 confert!
1005 1243 1088 1318 Quae

81 1348 117 1389 ne
133 1330 241 1390 fecisse
259 1328 473 1388 inobservantia
487 1328 608 1406 quadam
628 1326 776 1403 videatur,
799 1346 959 1407 quanquam
981 1329 1038 1387 boc
1058 1328 1088 1386 iu

83 1414 132 1475 :llo
154 1413 295 1473 credibile
317 1418 454 1487 nonest,
477 1414 505 1470 in
524 1411 726 1471 Partitionibus
746 1415 914 1490 praecepit,
939 1421 967 1472 ut
983 1411 1088 1472 habeat

83 1499 206 1557 narratio
222 1499 403 1572 suavitatem,
425 1495 644 1570 admirationes,
663 1498 895 1574 expectationee,
915 1499 1009 1556 exitus
1024 1496 1086 1555 ino·

80 1584 211 1659 pinatos,
229 1580 378 1658 colloquia
393 1597 598 1657 personarum,
616 1597 715 1639 omues
732 1580 863 1640 allectus.
893 1579 1145 1658 Argumenta-108

80 1665 182 1741 bimur,
198 1674 228 1724 ut
243 1664 312 1740 dixi,
325 1682 483 1742 nunquam
502 1674 748 1740 argumentum
763 1680 903 1741 ponemus
915 1664 1086 1743 aliquando;

83 1749 159 1826 quod
181 1749 252 1808 lacit
266 1765 320 1827 pro
337 1748 452 1825 Ligario
469 1745 585 1822 Cicero,
603 1766 666 1807 cum
682 1749 760 1825 dicit,
778 1750 821 1808 sic
838 1766 902 1808 eum
916 1749 1087 1826 provinciae

81 1833 261 1909 praefuisse,
284 1841 315 1892 ut
337 1831 379 1891 illi
395 1849 498 1910 pacem
513 1850 580 1891 esse
597 1833 757 1910 expediret.
788 1831 952 1892 luseremus
968 1833 1086 1910 exposi-

81 1918 150 1975 tioni
172 1925 202 1975 et
223 1916 359 1991 brevem,
389 1934 453 1974 cum
474 1933 522 1974 res
543 1925 663 1994 poscet,
686 1915 886 1976 defensionem
903 1924 931 1975 et
947 1916 1087 1975 rationem

81 2000 233 2059 lactomm.
265 1998 369 2077 Neque
385 2001 460 2058 enim
479 1999 648 2059 narrandum
664 2008 709 2060 est
725 2009 858 2078 tauquam
874 2000 941 2060 testi
958 1999 1011 2060 sed
1025 2007 1144 2066 tan-109

82 2101 166 2162 quam
181 2092 315 2162 patrono.
345 2082 399 2143 Rei
419 2082 491 2142 ordo
506 2101 560 2162 per
576 2102 609 2144 se
623 2084 689 2144 talis
706 2093 765 2144 est:
784 2082 820 2156 Q.
841 2082 988 2163 bipartuo
1003 2086 1086 2161 lepo-

81 2175 130 2228 tus
145 2164 179 2226 0.
196 2165 340 2229 Considio
350 2169 520 2247 profectus.
548 2167 623 2240 Quid
640 2185 712 2246 ergo
728 2166 767 2227 M.
785 2164 920 2229 'l'ulliusl
945 2165 982 2242 Q.
995 2169 1085 2243 malm,

81 2252 180 2328 inquit,
203 2249 359 2330 liquidus,
382 2271 450 2313 cum
467 2260 546 2313 essct
566 2253 651 2313 nullo
665 2252 736 2314 belli
750 2254 897 2331 suspicio,
916 2253 1035 2330 leuatus
1049 2253 1082 2312 in

80 2332 222 2413 Africum
239 2355 309 2397 cum
332 2333 366 2395 0.
389 2332 533 2398 Ummidio
556 2336 716 2414 profectur
745 2344 800 2397 est.
843 2335 880 2395 Et
900 2334 985 2395 alibi:
1013 2333 1145 2399 Noulld

81 2419 169 2479 modo
190 2420 235 2480 od
256 2419 366 2481 bellum
379 2420 437 2480 sed
454 2438 494 2479 uo
512 2420 556 2479 od
568 2419 722 2479 minimum
743 2419 866 2497 quidem
884 2418 1087 2498 suspicionem

81 2502 161 2564 belli.
203 2501 241 2562 Et
259 2520 322 2562 cum
340 2512 420 2563 esset
434 2502 594 2562 iudicaturo
615 2502 700 2575 satie,
725 2500 762 2574 Q.
785 2500 931 2580 Hebriue
949 2502 1033 2563 num
1052 2520 1087 2562 ce

52 2630 57 2638 .
81 2586 237 2664 implicari
259 2589 378 2664 necatio
405 2605 520 2665 porcus
542 2595 604 2648 est.-
626 2583 752 2662 adiecb,
783 2586 904 2646 domum
929 2593 1085 2664 spectans,

82 2670 126 2730 ad
146 2688 219 2731 suos
234 2672 341 2732 redire
363 2672 500 2749 cupiens.
535 2668 595 2745 Ito,
616 2670 694 2748 quod
717 2668 899 2748 exponebat,
922 2678 951 2728 et
973 2670 1085 2729 ratione

81 2752 153 2812 fecit
168 2752 309 2814 credibile
328 2763 357 2814 et
371 2754 478 2814 affectu
494 2772 612 2834 quoque
628 2752 767 2831 implerit.
800 2752 865 2827 Quo
887 2754 979 2830 magis
998 2754 1142 2816 mirorlll

83 2854 153 2912 eos,
184 2839 313 2914 quinon
340 2847 439 2916 putant
460 2838 596 2898 utendum
621 2839 650 2897 iu
675 2838 842 2899 narratione
865 2835 1083 2898 aflectibus.

83 2919 140 2992 Qui
154 2921 178 2979 si
197 2919 253 2981 hoc
269 2922 383 2999 dicunt,
406 2939 477 2981 non
500 2922 561 2983 diu
583 2938 703 2999 neque
728 2930 764 2981 ut
785 2923 818 2981 in
834 2921 1002 3002 epilogo:
1025 2937 1084 2980 me·

83 3022 147 3063 cum
172 3007 314 3074 sentiunt;
340 3005 524 3084 effugiendae
545 3016 610 3065 sunt
633 3007 707 3065 enim
729 3022 838 3066 morae.
876 3002 1011 3066 Ceterum
1033 3021 1085 3063 cor

83 3105 140 3165 ego
157 3088 281 3149 iudicem
305 3090 409 3166 nolim,
433 3090 498 3151 dum
521 3109 586 3150 eum
604 3089 715 3165 doceo,
738 3091 824 3150 etiam
843 3085 985 3149 morere?
1017 3084 1144 3164 (bunut

82 3172 160 3249 quod
178 3173 207 3232 in
227 3191 335 3234 summa
355 3183 437 3252 parte
460 3193 522 3234 sum
543 3175 664 3234 actionis
684 3175 845 3252 petiturus,
871 3191 929 3233 nou
948 3172 978 3232 in
992 3173 1084 3251 primo

81 3257 175 3316 statim
190 3275 287 3317 rerum
302 3260 453 3336 ingressu,
470 3260 495 3319 si
506 3258 569 3319 beri
584 3266 699 3337 potest,
716 3255 900 3336 consequar!
922 3274 986 3316 cum
1001 3273 1085 3335 prae·

81 3341 181 3399 sertim
197 3341 282 3400 ctiam
297 3343 325 3401 in
340 3341 559 3420 probationibus
575 3342 736 3403 faciliorem
750 3344 803 3401 sim
821 3343 942 3402 animum
956 3342 1019 3401 cius
1036 3339 1085 3400 ba·

80 3421 192 3484 biturus
211 3435 384 3504 occupatum
404 3425 453 3486 vel
468 3428 511 3487 ira
525 3426 574 3487 vel
593 3427 788 3487 miseratione.
825 3425 947 3568 Anlpon
962 3423 1001 3484 bl.
1017 3423 1144 3486 'lul-113

1209 442 1222 471 δ
