2566 4026
386 193 475 240 rusb.
490 193 638 242 ocnrou.
651 195 721 242 nm.
733 195 770 260 x,
785 194 808 244 1.
825 192 851 242 a.
1063 185 1123 248 167

121 365 179 407 rum
197 349 356 409 insectator
371 349 432 408 luit.
463 347 571 408 blultae
589 350 616 407 in
629 365 664 407 eo
679 348 834 429 claraeque
847 353 1020 427 sententiae,
1036 352 1126 414 multa

121 432 204 490 etiarn
219 450 329 491 morum
344 434 437 510 gratia
453 432 593 509 legenda;
613 432 665 491 sed
682 434 709 490 in
726 433 891 513 eloquendo
909 444 1045 513 corrupta
1061 437 1124 513 ple·

120 533 208 592 raque
225 525 311 594 atque
326 534 362 576 eo
375 518 631 595 perniciosissima,
649 517 726 594 quod
737 517 880 578 abundant
893 519 1025 579 dulcibus
1037 519 1123 579 vitiis.

120 596 220 658 Velles
238 619 302 660 eum
314 618 367 660 suo
383 602 499 678 ingenio
511 601 630 677 dixisse,
648 601 742 661 alieno
756 601 872 662 iudicio.
902 602 973 663 Nam
989 604 1013 662 si
1029 603 1185 682 aliqua130

120 685 355 762 contempsisset,
374 685 398 744 si
415 694 527 763 partem
542 703 599 744 non
615 686 818 764 concupisset,
845 688 870 746 si
890 704 948 747 non
964 688 1057 746 omnia
1073 704 1125 747 sua

118 776 261 844 amasset,
284 769 309 827 si
330 787 426 828 rerum
450 769 580 847 pondera
602 770 796 829 minutissimis
818 772 968 832 sententiis
991 788 1049 830 non
1067 770 1125 831 ire·

117 851 227 925 gisset:
261 868 405 914 consensu
427 855 523 931 potius
545 854 720 914 eruditorum
741 873 825 933 quam
847 872 1003 933 puerorum
1027 872 1126 915 amore

117 935 368 1011 comprobaretur.
397 936 505 997 Verum
521 939 563 998 sic
581 955 696 1016 quoque
718 939 773 998 iam
786 939 913 1000 robustis
930 950 959 1000 et
974 939 1182 1007 severiore131

116 1034 227 1094 genere
243 1022 315 1080 satis
333 1021 450 1082 firmatis
463 1022 604 1099 legendus
617 1023 665 1082 vel
677 1023 754 1099 ideo,
773 1024 849 1103 quod
866 1042 1007 1084 exercere
1026 1032 1126 1102 potest

115 1103 250 1179 utrinque
267 1105 413 1165 iudicium.
440 1103 530 1166 lllulta
543 1108 626 1182 enim,
643 1116 674 1165 ut
686 1107 754 1183 dixi,
771 1108 922 1186 probanda
933 1109 961 1167 iu
973 1125 1020 1184 co,
1037 1107 1126 1167 multa

116 1186 202 1244 etiam
218 1186 382 1248 admiranda
406 1198 488 1265 suut,
512 1189 624 1268 eligere
646 1190 731 1250 modo
750 1209 836 1252 curae
851 1194 901 1262 sit;
927 1193 1004 1270 quod
1019 1192 1125 1251 utinam

115 1268 180 1345 ipse
201 1269 333 1331 fecisset.
362 1272 457 1349 Digna
470 1275 545 1333 enim
557 1274 610 1334 luit
621 1275 672 1335 illa
682 1284 793 1353 natura,
805 1295 879 1354 quae
890 1276 1011 1337 meliora
1021 1275 1123 1351 uellet,

116 1369 191 1429 quae
208 1355 284 1431 quod
300 1356 392 1415 uoluit
410 1356 517 1416 effecit.

489 1553 532 1602 DE
548 1552 750 1604 IMITATIONE.

177 1655 236 1717 .11.
270 1655 316 1716 Ex
332 1657 377 1720 bis
396 1664 563 1742 ceterisque
579 1663 707 1725 lectione
724 1665 816 1742 dignis
833 1663 997 1724 auctoribus
1014 1673 1043 1724 et
1057 1683 1123 1724 ver·

113 1747 217 1806 borum
234 1746 370 1807 sumenda
384 1749 470 1826 copia
487 1758 531 1808 est
549 1757 578 1808 et
587 1751 713 1808 uarietas
729 1749 882 1826 figurarum
895 1757 923 1806 et
933 1748 1124 1826 componendi

113 1832 205 1905 ratio,
231 1839 289 1890 tum
310 1829 346 1891 ad
368 1833 534 1911 exemplum
553 1835 687 1892 virtutum
708 1834 830 1892 omniurn
854 1849 934 1891 mens
960 1831 1120 1909 dirigenda.

114 1914 217 1992 Neque
234 1916 308 1973 enim
323 1915 446 1978 dubitari
463 1926 579 1995 potest,
602 1919 670 1996 quin
684 1917 753 1977 artis
769 1934 837 1996 pars
856 1934 958 1994 magna
975 1917 1121 1977 continea-

113 2007 159 2057 tur
175 1999 333 2082 imitatio
340 2018 393 2059 ne·
430 2000 502 2061 Nam
519 2010 549 2060 ut
566 2003 695 2061 invenire
711 2002 832 2079 primum
851 2000 903 2061 luit
918 2009 1022 2078 estque
1037 2017 1121 2079 prae·

115 2082 249 2160 cipuum:
268 2083 373 2158 sicea,
392 2102 467 2162 quae
490 2084 565 2144 bene
581 2087 695 2145 inuenta
712 2093 792 2160 sunt,
810 2084 881 2143 utile
897 2086 990 2162 sequi.
1024 2083 1150 2161 Atques

114 2167 207 2225 omnis
224 2167 302 2225 vitae
326 2168 400 2225 ratio
423 2169 466 2226 sic
488 2177 619 2244 constat,
644 2177 674 2227 ut
696 2185 770 2245 quae
785 2166 941 2245 probamus
956 2168 984 2226 in
1000 2166 1063 2226 aliis
1079 2166 1121 2225 ia·

114 2268 184 2309 cere
206 2251 262 2327 ipsi
287 2249 418 2309 velimus.
458 2251 507 2310 Sic
529 2251 688 2311 litterarum
713 2248 832 2324 ductus,
855 2259 885 2308 ut
906 2249 1051 2308 scribendi
1073 2249 1122 2308 liat

113 2352 194 2408 usus,
216 2334 299 2411 pueri
314 2343 487 2411 sequundum
505 2336 548 2393 sic
563 2335 664 2394 musici
679 2350 781 2392 uocem
798 2333 971 2408 docentium,
991 2335 1121 2409 pictores

75 2414 79 2421 ’
115 2434 206 2495 opera
233 2419 374 2494 priorum,
404 2419 504 2478 rustici
527 2419 676 2495 probatam
703 2418 902 2494 experimento
928 2416 1067 2476 culturam
1093 2416 1122 2472 in

115 2501 281 2578 exemplum
296 2501 453 2571 intuentum
471 2504 562 2561 omnis
581 2503 705 2579 denique
723 2499 893 2578 disciplinae
910 2501 987 2560 initia
1003 2498 1038 2558 ad
1053 2515 1120 2576 pro-

114 2587 240 2663 positum
266 2585 320 2644 sibi
342 2589 554 2665 praescriptum
577 2586 693 2645 formari
710 2585 849 2645 videmus.
883 2582 920 2644 Et
935 2583 1054 2643 hercule
1070 2599 1150 2654 ue·3

115 2687 201 2729 cesse
217 2678 262 2728 est
279 2677 329 2728 aut
337 2670 446 2729 similes
463 2679 510 2731 aut
522 2670 677 2730 dissimiles
689 2669 772 2729 bonis
788 2670 885 2728 simus.
916 2667 1043 2728 Similem
1054 2682 1120 2725 raro

115 2761 215 2813 natura
239 2762 385 2829 praestat,
408 2755 578 2832 frequenter
598 2755 727 2813 imitatio.
758 2753 817 2814 Sed
839 2753 895 2813 boo
916 2753 1019 2830 ipsum,
1043 2748 1120 2829 quod

115 2845 194 2896 tanto
208 2835 371 2896 faciliorem
386 2836 469 2897 nobis
490 2838 631 2899 rationem
655 2839 776 2896 omnium
803 2838 871 2897 facit
893 2853 976 2914 quarn
999 2836 1052 2895 fuit
1072 2834 1118 2908 iis,

116 2921 164 2997 qui
180 2919 250 2978 nibil
266 2920 342 2997 quod
358 2931 551 2999 sequerentur
570 2920 746 2996 babuerunt,
771 2923 826 2981 nisi
845 2927 931 2981 caute
951 2929 980 2979 et
998 2936 1061 2978 cum
1077 2918 1118 2976 iu-

115 3002 191 3061 dicio
209 3004 445 3081 apprehenditur,
464 3014 560 3064 nocet.

201 3099 276 3160 Ante
293 3103 386 3161 ornnia
408 3103 495 3180 igitur
516 3104 633 3164 imitatio
651 3122 705 3182 per
719 3122 752 3164 se
766 3105 830 3182 ipsa
850 3119 908 3162 non
922 3101 1046 3177 suflicit,
1070 3100 1147 3160 veis

118 3184 183 3259 quia
202 3185 276 3260 pigri
292 3195 337 3244 est
360 3187 468 3264 ingenii
491 3196 656 3249 contentum
678 3207 745 3250 esse
767 3189 817 3264 iis,
843 3204 917 3266 quae
932 3188 988 3245 sint
1002 3184 1038 3245 ab
1054 3185 1118 3244 aliis

118 3268 241 3326 inventa.
276 3267 349 3340 Quid
365 3273 439 3330 enim
455 3271 579 3332 futurum
600 3283 662 3333 erat
679 3272 856 3351 temporibus
872 3271 945 3347 illis,
967 3287 1041 3350 quae
1056 3269 1119 3328 sius

118 3352 253 3429 exemplo
269 3354 393 3431 luerunt,
407 3357 432 3415 si
442 3356 572 3417 homines
585 3358 664 3434 nihil,
676 3359 730 3417 nisi
744 3356 887 3436 quodiam
900 3354 1117 3433 cognovissent,

117 3434 278 3496 iaciendum
293 3438 347 3497 sibi
369 3449 417 3500 aut
433 3442 615 3518 cogitandum
635 3439 804 3519 putassent?
835 3438 947 3519 Nempe
962 3439 1031 3500 nihil
1048 3438 1117 3498 luis·
