2566 4026
397 171 487 220 rusa.
503 171 651 222 ouurou.
664 173 733 220 nnn.
744 174 790 237 vr,
802 172 829 223 a.
1059 163 1119 226 261

112 325 203 387 modo
224 327 335 386 inrisos
359 343 411 385 eos
435 326 561 402 faciunt,
589 344 672 404 quam
690 327 767 404 quod
782 345 878 388 amare
899 331 955 407 ipsi
973 331 1120 401 videntum

113 409 189 486 alia,
215 427 280 471 eum
295 428 387 470 senex
403 410 598 470 adolescentis
620 413 797 486 convicium,
820 411 959 472 honestus
974 415 1120 475 inferioris

113 494 189 562 terte
212 493 260 554 hie
275 494 350 553 enim
365 503 471 554 tanturn
487 494 626 554 eoneitari
644 492 706 554 illie
724 497 807 555 etiam
823 496 904 556 ailiei
916 497 1012 558 debet
1050 500 1163 562 Sunt15

115 587 147 638 et
168 576 221 637 illa
241 595 279 637 ex
299 578 400 637 eadem
420 587 519 637 natura
545 578 598 637 sed
620 587 713 637 motus
739 578 833 639 adhue
854 582 988 657 uulneris,
1008 585 1122 642 veniam

112 670 231 740 petere,
248 660 476 721 adolescentium
491 661 650 721 defendere
663 677 786 721 amores.
812 661 1021 743 Nonnunquam
1035 667 1121 726 etiam

113 745 191 806 lenis
208 744 315 805 ealoris
331 745 417 804 alieni
439 745 552 804 derisus
574 763 612 804 ex
633 743 689 804 hae
711 744 804 805 forma
829 749 908 806 venit
934 749 987 808 sed
1004 749 1048 810 his
1064 767 1121 809 nou

115 847 156 889 ex
170 827 246 889 loeis
261 837 378 888 tantum.
414 828 522 888 Verum
548 828 694 906 aliquanto
715 831 807 906 magis
828 834 947 910 propria
963 833 1016 893 tuit
1030 834 1120 893 virtus

114 912 322 988 simulationis,
344 912 541 972 satisfaciendi
562 912 684 989 rogandi
709 913 855 992 εἰρωνεία,
878 932 953 992 quae
976 917 1121 978 diversum

114 998 161 1072 ei,
186 996 264 1075 quod
279 997 364 1072 dieit,
391 996 569 1056 intellectum
590 998 672 1073 petit.
708 995 781 1056 Hine
797 999 883 1057 etiam
908 999 960 1059 ille
974 1003 1065 1061 maior
1087 1002 1163 1064 adto

114 1079 328 1142 eoueiliendum
343 1080 439 1139 odium
456 1098 536 1140 neser
530 1080 674 1140 allectus
690 1080 779 1156 solet,
798 1099 862 1141 oum
878 1081 959 1142 hoe
950 1102 1025 1162 rpso‚
1043 1086 1120 1164 quod

113 1180 170 1224 nos
192 1163 367 1225 adversariis
389 1165 602 1240 summittimus,
630 1163 800 1241 intelligitur
824 1168 911 1225 tacita
933 1169 1121 1247 impotentiae

113 1246 315 1327 exprobratio.
352 1246 483 1325 Namque
506 1265 558 1308 eos
581 1266 688 1325 graves
709 1257 739 1307 et
759 1246 959 1309 intolerabiles
980 1252 1035 1310 id
1027 1270 1121 1329 rpsnm

114 1333 312 1407 demonstrat,
334 1332 411 1410 quod
433 1332 580 1407 cedimus,
608 1341 637 1391 et
657 1333 790 1408 ignorant
812 1332 907 1410 eupidi
930 1333 1121 1395 maledicendi

113 1425 164 1477 aut
175 1415 361 1477 affectatores
379 1415 531 1492 libertatis,
545 1377 610 1494 plus
629 1415 762 1475 invidiam
774 1433 857 1493 quam
873 1417 1034 1477 eonvieium
1051 1435 1119 1497 pos·

113 1517 164 1570 se;
187 1518 251 1560 nam
273 1499 379 1559 invidia
405 1500 608 1573 adversarios,
637 1501 796 1559 eonvieium
824 1516 877 1559 nos
906 1502 1016 1561 invisos
1039 1503 1117 1562 faeit.

114 1581 170 1649 llle
191 1585 248 1643 iam
264 1600 358 1662 paene
374 1583 485 1643 medius
500 1583 623 1644 allectus
646 1593 690 1642 est
710 1602 747 1642 er
769 1584 913 1644 amoribus
940 1595 970 1645 et
991 1604 1028 1645 ex
1044 1586 1161 1651 desi-17

114 1668 205 1729 aleriis
221 1669 377 1727 amicornm
394 1676 424 1726 et
438 1669 685 1742 necessariorum,
710 1685 773 1726 nam
797 1677 826 1726 et
850 1667 908 1728 hoe
921 1672 1013 1729 maior
1031 1679 1075 1728 est
1092 1680 1121 1729 et

114 1750 167 1812 illo
188 1752 291 1810 minor.
333 1748 400 1809 Non
425 1768 524 1828 parum
555 1750 752 1827 significanter
779 1753 863 1810 etiam
889 1753 939 1812 illa
960 1755 989 1813 in
1009 1753 1119 1814 scholis

114 1828 181 1914 ἤθη
204 1835 377 1910 dixerimus,
401 1834 504 1911 quibus
526 1835 698 1913 plerumque
719 1836 845 1894 rusticos
855 1838 1118 1915 ‚superstitiosos‚

114 1935 236 1994 svaros,
258 1916 373 1977 timidos
389 1919 545 1977 seeundum
561 1920 760 1979 condicionem
774 1920 991 2017 propositorum
1007 1921 1119 1997 effingi·

113 2019 187 2063 mus
226 1999 300 2062 Nam
321 2002 346 2059 si
361 1995 425 2080 ἤθη
444 2021 545 2064 morer
566 2011 646 2062 sunt:
668 2021 732 2062 eum
754 2001 809 2060 hos
833 2003 990 2081 imitamur,
1014 2023 1051 2063 ex
1074 2003 1119 2062 bis

113 2086 245 2146 duoimus
264 2085 432 2145 orationem.

199 2168 335 2246 lienique
360 2168 418 2227 hoe
447 2187 531 2228 omne
557 2169 662 2227 bouum
694 2177 723 2226 et
756 2186 867 2229 eomem
892 2172 984 2230 virum
1012 2172 1161 2248 poscitis

115 2253 195 2327 Quas
212 2254 335 2312 virtutes
356 2270 420 2311 eum
440 2255 525 2312 etiam
546 2254 574 2310 in
592 2252 737 2328 litigatore
755 2253 861 2313 debeat
876 2263 991 2328 orator,
1012 2255 1036 2312 si
1056 2254 1119 2312 lieri

113 2345 230 2416 potest,
248 2335 428 2414 approbare:
445 2338 543 2412 utique
561 2337 625 2413 ipse
642 2344 689 2393 aut
706 2334 811 2395 habeat
826 2346 874 2395 aut
889 2336 999 2396 habere
1018 2337 1118 2396 creda·

114 2430 170 2480 tur.
208 2419 258 2479 Sie
279 2419 408 2497 proderit
431 2421 582 2518 plprimum
597 2420 707 2493 causis,
732 2419 834 2496 quibus
859 2437 896 2478 ex
917 2437 968 2478 sua
990 2419 1118 2478 bonitate

114 2505 205 2564 ieeiet
219 2502 314 2562 iidem.
344 2501 415 2562 Nam
429 2505 487 2581 qui,
502 2502 567 2561 dum
584 2502 669 2576 dieit,
684 2502 775 2562 malus
789 2504 913 2603 videtur,
929 2505 1029 2578 utique
1042 2503 1118 2563 male

114 2587 199 2655 dieit;
221 2603 279 2645 non
300 2587 374 2645 enim
390 2588 504 2646 videtur
518 2587 591 2644 iusta
608 2587 718 2685 dicere,
744 2588 852 2664 alioqui
868 2572 945 2665 ἦθος
958 2586 1116 2645 videretur.

115 2670 240 2744 Quare
230 2687 324 2747 rpsum
340 2671 425 2728 etiam
440 2670 554 2729 dicendi
570 2687 662 2745 genus
678 2670 706 2727 in
722 2669 778 2729 hoe
791 2671 935 2747 plaeidum
950 2668 1038 2728 debet
1051 2686 1118 2728 esse
1127 2679 1161 2733 19

115 2772 151 2815 ae
166 2754 253 2821 mite;
245 2751 339 2811 ·nihil
356 2752 529 2830 superbum
549 2752 619 2812 nihil
635 2752 740 2812 elatum
759 2752 912 2813 saltemne
929 2752 1050 2811 sublime
1068 2751 1118 2811 de·

116 2837 243 2905 sideret;
266 2837 402 2914 proprie,
424 2837 564 2910 iucunde,
583 2835 762 2896 credibiliter
779 2837 878 2896 dicere
896 2844 1017 2911 anteat,
1036 2836 1116 2895 ideo·

116 2938 174 2999 que
190 2928 220 2979 et
238 2919 349 2978 medius
365 2918 416 2978 ille
435 2880 573 2979 orationis
590 2919 691 2979 modus
708 2922 830 2979 maxime
846 2921 989 2979 convenit.

198 3001 353 3062 Diversum
369 3013 413 3062 est
428 3004 511 3079 huie,
536 3001 613 3080 quod
629 2997 750 3075 πάθος
766 3004 885 3078 dieitur,
905 3002 1041 3081 quodque
1064 3013 1161 3066 nesso

116 3088 259 3170 effaetum
282 3089 401 3186 proprie
424 3103 576 3153 vocamus;
604 3096 649 3160 et,
672 3095 704 3146 ut
722 3089 853 3164 proxime
869 3089 1019 3164 utriusque
1035 3086 1116 3146 dilie-

115 3171 236 3231 rentiam
266 3170 394 3247 signem,
429 3170 500 3230 illud
529 3131 697 3230 comoediae
725 3169 782 3230 hoe
810 3170 979 3248 tragoediae
1012 3169 1115 3231 simile.

115 3253 196 3316 llaee
210 3271 278 3332 pars
296 3254 374 3314 eirea
389 3255 470 3331 iram,
488 3253 593 3331 odium,
609 3263 725 3328 metum,
742 3254 885 3330 invidiam,
904 3254 1117 3314 miserationem

116 3338 179 3398 lere
200 3345 262 3399 tota
281 3346 424 3397 versatur.
462 3336 544 3411 Quae
564 3337 666 3415 quibus
687 3355 725 3396 ex
745 3336 819 3397 loeis
841 3338 971 3399 ducenda
992 3339 1065 3415 sint,
1087 3346 1117 3398 et

116 3421 297 3483 manifestum
320 3421 450 3481 omnibus
474 3430 502 3481 et
522 3438 539 3481 a
562 3420 646 3481 nobis
672 3422 701 3480 iu
725 3423 836 3482 ratione
862 3423 1004 3502 prooemii
1029 3432 1116 3502 atque
