2566 4026
220 173 279 236 184
530 190 567 235 m.
587 188 665 235 snm
685 188 907 247 qumnmmnu

216 344 311 404 donec
328 343 531 420 perveniamus
548 343 583 402 ad
603 343 703 418 finem,
725 361 783 402 non
798 344 889 402 minus
905 354 1065 422 prospectu
1082 347 1228 424 proceda·

215 445 277 487 mus
294 444 379 504 quam
394 427 502 503 gradu,
522 428 547 485 si
564 444 622 485 non
637 428 850 487 intersistentes
865 427 1101 506 offensantesque
1124 430 1227 492 brevia

214 511 265 571 illa
281 518 368 588 atque
387 511 505 569 concisa
520 511 735 587 singultantium
750 511 837 570 modo
854 513 975 571 eiecturi
991 532 1097 572 sumus.

173 607 205 659 11
271 587 274 595 '
298 593 351 654 Est
365 595 452 672 igitur
467 612 536 653 usus
555 595 669 672 quidam
683 595 874 672 irrationalis,
892 613 977 673 quem
997 595 1101 657 Graeci
1117 592 1226 678 ἄλογοι·

214 671 319 758 τριβὴν
336 686 458 753 vocant,
481 695 538 756 qua
560 696 659 738 manus
679 681 708 738 in
728 678 883 739 scribendo
905 679 1046 757 decurrit,
1069 700 1125 759 qua
1147 684 1225 745 oculi

215 772 294 823 totos
310 762 393 822 simul
412 764 441 821 in
464 761 592 822 lectione
613 781 716 823 versus
740 764 893 842 flexusque
913 782 1013 824 eorum
1037 775 1065 824 et
1087 770 1224 826 transitus

214 850 374 922 intuentur,
404 855 433 906 et
461 856 526 906 ante
549 849 702 925 sequentia
720 847 819 907 vident
848 866 932 926 quam
955 850 1053 926 priora
1079 849 1223 909 dixerunt.

215 931 279 1006 Quo
297 939 431 990 constant
444 931 583 991 miracula
604 932 654 992 illa
680 933 709 991 in
723 933 820 991 scenis
837 932 1006 1011 pilariorum
1021 952 1055 993 ac
1069 935 1224 993 ventilato·

214 1034 291 1091 rum,
313 1024 344 1074 ut
364 1033 399 1075 ea
421 1033 495 1093 quae
518 1017 668 1075 emiserint
688 1015 765 1075 ultro
786 1017 887 1076 venire
909 1018 938 1075 in
958 1019 1056 1076 manus
1074 1019 1178 1077 credas
1197 1028 1226 1078 et

174 1112 205 1164 12
214 1117 270 1178 qua
288 1097 421 1158 iubentur
437 1099 606 1160 decurrere.
637 1098 696 1160 Sed
711 1100 759 1161 hic
781 1118 850 1159 usus
867 1101 905 1160 ita
920 1102 1065 1178 proderit,
1088 1103 1113 1159 si
1136 1120 1171 1161 ea
1188 1102 1225 1162 de

214 1202 270 1262 qua
291 1183 381 1243 locuti
397 1201 494 1242 sumus
512 1201 559 1242 ars
577 1185 781 1259 antecesserit,
796 1192 828 1242 ut
842 1185 935 1262 ipsum
954 1185 1034 1259 illud,
1052 1185 1130 1263 quod
1146 1188 1175 1244 in
1192 1205 1225 1245 se

213 1270 354 1328 rationem
374 1283 431 1326 non
446 1266 544 1342 habet,
561 1269 712 1328 iuratione
727 1277 871 1328 versetur·
898 1266 970 1327 Nam
985 1269 1052 1327 mihi
1070 1287 1106 1327 ne
1124 1271 1225 1329 dicere

214 1353 329 1430 quidem
349 1352 464 1411 videtur
484 1352 539 1410 nisi
554 1353 603 1430 qui
619 1352 780 1430 disposite,
795 1361 913 1427 ornate,
931 1355 1053 1429 copiose
1069 1352 1152 1428 dicit,
1171 1355 1225 1414 sed

172 1436 383 1501 13tumultuari.
412 1434 475 1495 Nec
486 1435 597 1495 fortuiti
613 1437 754 1496 sermonis
771 1445 937 1496 contextum
949 1436 1075 1496 mirabor
1087 1455 1223 1514 unquam,

213 1539 299 1599 quem
315 1521 494 1596 iurgantibus
519 1522 602 1579 etiam
623 1520 802 1580 mulierculis
825 1520 1008 1595 superfluere
1033 1520 1136 1588 video;
1160 1539 1224 1580 cum

213 1621 249 1664 eo
267 1605 354 1681 quod,
372 1605 397 1662 si
414 1605 495 1664 calor
511 1622 546 1663 ac
561 1605 678 1683 spiritus
695 1605 774 1679 tulit,
791 1604 962 1681 frequenter
977 1605 1092 1679 accidit,
1111 1614 1142 1664 ut
1158 1624 1223 1664 suc·

173 1701 204 1755 14
212 1707 326 1750 cessum
344 1687 574 1766 extemporalem
590 1691 731 1766 consequi
750 1706 818 1748 cura
833 1705 891 1747 non
906 1690 1008 1766 possit.
1045 1688 1139 1747 Deum
1155 1698 1224 1748 tunc

213 1773 342 1847 affuisse,
356 1789 420 1831 cum
436 1772 465 1831 id
481 1773 647 1847 evenisset,
665 1781 784 1832 veteres
800 1781 951 1848 oratores,
966 1781 997 1831 ut
1015 1770 1120 1832 Cicero
1142 1773 1222 1848 dicit,

212 1855 336 1916 aiebant.
376 1856 436 1915 Sed
450 1857 524 1915 ratio
544 1856 696 1916 manifesta
712 1865 767 1916 est.
802 1855 874 1916 Nam
895 1856 972 1916 bene
999 1858 1136 1934 concepti
1152 1857 1222 1916 alle·

213 1948 276 2000 ctus
302 1948 331 1998 et
351 1948 488 1999 recentes
512 1958 608 1999 rerum
630 1941 770 2018 imagines
794 1942 930 2000 continuo
955 1942 1063 2018 impetu
1079 1941 1222 2016 feruntur,

213 2042 288 2102 quae
303 2040 505 2102 nonnunquam
522 2041 603 2084 mora
620 2026 678 2084 stili
701 2025 898 2102 refrigescunt
922 2034 951 2084 et
972 2024 1078 2085 dilatae
1100 2042 1157 2083 non
1172 2044 1223 2084 re-

210 2116 370 2167 vertuntur.
407 2107 514 2186 Utique
532 2126 616 2185 vero,
636 2127 700 2169 cum
720 2108 822 2169 infelix
837 2109 887 2168 illa
902 2107 1058 2168 verborum
1074 2108 1222 2168 cavillatio

211 2193 339 2252 accessit
367 2200 396 2252 et
419 2211 520 2252 cursus
548 2192 584 2253 ad
611 2194 725 2271 singula
747 2194 872 2269 uestigia
888 2195 1012 2269 restitit,
1041 2209 1098 2252 non
1123 2202 1223 2270 potest

210 2277 281 2336 ferri
301 2285 433 2338 contorta
457 2278 519 2352 uie,
536 2280 605 2353 sed,
630 2287 661 2337 ut
684 2278 792 2356 optime
812 2294 918 2337 vocum
939 2277 1116 2353 singularum
1137 2277 1223 2336 cedat

211 2361 339 2437 electio,
358 2379 416 2420 non
433 2363 567 2422 continua
592 2362 645 2422 sed
669 2362 830 2439 composita
847 2371 902 2421 est.

169 2453 202 2506 15
294 2444 392 2519 Quare
419 2446 578 2524 capiendae
602 2454 667 2505 sunt
688 2445 773 2520 illae,
805 2444 840 2504 de
869 2444 972 2524 quibus
996 2444 1071 2520 dixi,
1097 2463 1221 2506 rerum

210 2530 318 2606 imagi
328 2547 407 2605 nes,
423 2547 494 2607 qnas
506 2532 607 2590 vocari
620 2529 783 2606 φανιασίας
794 2529 992 2604 indicavimus,
1006 2528 1170 2606 omniaque,
1184 2529 1221 2589 de

211 2612 314 2692 quibus
337 2614 440 2673 dicturi
458 2617 580 2689 erimus,
602 2629 763 2692 personae,
786 2615 991 2691 quaestiones,
1015 2630 1100 2690 spes,
1126 2622 1221 2672 metus

209 2696 341 2757 habenda
362 2698 390 2755 in
405 2696 510 2772 oculis,
532 2699 560 2756 in
582 2698 704 2757 affectus
729 2697 906 2774 recipienda.
941 2697 1046 2759 Pectus
1070 2705 1115 2756 est
1133 2698 1219 2773 enim,

209 2783 288 2860 quod
303 2780 429 2840 disertos
446 2781 526 2856 facit,
544 2790 573 2840 et
586 2783 631 2841 vis
646 2783 759 2841 mentis.
790 2781 921 2860 Ideoque
933 2782 1073 2859 imperitis
1090 2798 1220 2859 quoque,

167 2873 201 2929 16
209 2866 234 2923 si
250 2865 337 2924 modo
355 2867 411 2924 sint
427 2865 523 2942 aliquo
540 2865 646 2926 affectu
663 2866 809 2941 concitati,
826 2866 915 2926 verba
930 2882 988 2924 non
1005 2865 1117 2925 desunt.
1149 2862 1221 2923 'lum

209 2949 399 3009 intendendus
418 2949 544 3026 animus,
564 2968 622 3010 non
644 2950 672 3009 in
693 2951 818 3028 aliquam
832 2969 894 3009 rem
910 2967 993 3008 unam
1009 2948 1061 3008 sed
1076 2950 1104 3006 in
1118 2948 1219 3026 plnres

209 3032 292 3092 simul
313 3034 477 3102 continuas;
500 3042 546 3110 ut,
575 3036 600 3093 si
625 3052 680 3112 per
703 3033 826 3112 aliquam
846 3043 956 3093 rectam
978 3035 1054 3092 viam
1076 3033 1219 3091 mittamus

210 3118 330 3193 oculos,
347 3118 430 3178 simul
448 3118 542 3178 omnia
558 3136 632 3196 quae
648 3119 756 3178 suntin
775 3136 809 3178 ea
826 3119 963 3196 circaque
979 3118 1138 3191 intuemur,
1161 3133 1219 3175 non

208 3201 336 3261 ultimum
351 3210 459 3261 tantum
474 3202 604 3262 videmus
620 3202 673 3262 sed
684 3203 823 3281 usquead
835 3202 973 3262 ultimum.
1004 3200 1051 3260 Ad
1066 3200 1219 3260 dicendum

209 3285 294 3346 ctiam
310 3287 405 3363 pudor
426 3286 557 3346 stimulos
580 3285 668 3346 hahet
698 3296 727 3346 et
747 3286 936 3346 dicendorum
958 3293 1115 3364 expectata
1139 3284 1218 3352 laus;

208 3368 366 3447 mirumque
382 3370 475 3430 videri
490 3378 599 3448 potest,
614 3371 701 3449 quod,
719 3389 783 3430 cum
798 3371 882 3431 stilus
898 3378 1016 3430 secreto
1034 3369 1161 3446 gaudeat
1177 3378 1206 3428 at

212 3470 269 3530 qne
284 3469 384 3512 omnes
403 3454 527 3514 arbitros
543 3454 723 3532 reformidet,
738 3454 946 3534 extemporalis
963 3455 1039 3515 actio
1056 3453 1218 3513 auditorum
