2566 4026
142 214 204 280 278
457 226 494 273 ru.
512 224 591 272 sua.
608 223 828 284 antummum

141 380 171 446 ut
186 383 289 444 Eleum
303 380 436 459 Hippiam
451 389 611 455 transeam,
635 380 683 458 qui
706 396 763 438 non
777 378 940 439 liberalium
954 379 1044 440 modo
1061 380 1156 440 disci·

140 468 282 548 plinarum
297 483 368 545 prae
385 482 417 523 se
438 465 589 524 scientiam
610 463 674 523 tulit
695 463 749 523 sed
769 471 882 524 vestem
902 473 932 523 et
951 463 1066 524 anulum
1086 483 1156 524 cre·

139 553 292 632 pidasque,
310 567 385 628 quae
401 549 495 607 omnia
510 565 592 608 manu
608 565 661 608 sua
675 546 803 624 lecerat,
821 549 849 607 in
866 566 919 607 usu
934 547 1043 623 babuit,
1061 557 1156 627 atque

139 639 178 697 ita
197 654 229 695 se
246 634 447 713 praeparavit,
470 650 506 691 ue
524 633 604 691 cuius
620 631 739 691 alterius
757 648 850 711 opere
868 641 987 709 egeret:
1016 632 1154 692 illusisse

139 728 183 781 tot
199 718 325 798 [malis],
350 726 419 796 quot
434 734 541 776 summa
558 724 693 775 senectus
709 714 813 791 habet,
830 717 984 776 universae
1002 715 1154 777 Graeciae

91 859 92 863 ,
141 804 302 878 credimus,
323 799 465 878 Gorgian,
483 802 531 880 qui
550 818 693 880 quaerere
709 799 875 875 auditores,
893 799 930 860 de
948 817 1005 880 quo
1023 801 1154 881 quisque

98 887 247 963 flavellet,
273 884 400 945 iubebat.
437 883 518 959 Quae
538 885 654 944 taudem
675 902 721 944 ars
742 883 827 962 digna
845 883 949 944 litteris
966 885 1081 945 Platoni
1100 886 1152 945 de·

143 972 217 1031 luit?
253 969 331 1044 Quot
348 969 476 1029 saeculis
492 968 670 1029 Aristoteles
687 968 801 1045 didicit,
823 978 925 1028 utnon
943 969 1053 1044 solum,
1071 987 1153 1048 quae

142 1055 179 1116 ad
193 1053 388 1134 philosophos
405 1063 491 1131 atque
508 1061 640 1113 oratores
656 1054 811 1131 pertinent,
829 1053 950 1113 scientia
966 1052 1152 1131 complecte-

141 1148 232 1214 retur,
249 1139 302 1198 sed
318 1136 479 1198 animalium
494 1144 680 1215 satorumque
695 1145 812 1197 naturas
827 1154 928 1197 omnes
940 1135 1152 1215 perquireret?

141 1222 203 1284 lllis
218 1222 293 1283 baec
308 1222 480 1281 invenienda
501 1220 633 1296 luerunt,
653 1220 738 1280 nobis
756 1221 964 1298 cognoscenda
982 1229 1058 1281 sunt.
1091 1219 1151 1280 'l'ot

140 1323 195 1367 nos
222 1304 482 1385 praeceptoribus,
514 1314 559 1364 tot
584 1304 727 1383 exemplis
753 1306 886 1365 iustruxit
917 1305 1090 1383 antiquitas,
1119 1314 1152 1363 ut

140 1392 235 1470 possit
249 1391 342 1450 videri
359 1388 437 1449 nulla
455 1398 535 1449 sorte
551 1389 690 1449 nascendi
706 1398 786 1449 aetas
802 1388 919 1449 felicior
934 1406 1018 1468 quam
1033 1397 1149 1465 nostra,

98 1477 187 1544 ascui
205 1475 358 1535 docendae
374 1475 488 1552 priores
505 1472 699 1534 elaborarunt.
731 1472 769 1532 itt.
786 1474 873 1550 igitur
888 1470 960 1533 Gato
976 1473 1054 1533 idem
1069 1491 1150 1532 sum·

140 1577 202 1619 mus
221 1560 395 1636 imperator,
423 1558 499 1618 idem
519 1559 655 1636 sapiens,
678 1558 754 1617 idem
775 1566 888 1633 orator,
911 1556 988 1616 idem
1004 1556 1150 1618 historiae

142 1643 285 1718 conditor,
303 1643 381 1702 idem
392 1643 472 1716 iuris,
490 1642 567 1701 idem
579 1659 674 1700 rerum
685 1642 856 1701 rusticarum
867 1641 1058 1719 peritissimus
1074 1640 1131 1700 fuit

139 1730 215 1786 inter
229 1735 273 1785 tot
289 1743 397 1804 operas
412 1724 547 1800 militiae,
564 1734 655 1784 tantas
671 1724 747 1785 domi
756 1726 982 1801 contentiones,
1000 1724 1064 1785 rudi
1081 1742 1145 1786 sae·

141 1811 224 1886 culo,
248 1809 361 1869 litteras
383 1807 511 1870 Graecas
533 1816 628 1868 aetate
649 1809 706 1869 iam
722 1809 865 1870 declinata
880 1808 994 1885 didicit,
1019 1816 1050 1868 ut
1065 1819 1148 1870 esset

140 1892 303 1955 bominibus
322 1892 506 1967 documento,
522 1909 557 1950 ea
576 1907 692 1970 quoque
709 1895 823 1971 percipi
838 1910 946 1972 posse,
965 1911 1041 1972 quae
1057 1910 1149 1954 senes

98 1975 359 2055 ticoncupissent.
397 1975 489 2048 Quam
505 1974 611 2051 multa,
635 1993 728 2054 paene
757 1978 867 2054 omnia,
897 1977 1014 2038 tradidit
1034 1976 1148 2039 Varro!

142 2061 228 2134 Quod
250 2060 470 2119 instrumentum
490 2058 606 2119 dicendi
622 2058 660 2119 bl.
679 2060 774 2120 Tullio
792 2058 905 2121 deluit?
944 2059 1019 2135 Quid
1041 2059 1149 2140 plura?

141 2163 205 2204 cum
230 2144 316 2204 etiam
332 2141 485 2204 Cornelius
502 2140 626 2221 Celsus,
650 2144 791 2205 mediocri
811 2147 856 2205 vir
870 2146 1000 2223 ingenio,
1023 2161 1081 2204 non
1098 2162 1149 2204 so·

141 2230 198 2289 lum
214 2228 251 2288 de
267 2227 311 2287 bis
331 2228 461 2289 omnibus
477 2230 685 2308 conscripserit
700 2227 808 2289 artibus
824 2229 876 2288 sed
898 2229 1020 2308 amplius
1035 2230 1079 2289 rei
1095 2231 1149 2290 mi·

140 2313 232 2374 litaris
251 2321 281 2373 et
296 2314 422 2374 rusticae
439 2320 468 2372 et
489 2312 650 2374 medicinae
666 2322 826 2392 praecepta
847 2314 1016 2393 reliquerit,
1042 2312 1149 2391 dignus

141 2399 191 2458 vel
205 2400 270 2477 ipso
287 2398 456 2477 proposito,
474 2406 505 2456 ut
522 2416 587 2457 eum
602 2398 695 2457 scisse
712 2399 806 2458 omnia
823 2396 873 2458 illa
889 2399 1051 2458 credamus.

99 2494 134 2546 25
226 2481 265 2541 At
291 2481 435 2561 perlicere
460 2490 567 2541 tantum
588 2498 661 2560 opus
684 2481 819 2556 arduum,
847 2491 877 2541 et
901 2498 984 2541 nemo
1010 2481 1148 2559 periecit.

142 2566 220 2626 Ante
245 2566 338 2626 omnia
361 2565 467 2624 suflicit
485 2564 520 2625 ad
545 2564 775 2626 exhortationem
797 2565 972 2643 studiorum,
994 2583 1105 2645 capere
1120 2566 1150 2627 id

142 2668 239 2710 rerum
253 2658 397 2725 naturam,
418 2667 491 2725 nec,
515 2649 654 2729 quidquid
671 2666 729 2708 nou
744 2648 927 2727 estfactum,
949 2668 986 2710 ne
1004 2649 1069 2709 lieri
1085 2652 1147 2729 qui-

143 2734 209 2794 dem
224 2750 328 2813 posse;
357 2743 415 2793 tum
431 2735 540 2809 omnia,
560 2750 634 2811 quae
651 2751 755 2811 magua
772 2742 837 2793 suut
852 2743 939 2813 atque
955 2733 1148 2809 admirabilia,

99 2827 257 2896 aetempus
281 2817 399 2897 aliquod
421 2833 479 2897 quo
503 2819 624 2896 primurn
643 2817 830 2877 efficerentur
851 2818 998 2878 babuisse.
1029 2816 1103 2876 Nam
1120 2827 1150 2878 et

142 2903 244 2982 poesis
265 2900 301 2961 ab
322 2900 449 2961 Homero
478 2910 507 2960 et
521 2901 653 2979 Vergilio
675 2910 783 2962 tantum
808 2902 953 2980 fastigium
978 2902 1095 2980 accepit
1119 2910 1150 2962 et

143 2986 311 3065 eloquentia
327 3004 343 3046 a
358 2984 556 3046 Demosthene
572 2993 658 3065 atque
675 2983 831 3047 Cicerone.
857 2986 991 3066 Denique
1007 2985 1150 3065 quidquid

144 3069 190 3130 est
211 3071 362 3149 optimum,
387 3078 453 3130 ante
476 3087 533 3130 non
554 3069 658 3130 iuerat.
688 3069 797 3130 Verum
818 3071 930 3132 etiamsi
953 3069 1017 3149 quis
1038 3087 1149 3131 summa

144 3153 299 3232 desperet:
319 3153 414 3232 (quod
430 3172 481 3214 cur
496 3155 594 3229 iaciat,
612 3155 656 3213 cui
672 3156 827 3232 ingenium,
843 3154 992 3232 valetudo,
1009 3153 1147 3231 facultas,

144 3245 357 3316 praeceptores
378 3255 436 3297 non
457 3235 615 3318 deeruntl)
637 3247 732 3299 tamen
749 3247 810 3316 est,
833 3247 863 3299 ut
882 3236 987 3299 Cicero
1004 3239 1059 3313 ait,
1082 3237 1148 3316 pul·

101 3320 243 3385 tlcbrnm
263 3325 296 3383 ia
318 3323 465 3386 secundia
487 3325 644 3401 tertiisque
661 3325 836 3386 coenatore.
873 3321 978 3402 Neque
1002 3324 1093 3398 enim,
1123 3323 1149 3381 si

67 3468 68 3472 ,
144 3407 208 3484 quis
226 3405 350 3466 Achillis
372 3406 494 3482 gloriam
518 3408 547 3466 in
567 3406 654 3466 rebus
671 3407 786 3467 bellicis
803 3409 944 3486 consequi
961 3423 1019 3467 non
1035 3413 1147 3484 potest,

143 3487 242 3549 Aiacis
265 3498 314 3550 aut
331 3489 480 3551 Diomedis
504 3490 619 3552 laudern
641 3490 857 3572 aspernabitur,
881 3509 937 3551 nec
958 3491 1007 3571 qui
1027 3488 1149 3551 Homeri
