2566 4026
351 178 441 226 rnsr.
458 163 755 247 onsron.u1n.II,
773 176 816 231 us
1047 167 1088 232 83

77 344 145 410 tor,
168 333 237 413 quid
258 333 363 394 deceat
390 332 507 411 etquid
530 334 677 412 expediat.
722 333 850 414 Expedit
875 346 970 397 autem
995 355 1088 417 saepe

79 427 196 480 mutare
212 435 250 477 ex
267 417 318 477 illo
337 419 494 477 constituto
510 418 675 495 traditoque
690 417 792 479 ordine
812 419 908 498 aliqua
929 431 959 480 et
974 422 1088 482 interim

79 504 185 577 decet,
205 503 284 561 utin
305 503 406 561 statuis
427 509 515 578 atque
542 502 663 580 picturis
683 502 814 562 videmus
834 505 940 564 variari
961 504 1086 583 habitus,

79 586 189 662 vultus,
205 594 307 645 status.
344 583 416 644 Nam
436 586 509 645 recti
526 584 641 664 quidem
656 588 790 664 corporis
802 587 852 647 vel
867 590 979 648 minima
993 590 1087 666 gratia

80 679 142 738 est;
164 687 269 749 nempe
291 669 366 728 enim
394 669 517 728 adversa
540 671 577 730 sit
596 669 689 729 facies
711 679 741 730 et
762 672 888 732 demissa
912 671 1031 732 brachia
1058 682 1116 741 ets

78 755 169 815 iuncti
183 753 276 833 pedes
292 763 321 812 et
336 770 352 812 a
368 755 484 812 summis
499 754 534 814 ad
548 755 604 813 ima
617 753 716 830 rigens
733 771 816 834 opus.
853 753 963 815 Flexos
977 756 1029 816 ille
1046 766 1086 833 et,

77 847 109 898 ut
125 839 169 898 sic
184 838 322 913 dixerim,
344 846 438 896 motus
457 837 504 897 dat
519 846 613 897 actum
635 839 778 915 quendam
798 848 827 899 et
842 839 986 899 affectum.
1015 838 1086 900 ldeo

77 940 135 982 nec
155 922 191 982 ad
213 939 299 980 unum
317 921 432 981 modurn
453 921 596 982 formatae
615 939 715 982 manus
736 932 765 982 et
785 925 814 983 in
828 923 908 983 vultu
922 923 1003 983 mille
1018 942 1085 1003 spe·

79 1009 152 1067 cies.
199 1002 320 1065 Gnrsum
334 1004 443 1064 habent
458 1006 599 1084 quaedam
616 1015 645 1066 et
664 1008 818 1085 impetum,
841 1008 946 1068 sedent
968 1007 1024 1067 alia
1039 1009 1129 1075 vello

78 1088 259 1156 incumbunt;
285 1089 360 1148 nuda
381 1088 466 1166 haee,
490 1090 540 1150 illa
554 1089 651 1150 velata
666 1099 747 1167 sunt,
774 1092 915 1169 quaedam
938 1093 1026 1151 mixta
1048 1111 1087 1152 ex

77 1183 215 1252 utroque.
261 1172 336 1245 Quid
353 1181 410 1232 tam
429 1174 581 1233 distortum
597 1182 626 1232 et
645 1173 838 1251 elaboratum,
863 1193 947 1255 quarn
968 1185 1014 1235 est
1034 1176 1086 1236 ille

78 1257 252 1319 discobolos
268 1253 422 1333 blpronis?
452 1257 482 1317 Si
504 1261 568 1336 quis
589 1266 700 1333 tamen,
724 1267 754 1317 ut
769 1277 870 1336 parum
886 1269 1014 1337 rectum,
1035 1263 1085 1320 irn-

77 1341 187 1421 prcbet
209 1358 299 1419 opus:
322 1357 417 1400 nonne
435 1341 471 1400 ab
493 1341 645 1402 intellectu
666 1344 735 1402 artis
752 1342 892 1419 abluerit,
911 1345 940 1402 in
962 1361 1018 1422 qua
1037 1344 1087 1405 vel

77 1427 239 1505 praecipue
251 1424 404 1485 laudabilis
417 1434 462 1485 est
475 1427 538 1505 ipsa
549 1426 600 1486 illa
616 1428 728 1486 novitas
741 1444 776 1486 ae
787 1424 964 1488 difficultas?
995 1427 1125 1501 Quamll

80 1509 197 1588 quidem
213 1511 334 1587 gratiam
349 1519 378 1568 et
393 1509 618 1570 delectationem
632 1511 755 1570 aderunt
769 1512 891 1589 figurae,
908 1529 1042 1591 quaeque
1057 1514 1087 1571 in

77 1593 215 1654 sensibus
230 1611 364 1672 quaeque
374 1595 403 1652 in
418 1593 517 1654 verbis
533 1603 612 1662 sunt;
632 1605 741 1655 mutant
757 1597 831 1655 enim
844 1594 953 1674 aliquid
968 1614 984 1655 a
1002 1605 1085 1656 recto

78 1687 167 1756 atque
182 1676 256 1736 hane
272 1695 343 1755 prae
359 1696 392 1737 se
407 1679 543 1737 virtutem
555 1678 661 1737 lerunt.
679 1678 784 1758 quoda
797 1679 1008 1740 consuetudine
1021 1680 1084 1739 vul·

78 1763 141 1840 gari
171 1771 368 1821 recesserunt.
419 1760 513 1821 Habet
541 1763 570 1821 in
597 1763 710 1840 pictura
735 1765 866 1841 speeiem
891 1772 952 1823 tota
977 1763 1128 1831 facies;12

78 1845 204 1923 Apelles
225 1854 319 1904 tamen
333 1846 485 1922 imaginem
501 1844 639 1922 Antigoni
654 1846 747 1907 latere
759 1855 866 1907 tantuna
878 1847 973 1907 altero
986 1856 1085 1908 osten·

78 1930 138 2004 dit,
161 1938 193 1988 ut
214 1930 310 1988 amissi
330 1929 409 1989 oculi
424 1929 592 1990 deformitas
610 1930 725 1990 lateret.
771 1926 870 2003 Quid?
891 1947 949 1989 non
969 1931 998 1989 in
1020 1948 1085 1990 ora·

77 2016 158 2074 tione
175 2012 333 2091 operienda
349 2021 414 2072 sunt
431 2012 587 2090 quaedam,
611 2015 674 2072 sive
696 2014 810 2073 ostendi
828 2029 886 2072 non
901 2013 1008 2074 debent
1022 2015 1085 2073 sive

78 2098 203 2174 exprimi
229 2112 283 2174 pro
311 2097 451 2172 dignitate
476 2113 534 2154 non
557 2094 701 2173 possunt?
739 2095 777 2156 Ut
806 2097 878 2157 lecit
909 2097 1085 2176 Timanthes,
1094 2106 1128 2161 1³

78 2182 202 2259 opinor,
233 2176 371 2254 Cythnius
400 2182 428 2238 in
455 2178 629 2256 catabula,
657 2198 712 2259 qua
735 2178 861 2241 Coloten
884 2180 984 2241 Teium
1003 2184 1083 2242 vicit.

77 2264 152 2325 Nam
174 2282 238 2323 cum
256 2266 284 2322 in
303 2263 473 2342 Iphigeniae
496 2263 691 2324 immolatione
716 2266 859 2342 pinxisset
885 2269 996 2326 tristem
1017 2264 1084 2326 cnl-

79 2349 228 2424 chantem,
250 2349 408 2408 tristiorem
421 2347 544 2423 Ulixen,
565 2347 724 2408 addidisset
737 2347 888 2425 Menelao,
908 2367 993 2427 quens
1009 2367 1083 2408 sum·

77 2451 154 2492 mum
169 2440 284 2510 poterat
300 2449 346 2491 ars
370 2432 507 2508 efficere,
528 2448 704 2490 maerorem:
727 2434 904 2510 consumptis
919 2432 1083 2508 affectibus,

78 2534 137 2576 non
152 2516 324 2594 reperiens,
350 2533 407 2594 quo
432 2515 518 2593 digne
539 2514 625 2574 modo
641 2515 731 2592 patris
745 2514 856 2574 vultum
870 2525 973 2593 posset
987 2517 1084 2594 expri-

78 2618 171 2675 mere,
187 2599 296 2659 velavit
313 2601 375 2658 eius
392 2609 478 2678 eaput
493 2609 523 2659 et
537 2615 590 2657 suo
608 2599 713 2677 cuique
729 2599 822 2657 animo
838 2598 918 2659 dedit
933 2599 1084 2659 aestiman-

79 2685 155 2746 dum.
197 2681 301 2742 Nonne
324 2681 392 2742 hnic
418 2683 513 2744 simile
537 2691 583 2742 est
605 2681 677 2742 illud
696 2681 916 2760 Sallustianum,
942 2680 1024 2744 Nom
1045 2684 1127 2744 dell

80 2766 270 2846 Cartbagine
286 2774 392 2828 locem
406 2768 506 2829 actico
517 2774 593 2844 poto
610 2781 703 2844 quom
715 2784 829 2844 porum
851 2768 985 2829 dicere?
1014 2765 1084 2825 Pro-

77 2862 145 2932 pter
162 2849 319 2929 quaemihi
336 2868 453 2929 semper
472 2851 562 2910 moris
582 2850 651 2926 fuit,
674 2868 758 2928 quam
772 2852 887 2911 minime
901 2851 1024 2928 alligare
1038 2867 1085 2911 me

79 2935 115 2996 ad
135 2943 313 3014 praecepta,
336 2951 410 3013 quae
435 2925 585 2994 καθολικᾶ
598 2935 744 3011 vocitant,
765 2935 795 2995 id
817 2944 863 2995 est
884 2934 937 3014 (ut
957 2935 1084 2994 dieamus

79 3019 226 3099 quomodo
242 3020 412 3098 possumus)
428 3019 603 3078 universalia
622 3018 671 3078 vel
686 3019 878 3098 perpetuale.
916 3017 994 3078 Raro
1010 3020 1085 3079 enirn

79 3105 227 3182 reperitur
243 3101 301 3162 hoc
315 3119 425 3179 genus,
446 3111 547 3161 utnon
562 3102 734 3164 labefactari
757 3113 841 3183 parte
857 3103 954 3181 aliqua
973 3112 1002 3162 et
1017 3102 1084 3163 sub-

78 3190 122 3246 rni
148 3187 253 3266 possit.
297 3185 357 3246 Sed
377 3186 414 3246 de
435 3186 480 3246 his
503 3187 618 3265 plenius
639 3204 693 3246 suo
711 3188 837 3266 quidque
858 3186 926 3248 loco
948 3186 1083 3248 tractabi-

78 3288 150 3332 mus.
196 3269 313 3329 Interim
332 3269 401 3329 nolo
426 3288 459 3329 se
479 3271 600 3330 iuvenes
621 3273 693 3330 satis
708 3273 882 3348 instructos,
906 3273 931 3331 si
946 3289 1031 3350 quem
1047 3280 1125 3335 exli

78 3354 133 3431 his,
152 3356 201 3435 qui
215 3354 323 3414 breves
338 3354 509 3433 plerumque
525 3355 774 3432 circumferuntur,
790 3357 860 3416 artis
876 3354 1006 3416 libellum
1023 3356 1083 3416 edi·

78 3438 218 3516 dicerint,
242 3446 272 3497 et
290 3436 371 3498 velut
386 3438 513 3499 decretis
527 3438 726 3500 technicorum
742 3449 820 3500 tutos
835 3449 946 3520 putent.
991 3439 1083 3499 blnlto

875 3522 919 3585 6*
