2566 4026
226 140 285 202 tot
544 151 905 212 munsouurnrnmur

194 305 260 374 ade
282 321 338 383 qua
357 305 592 383 pronuntiaturus
609 316 670 383 est,
691 307 842 368 indicetur.
878 306 959 368 Haec
979 317 1025 369 est
1045 312 1227 372 narratio.

222 389 254 449 In
270 406 327 466 qua
340 389 436 447 sciens
456 397 648 450 transcurram
663 390 786 452 subtiles
797 392 911 451 nimium
928 393 1087 454 divisiones
1103 410 1228 472 quomu-

221 473 285 532 dam
306 471 389 549 plura
413 473 475 531 eius
498 490 608 549 genera
631 473 807 534 iacientium.
849 473 915 534 Non
929 478 1004 535 enim
1019 477 1112 537 solam
1126 477 1229 538 volunt

222 573 289 615 esse
305 553 383 617 illam
400 557 520 631 negotii,
544 556 580 616 de
597 573 654 635 quo
670 557 746 636 apud
760 557 871 618 iudices
892 561 1050 637 quaeritur,
1066 562 1227 638 expositio·

220 656 286 699 nem
308 638 361 698 sed
382 655 545 716 personae,
566 649 598 699 ut
618 638 659 700 tt.
681 640 797 704 lollius
817 640 1002 719 Palicanus,
1023 644 1129 705 tamt
1149 645 1226 721 laco,

219 721 340 798 Picens,
363 722 479 800 taquam
496 725 596 802 mama
616 740 708 802 quum
720 725 898 803 facundum·
921 726 995 802 loci,
1019 736 1050 786 ut
1073 725 1227 806 Oppidum

220 815 265 868 est
287 807 319 866 iu
339 803 532 885 Hellesponto
546 804 764 886 Lampsacum,
779 811 919 882 iudiccs‚·
934 812 1075 888 temporis
1094 819 1126 870 ut

306 887 386 950 Vere
405 909 499 967 uoco,
518 890 640 969 polidus
656 893 744 953 cuuis
759 910 828 953 cum
842 895 993 956 moaddar
1006 893 1115 956 dumos

303 971 462 1051 Liquidum
580 962 756 1050 ’brt-⁴5

220 1074 387 1132 causarum,
411 1056 514 1135 quihus
534 1056 666 1120 historici
686 1059 921 1137 frequentissime
936 1069 1071 1137 utuntur,
1094 1079 1157 1121 cunr
1174 1081 1223 1121 ex·

190 1154 207 1208 3
220 1149 338 1218 ponunt,
353 1140 429 1200 unde
445 1140 569 1217 bellurn,
585 1141 706 1218 seditio,
723 1142 899 1221 pestilentia.
930 1142 1051 1204 Praeter
1064 1143 1138 1204 haec
1152 1145 1223 1205 alias

218 1225 367 1302 perfectas
385 1224 457 1284 alias
473 1225 660 1303 imperfectas
672 1234 794 1294 vocant;
812 1225 890 1303 quod
904 1227 967 1304 quis
979 1225 1114 1305 ignorat?
1143 1228 1223 1288 Adii-

218 1309 312 1384 ciunt,
337 1309 549 1387 expositionem
571 1319 600 1368 et
620 1311 843 1387 praeteritorum
865 1326 933 1368 esse
948 1319 1124 1389 temporum,
1149 1319 1223 1390 quae

219 1400 265 1451 est
279 1392 527 1469 frequentissima3
552 1401 581 1452 et
602 1395 814 1471 praesentium,
838 1393 932 1471 qualis
951 1403 996 1453 est
1014 1392 1164 1454 Ciceronis
1187 1395 1223 1455 de

129 1538 138 1555 ‚
218 1475 350 1535 discursu
366 1476 521 1535 amicorum
538 1473 738 1553 Chrysogoni,
761 1485 915 1554 postquam
936 1486 982 1536 est
997 1479 1172 1545 nominatus;
1195 1487 1224 1537 et

217 1558 395 1633 futurorum,
419 1576 492 1636 quae
516 1558 588 1618 solis
615 1561 676 1620 dari
698 1559 920 1619 vaticinantibus
936 1569 1050 1638 potest;
1074 1578 1138 1620 nam
1153 1553 1224 1621 duo-

187 1633 345 1712 seducar
370 1659 427 1701 non
446 1651 492 1702 est
511 1641 643 1703 habenda
662 1643 799 1704 narratio.
841 1642 900 1702 Sed
920 1659 974 1703 nos
994 1643 1158 1722 potioribus
1173 1662 1222 1704 va-

220 1742 328 1783 cemus.
1138 1762 1147 1773 -

302 1807 437 1887 Plerique
456 1827 603 1888 semper
620 1809 835 1870 narrandum
859 1817 1048 1887 putaverunt,
1072 1809 1149 1887 quod
1168 1811 1221 1869 fal-

217 1909 280 1950 sum
296 1909 363 1950 esse
378 1891 510 1970 pluribus
525 1895 701 1970 coarguitur.
747 1894 820 1953 Sunt
840 1894 914 1952 enim
936 1900 1002 1952 ante
1024 1893 1117 1952 omnia
1133 1911 1219 1971 quae·

218 1975 283 2034 daur
306 1984 362 2035 tarn
386 1975 493 2035 breves
516 1994 637 2052 causae,
663 1985 694 2036 ut
720 1977 951 2055 propositionem
975 1978 1072 2054 potius
1096 1976 1220 2037 habeant

190 2067 304 2136 dquam
319 2061 521 2119 narrationem.
560 2059 592 2120 Id
613 2060 717 2120 accidit
739 2060 892 2138 aliquando
909 2061 1025 2139 utrique
1044 2062 1134 2137 parti,
1156 2079 1220 2121 cum

110 2146 138 2173 ‘⁴
216 2140 266 2200 vel
277 2141 357 2203 nulla
373 2144 518 2221 expositio
536 2151 596 2219 est,
618 2143 667 2203 vel
689 2143 725 2203 de
745 2162 778 2202 re
794 2151 906 2204 constat
928 2143 965 2203 de
980 2145 1042 2203 iure
1058 2145 1217 2222 quaeritur,

216 2233 248 2284 ut
262 2225 339 2303 apud
354 2229 558 2304 centumuiros,
574 2224 670 2289 Fidius
681 2245 722 2289 uu
734 2227 839 2306 frater·
852 2227 964 2290 debeat
978 2247 1045 2289 esse
1055 2229 1219 2288 intestatae

216 2307 330 2371 tereus
363 2309 515 2372 Pudertas
539 2312 630 2373 cuuto
656 2330 697 2373 aa
724 2313 865 2390 corporis
890 2310 996 2373 auditu
1020 2312 1218 2373 uesdmetm?

217 2392 275 2451 Aut
293 2410 356 2452 curn
372 2403 417 2453 est
439 2394 553 2472 quidem
573 2396 602 2455 in
616 2413 649 2455 re
669 2395 825 2456 narrationi
847 2395 931 2455 locus
952 2396 1006 2457 sed
1026 2403 1074 2456 aut
1095 2405 1161 2456 ante
1177 2396 1217 2453 iu·

163 2548 167 2563 ι
189 2475 274 2536 ddici
288 2485 356 2537 nota
370 2487 436 2536 sunt
452 2480 545 2538 omnia
561 2488 609 2539 aut
625 2481 723 2557 priore
738 2479 806 2538 loco
823 2488 905 2538 recte
921 2480 1065 2557 exposita.
1103 2477 1218 2538 Accidit

217 2559 369 2638 aliquando
386 2561 469 2621 alteri
490 2571 519 2623 et
534 2565 651 2640 saepius
666 2562 702 2622 ab
717 2571 833 2637 actore,
855 2561 905 2621 vel
921 2564 987 2639 quia
1001 2560 1070 2622 sa'tis
1089 2570 1134 2620 est
1150 2578 1216 2638 pro-

216 2659 328 2722 ponere
351 2644 400 2704 vel
417 2647 483 2724 quia
498 2648 542 2704 sic
556 2647 647 2723 magis
664 2645 791 2723 expedit.
832 2645 908 2704 Satis
924 2652 970 2703 est
989 2644 1114 2715 dixisse,
1140 2642 1216 2702 Cer-

216 2734 278 2788 tum
293 2730 444 2790 creditum
454 2729 619 2808 pecuniam
630 2735 702 2806 peto
712 2734 752 2789 'ec
761 2728 954 2805 stipulatione
958 2749 973 2796 ;
988 2725 1135 2804 Leputum
1145 2731 1229 2802 peto·

216 2829 257 2870 ec
280 2818 466 2874 testamento.
508 2811 651 2871 Diversae
669 2811 759 2888 partis
774 2811 919 2887 expositio
940 2819 1001 2884 est,
1024 2826 1075 2868 eur
1100 2825 1135 2867 ea
1157 2824 1214 2867 non

189 2893 385 2955 tdebeantur.
420 2893 457 2955 Et
473 2896 542 2954 satis
559 2903 604 2954 est
622 2895 715 2954 actori
731 2902 760 2953 et
773 2894 865 2971 magis
878 2892 996 2972 expedit
1012 2893 1055 2951 sic
1070 2890 1214 2951 indicare:

216 2975 295 3039 Dico
303 2980 343 3040 od
354 2977 482 3041 Horatio
492 2995 630 3040 sororem
640 2996 729 3039 sumu
739 2977 940 3055 interfectum.
964 2974 1094 3053 Namque
1107 2983 1136 3032 et
1148 2991 1214 3051 pro·

139 3120 146 3135 ,
217 3063 364 3137 positione
375 3063 464 3122 iudex
476 3064 583 3122 crimen
595 3079 679 3121 omne
691 3061 853 3138 cognoscit,
872 3068 901 3119 et
916 3059 988 3119 ordo
1005 3068 1034 3118 et
1049 3058 1214 3118 causafacti

188 3150 270 3220 8pro
283 3145 451 3207 adversario
462 3146 554 3223 magis
570 3154 624 3204 est.
656 3143 734 3205 Reus
750 3152 851 3203 contra
863 3151 930 3203 tunc
941 3144 1133 3203 narrationem
1148 3142 1214 3200 sub·

216 3226 321 3304 trahet,
337 3247 400 3288 cum
414 3230 459 3306 td,
474 3227 553 3309 quod
567 3229 718 3304 obiicitur,
737 3245 833 3305 neque
849 3229 950 3305 negari
966 3244 1060 3305 neque
1081 3228 1216 3286 excusari

216 3312 335 3388 poterit,
351 3313 448 3372 sedin
465 3312 528 3372 sola
543 3314 611 3372 iuris
633 3313 802 3390 quaestione
818 3313 974 3379 consistet;
991 3319 1022 3370 ut
1040 3312 1069 3370 in
1084 3328 1131 3387 eo,
1149 3311 1214 3388 qui,

218 3410 282 3455 cum
298 3396 450 3473 pecuniam
466 3398 606 3475 privatam
623 3414 660 3456 ex
679 3395 752 3457 aede
767 3410 851 3455 sacra
870 3396 1050 3475 surripuerit,
1069 3392 1216 3471 sacrilegii
