<?xml version="1.0" encoding="UTF-8"?>
<!DOCTYPE html PUBLIC "-//W3C//DTD XHTML 1.0 Transitional//EN"
    "http://www.w3.org/TR/xhtml1/DTD/xhtml1-transitional.dtd">
<html xmlns="http://www.w3.org/1999/xhtml" xml:lang="en" lang="en">
 <head>
  <title>
</title>
<meta http-equiv="Content-Type" content="text/html;charset=utf-8" />
  <meta name='ocr-system' content='tesseract 3.04.00' />
  <meta name='ocr-capabilities' content='ocr_page ocr_carea ocr_par ocr_line ocrx_word'/>
</head>
<body>
  <div class='ocr_page' id='page_1' title='image "./mfabiiquintilia00bonngoog/mfabiiquintilia00bonngoog_0497.png"; bbox 0 0 2566 4026; ppageno 0'>
   <div class='ocr_carea' id='block_1_1' title="bbox 212 158 885 229">
    <p class='ocr_par' dir='ltr' id='par_1_1' title="bbox 212 158 885 229">
     <span class='ocr_line' id='line_1_1' title="bbox 212 158 885 229; baseline -0.009 -8"><span class='ocrx_word' id='word_1_1' title='bbox 212 158 271 221; x_wconf 81' lang='lat' dir='ltr'>too</span> <span class='ocrx_word' id='word_1_2' title='bbox 523 169 885 229; x_wconf 76' lang='lat' dir='ltr'>m.ann.ourur1nmu1</span> 
     </span>
    </p>
   </div>
   <div class='ocr_carea' id='block_1_2' title="bbox 161 320 1221 3514">
    <p class='ocr_par' dir='ltr' id='par_1_2' title="bbox 208 320 1220 472">
     <span class='ocr_line' id='line_1_2' title="bbox 208 320 1220 405; baseline 0.002 -17"><span class='ocrx_word' id='word_1_3' title='bbox 208 327 246 388; x_wconf 89' lang='lat' dir='ltr'>sit</span> <span class='ocrx_word' id='word_1_4' title='bbox 263 335 376 393; x_wconf 66' lang='lat' dir='ltr'>oraton</span> <span class='ocrx_word' id='word_1_5' title='bbox 392 343 476 403; x_wconf 93' lang='lat' dir='ltr'>quem</span> <span class='ocrx_word' id='word_1_6' title='bbox 492 333 586 383; x_wconf 90' lang='lat' dir='ltr'>tamen</span> <span class='ocrx_word' id='word_1_7' title='bbox 602 324 630 383; x_wconf 91' lang='lat' dir='ltr'>in</span> <span class='ocrx_word' id='word_1_8' title='bbox 647 320 698 383; x_wconf 92' lang='lat' dir='ltr'>illo</span> <span class='ocrx_word' id='word_1_9' title='bbox 714 321 808 384; x_wconf 90' lang='lat' dir='ltr'>medio</span> <span class='ocrx_word' id='word_1_10' title='bbox 828 342 938 401; x_wconf 76' lang='lat' dir='ltr'>genere</span> <span class='ocrx_word' id='word_1_11' title='bbox 955 324 1071 385; x_wconf 90' lang='lat' dir='ltr'>dicendi</span> <span class='ocrx_word' id='word_1_12' title='bbox 1087 328 1220 405; x_wconf 86' lang='lat' dir='ltr'>praelert</span> 
     </span>
     <span class='ocr_line' id='line_1_3' title="bbox 209 407 473 472; baseline -0.027 0"><span class='ocrx_word' id='word_1_13' title='bbox 209 409 340 472; x_wconf 90' lang='lat' dir='ltr'>omnibus</span> <span class='ocrx_word' id='word_1_14' title='bbox 358 407 473 468; x_wconf 86' lang='lat' dir='ltr'>Cicero.</span> 
     </span>
    </p>

    <p class='ocr_par' dir='ltr' id='par_1_3' title="bbox 165 491 1220 991">
     <span class='ocr_line' id='line_1_4' title="bbox 165 491 1220 571; baseline 0.003 -18"><span class='ocrx_word' id='word_1_15' title='bbox 165 508 200 563; x_wconf 72' lang='lat'>81</span> <span class='ocrx_word' id='word_1_16' title='bbox 292 491 624 571; x_wconf 86' lang='lat' dir='ltr'>Philosophorum,</span> <span class='ocrx_word' id='word_1_17' title='bbox 654 511 692 552; x_wconf 84' lang='lat' dir='ltr'>ex</span> <span class='ocrx_word' id='word_1_18' title='bbox 720 491 823 570; x_wconf 88' lang='lat' dir='ltr'>quibus</span> <span class='ocrx_word' id='word_1_19' title='bbox 851 491 1003 570; x_wconf 93' lang='lat' dir='ltr'>plurimum</span> <span class='ocrx_word' id='word_1_20' title='bbox 1029 512 1063 553; x_wconf 91' lang='lat' dir='ltr'>se</span> <span class='ocrx_word' id='word_1_21' title='bbox 1092 497 1220 556; x_wconf 78' lang='lat' dir='ltr'><strong>traxisse</strong></span> 
     </span>
     <span class='ocr_line' id='line_1_5' title="bbox 209 575 1219 657; baseline -0.001 -16"><span class='ocrx_word' id='word_1_22' title='bbox 209 579 393 657; x_wconf 78' lang='lat' dir='ltr'>eloquentiae</span> <span class='ocrx_word' id='word_1_23' title='bbox 417 575 455 636; x_wconf 89' lang='grc' dir='ltr'>Μ.</span> <span class='ocrx_word' id='word_1_24' title='bbox 480 575 591 635; x_wconf 82' lang='lat' dir='ltr'>&#39;Pullius</span> <span class='ocrx_word' id='word_1_25' title='bbox 611 575 779 652; x_wconf 81' lang='lat' dir='ltr'>confitetur,</span> <span class='ocrx_word' id='word_1_26' title='bbox 803 576 866 653; x_wconf 91' lang='lat' dir='ltr'>quis</span> <span class='ocrx_word' id='word_1_27' title='bbox 889 576 999 636; x_wconf 92' lang='lat' dir='ltr'>dubitet</span> <span class='ocrx_word' id='word_1_28' title='bbox 1022 577 1219 640; x_wconf 78' lang='lat' dir='ltr'>Platonem</span> 
     </span>
     <span class='ocr_line' id='line_1_6' title="bbox 208 659 1219 741; baseline 0 -17"><span class='ocrx_word' id='word_1_29' title='bbox 208 682 275 725; x_wconf 89' lang='lat' dir='ltr'>esse</span> <span class='ocrx_word' id='word_1_30' title='bbox 291 663 479 741; x_wconf 90' lang='lat' dir='ltr'>praecipuum</span> <span class='ocrx_word' id='word_1_31' title='bbox 496 660 559 719; x_wconf 89' lang='lat' dir='ltr'>sive</span> <span class='ocrx_word' id='word_1_32' title='bbox 581 662 710 719; x_wconf 84' lang='lat' dir='ltr'>acumine</span> <span class='ocrx_word' id='word_1_33' title='bbox 731 659 893 719; x_wconf 90' lang='lat' dir='ltr'>disserendi</span> <span class='ocrx_word' id='word_1_34' title='bbox 919 662 981 720; x_wconf 89' lang='lat' dir='ltr'>sive</span> <span class='ocrx_word' id='word_1_35' title='bbox 1003 660 1164 739; x_wconf 90' lang='lat' dir='ltr'>eloquendi</span> <span class='ocrx_word' id='word_1_36' title='bbox 1178 665 1219 724; x_wconf 88' lang='lat' dir='ltr'>ia-</span> 
     </span>
     <span class='ocr_line' id='line_1_7' title="bbox 208 741 1219 826; baseline -0.001 -17"><span class='ocrx_word' id='word_1_37' title='bbox 208 747 315 810; x_wconf 89' lang='lat' dir='ltr'>cultatc</span> <span class='ocrx_word' id='word_1_38' title='bbox 332 746 426 806; x_wconf 90' lang='lat' dir='ltr'>divina</span> <span class='ocrx_word' id='word_1_39' title='bbox 442 743 564 822; x_wconf 89' lang='lat' dir='ltr'>quadam</span> <span class='ocrx_word' id='word_1_40' title='bbox 579 752 608 802; x_wconf 91' lang='lat' dir='ltr'>et</span> <span class='ocrx_word' id='word_1_41' title='bbox 622 741 796 803; x_wconf 77' lang='lat' dir='ltr'>Homerica?</span> <span class='ocrx_word' id='word_1_42' title='bbox 823 742 942 803; x_wconf 85' lang='lat' dir='ltr'>ltlultnm</span> <span class='ocrx_word' id='word_1_43' title='bbox 959 745 1032 804; x_wconf 91' lang='lat' dir='ltr'>enim</span> <span class='ocrx_word' id='word_1_44' title='bbox 1043 764 1135 824; x_wconf 89' lang='lat' dir='ltr'>supra</span> <span class='ocrx_word' id='word_1_45' title='bbox 1152 765 1219 826; x_wconf 93' lang='lat' dir='ltr'>pro·</span> 
     </span>
     <span class='ocr_line' id='line_1_8' title="bbox 207 826 1220 908; baseline -0.001 -15"><span class='ocrx_word' id='word_1_46' title='bbox 207 850 269 893; x_wconf 87' lang='lat' dir='ltr'>sam</span> <span class='ocrx_word' id='word_1_47' title='bbox 285 831 445 890; x_wconf 89' lang='lat' dir='ltr'>orationem</span> <span class='ocrx_word' id='word_1_48' title='bbox 467 837 496 888; x_wconf 91' lang='grc' dir='ltr'>ει</span> <span class='ocrx_word' id='word_1_49' title='bbox 519 845 604 905; x_wconf 90' lang='lat' dir='ltr'>quam</span> <span class='ocrx_word' id='word_1_50' title='bbox 623 827 789 905; x_wconf 81' lang='lat' dir='ltr'>pedestrem</span> <span class='ocrx_word' id='word_1_51' title='bbox 806 826 910 888; x_wconf 84' lang='lat' dir='ltr'>Graeci</span> <span class='ocrx_word' id='word_1_52' title='bbox 930 837 1037 888; x_wconf 83' lang='lat' dir='ltr'>vocant</span> <span class='ocrx_word' id='word_1_53' title='bbox 1052 833 1165 908; x_wconf 82' lang='lat' dir='ltr'>surgit,</span> <span class='ocrx_word' id='word_1_54' title='bbox 1191 841 1220 892; x_wconf 93' lang='lat' dir='ltr'>ut</span> 
     </span>
     <span class='ocr_line' id='line_1_9' title="bbox 206 910 1219 991; baseline 0.001 -16"><span class='ocrx_word' id='word_1_55' title='bbox 206 916 274 976; x_wconf 94' lang='lat' dir='ltr'>mihi</span> <span class='ocrx_word' id='word_1_56' title='bbox 291 931 347 973; x_wconf 91' lang='lat' dir='ltr'>non</span> <span class='ocrx_word' id='word_1_57' title='bbox 365 913 486 973; x_wconf 90' lang='lat' dir='ltr'>hominis</span> <span class='ocrx_word' id='word_1_58' title='bbox 502 913 619 988; x_wconf 77' lang='lat' dir='ltr'>ingenio</span> <span class='ocrx_word' id='word_1_59' title='bbox 637 912 690 972; x_wconf 89' lang='lat' dir='ltr'>scd</span> <span class='ocrx_word' id='word_1_60' title='bbox 706 911 829 991; x_wconf 90' lang='lat' dir='ltr'>quodam</span> <span class='ocrx_word' id='word_1_61' title='bbox 841 910 985 990; x_wconf 87' lang='lat' dir='ltr'>Delphico</span> <span class='ocrx_word' id='word_1_62' title='bbox 1001 913 1136 974; x_wconf 83' lang='lat' dir='ltr'>videatur</span> <span class='ocrx_word' id='word_1_63' title='bbox 1154 933 1219 976; x_wconf 90' lang='lat' dir='ltr'>ora·</span> 
     </span>
    </p>

    <p class='ocr_par' dir='ltr' id='par_1_4' title="bbox 161 994 1221 1413">
     <span class='ocr_line' id='line_1_10' title="bbox 161 994 1220 1075; baseline -0.001 -15"><span class='ocrx_word' id='word_1_64' title='bbox 161 999 275 1068; x_wconf 62' lang='lat' dir='ltr'>seculo</span> <span class='ocrx_word' id='word_1_65' title='bbox 304 999 464 1057; x_wconf 91' lang='lat' dir='ltr'>instinctus.</span> <span class='ocrx_word' id='word_1_66' title='bbox 516 995 590 1069; x_wconf 82' lang='lat' dir='ltr'>Quid</span> <span class='ocrx_word' id='word_1_67' title='bbox 619 1013 676 1072; x_wconf 83' lang='lat' dir='ltr'>ego</span> <span class='ocrx_word' id='word_1_68' title='bbox 707 1013 929 1056; x_wconf 87' lang='lat' dir='ltr'>commemorem</span> <span class='ocrx_word' id='word_1_69' title='bbox 955 994 1220 1075; x_wconf 88' lang='lat' dir='ltr'>Xenophontis</span> 
     </span>
     <span class='ocr_line' id='line_1_11' title="bbox 206 1078 1218 1160; baseline 0 -16"><span class='ocrx_word' id='word_1_70' title='bbox 206 1083 285 1144; x_wconf 94' lang='lat' dir='ltr'>illam</span> <span class='ocrx_word' id='word_1_71' title='bbox 301 1082 506 1142; x_wconf 89' lang='lat' dir='ltr'>iucunditatem</span> <span class='ocrx_word' id='word_1_72' title='bbox 522 1078 713 1140; x_wconf 82' lang='lat' dir='ltr'>inaffectatum</span> <span class='ocrx_word' id='word_1_73' title='bbox 728 1079 780 1139; x_wconf 91' lang='lat' dir='ltr'>sed</span> <span class='ocrx_word' id='word_1_74' title='bbox 793 1097 877 1157; x_wconf 91' lang='lat' dir='ltr'>quam</span> <span class='ocrx_word' id='word_1_75' title='bbox 892 1080 971 1140; x_wconf 87' lang='lat' dir='ltr'>nulla</span> <span class='ocrx_word' id='word_1_76' title='bbox 987 1085 1130 1160; x_wconf 86' lang='lat' dir='ltr'>consequi</span> <span class='ocrx_word' id='word_1_77' title='bbox 1147 1085 1218 1144; x_wconf 83' lang='lat' dir='ltr'>alle-</span> 
     </span>
     <span class='ocr_line' id='line_1_12' title="bbox 209 1162 1221 1245; baseline 0.002 -19"><span class='ocrx_word' id='word_1_78' title='bbox 209 1169 296 1228; x_wconf 91' lang='lat' dir='ltr'>ctatio</span> <span class='ocrx_word' id='word_1_79' title='bbox 313 1162 426 1245; x_wconf 83' lang='lat' dir='ltr'>possiti</span> <span class='ocrx_word' id='word_1_80' title='bbox 448 1173 478 1223; x_wconf 88' lang='lat' dir='ltr'>ut</span> <span class='ocrx_word' id='word_1_81' title='bbox 500 1166 583 1242; x_wconf 88' lang='lat' dir='ltr'>ipsae</span> <span class='ocrx_word' id='word_1_82' title='bbox 604 1181 768 1224; x_wconf 90' lang='lat' dir='ltr'>sermonem</span> <span class='ocrx_word' id='word_1_83' title='bbox 789 1164 907 1224; x_wconf 86' lang='lat' dir='ltr'>linxisse</span> <span class='ocrx_word' id='word_1_84' title='bbox 926 1162 1040 1224; x_wconf 89' lang='lat' dir='ltr'>Gratiae</span> <span class='ocrx_word' id='word_1_85' title='bbox 1064 1167 1221 1228; x_wconf 82' lang='lat' dir='ltr'>videantur</span> 
     </span>
     <span class='ocr_line' id='line_1_13' title="bbox 208 1247 1220 1328; baseline 0.001 -17"><span class='ocrx_word' id='word_1_86' title='bbox 208 1260 252 1327; x_wconf 89' lang='lat' dir='ltr'>et,</span> <span class='ocrx_word' id='word_1_87' title='bbox 278 1249 355 1328; x_wconf 95' lang='lat' dir='ltr'>quod</span> <span class='ocrx_word' id='word_1_88' title='bbox 378 1250 413 1309; x_wconf 93' lang='lat' dir='ltr'>de</span> <span class='ocrx_word' id='word_1_89' title='bbox 429 1248 543 1308; x_wconf 83' lang='lat' dir='ltr'>Pericle</span> <span class='ocrx_word' id='word_1_90' title='bbox 568 1249 677 1307; x_wconf 88' lang='lat' dir='ltr'>veteris</span> <span class='ocrx_word' id='word_1_91' title='bbox 705 1247 873 1308; x_wconf 89' lang='lat' dir='ltr'>comoediae</span> <span class='ocrx_word' id='word_1_92' title='bbox 894 1249 1087 1308; x_wconf 90' lang='lat' dir='ltr'>testimonium</span> <span class='ocrx_word' id='word_1_93' title='bbox 1103 1261 1167 1327; x_wconf 90' lang='lat' dir='ltr'>est,</span> <span class='ocrx_word' id='word_1_94' title='bbox 1191 1254 1220 1312; x_wconf 93' lang='lat' dir='ltr'>in</span> 
     </span>
     <span class='ocr_line' id='line_1_14' title="bbox 206 1331 1218 1413; baseline 0.003 -19"><span class='ocrx_word' id='word_1_95' title='bbox 206 1334 283 1395; x_wconf 93' lang='lat' dir='ltr'>hunc</span> <span class='ocrx_word' id='word_1_96' title='bbox 298 1334 448 1395; x_wconf 84' lang='lat' dir='ltr'>transferri</span> <span class='ocrx_word' id='word_1_97' title='bbox 463 1333 619 1394; x_wconf 91' lang='lat' dir='ltr'>iustissime</span> <span class='ocrx_word' id='word_1_98' title='bbox 635 1332 743 1410; x_wconf 84' lang='lat' dir='ltr'>possit,</span> <span class='ocrx_word' id='word_1_99' title='bbox 767 1333 795 1391; x_wconf 95' lang='lat' dir='ltr'>in</span> <span class='ocrx_word' id='word_1_100' title='bbox 810 1331 898 1393; x_wconf 88' lang='lat' dir='ltr'>labris</span> <span class='ocrx_word' id='word_1_101' title='bbox 916 1333 977 1391; x_wconf 92' lang='lat' dir='ltr'>eius</span> <span class='ocrx_word' id='word_1_102' title='bbox 995 1333 1110 1393; x_wconf 89' lang='lat' dir='ltr'>sedisse</span> <span class='ocrx_word' id='word_1_103' title='bbox 1127 1354 1218 1413; x_wconf 91' lang='lat' dir='ltr'>quan·</span> 
     </span>
    </p>

    <p class='ocr_par' dir='ltr' id='par_1_5' title="bbox 163 1415 1219 1832">
     <span class='ocr_line' id='line_1_15' title="bbox 163 1415 1219 1496; baseline 0 -16"><span class='ocrx_word' id='word_1_104' title='bbox 163 1420 271 1487; x_wconf 73' lang='lat' dir='ltr'>eadam</span> <span class='ocrx_word' id='word_1_105' title='bbox 288 1417 483 1496; x_wconf 90' lang='lat' dir='ltr'>persuadendi</span> <span class='ocrx_word' id='word_1_106' title='bbox 505 1416 597 1477; x_wconf 91' lang='lat' dir='ltr'>deam.</span> <span class='ocrx_word' id='word_1_107' title='bbox 634 1415 708 1489; x_wconf 81' lang='lat' dir='ltr'>Quid</span> <span class='ocrx_word' id='word_1_108' title='bbox 731 1415 908 1495; x_wconf 88' lang='lat' dir='ltr'>reliquorum</span> <span class='ocrx_word' id='word_1_109' title='bbox 930 1416 1219 1480; x_wconf 87' lang='lat' dir='ltr'>Socraticorum</span> 
     </span>
     <span class='ocr_line' id='line_1_16' title="bbox 208 1498 1218 1580; baseline 0.002 -17"><span class='ocrx_word' id='word_1_110' title='bbox 208 1498 404 1580; x_wconf 77' lang='lat' dir='ltr'>elegantiam?</span> <span class='ocrx_word' id='word_1_111' title='bbox 449 1501 523 1576; x_wconf 81' lang='lat' dir='ltr'>Quid</span> <span class='ocrx_word' id='word_1_112' title='bbox 549 1498 820 1560; x_wconf 77' lang='lat' dir='ltr'>Aristotelem?</span> <span class='ocrx_word' id='word_1_113' title='bbox 858 1517 943 1577; x_wconf 89' lang='lat' dir='ltr'>quem</span> <span class='ocrx_word' id='word_1_114' title='bbox 969 1500 1067 1561; x_wconf 90' lang='lat' dir='ltr'>dubito</span> <span class='ocrx_word' id='word_1_115' title='bbox 1094 1503 1218 1565; x_wconf 89' lang='lat' dir='ltr'>seientia</span> 
     </span>
     <span class='ocr_line' id='line_1_17' title="bbox 207 1584 1218 1665; baseline 0.002 -19"><span class='ocrx_word' id='word_1_116' title='bbox 207 1604 304 1646; x_wconf 89' lang='lat' dir='ltr'>rerum</span> <span class='ocrx_word' id='word_1_117' title='bbox 327 1605 362 1646; x_wconf 91' lang='lat' dir='ltr'>an</span> <span class='ocrx_word' id='word_1_118' title='bbox 383 1589 557 1665; x_wconf 92' lang='lat' dir='ltr'>scriptorum</span> <span class='ocrx_word' id='word_1_119' title='bbox 580 1585 665 1662; x_wconf 91' lang='lat' dir='ltr'>copia</span> <span class='ocrx_word' id='word_1_120' title='bbox 682 1602 718 1644; x_wconf 91' lang='lat' dir='ltr'>an</span> <span class='ocrx_word' id='word_1_121' title='bbox 733 1584 889 1664; x_wconf 92' lang='lat' dir='ltr'>eloquendi</span> <span class='ocrx_word' id='word_1_122' title='bbox 904 1585 1045 1645; x_wconf 87' lang='lat' dir='ltr'>suauitate</span> <span class='ocrx_word' id='word_1_123' title='bbox 1065 1603 1100 1645; x_wconf 92' lang='lat' dir='ltr'>an</span> <span class='ocrx_word' id='word_1_124' title='bbox 1117 1588 1218 1648; x_wconf 89' lang='lat' dir='ltr'>inven-</span> 
     </span>
     <span class='ocr_line' id='line_1_18' title="bbox 207 1669 1219 1747; baseline 0.005 -19"><span class='ocrx_word' id='word_1_125' title='bbox 207 1671 317 1728; x_wconf 87' lang='lat' dir='ltr'>tionum</span> <span class='ocrx_word' id='word_1_126' title='bbox 338 1671 467 1731; x_wconf 91' lang='lat' dir='ltr'>acumine</span> <span class='ocrx_word' id='word_1_127' title='bbox 490 1687 525 1728; x_wconf 90' lang='lat' dir='ltr'>an</span> <span class='ocrx_word' id='word_1_128' title='bbox 540 1669 681 1728; x_wconf 82' lang='lat' dir='ltr'>varietate</span> <span class='ocrx_word' id='word_1_129' title='bbox 697 1686 818 1747; x_wconf 91' lang='lat' dir='ltr'>operum</span> <span class='ocrx_word' id='word_1_130' title='bbox 834 1669 987 1729; x_wconf 90' lang='lat' dir='ltr'>clariorem</span> <span class='ocrx_word' id='word_1_131' title='bbox 1004 1678 1110 1746; x_wconf 93' lang='lat' dir='ltr'>putem.</span> <span class='ocrx_word' id='word_1_132' title='bbox 1144 1671 1219 1734; x_wconf 89' lang='lat' dir='ltr'>Nam</span> 
     </span>
     <span class='ocr_line' id='line_1_19' title="bbox 207 1751 1218 1832; baseline 0.005 -21"><span class='ocrx_word' id='word_1_133' title='bbox 207 1755 235 1812; x_wconf 93' lang='lat' dir='ltr'>in</span> <span class='ocrx_word' id='word_1_134' title='bbox 251 1751 512 1831; x_wconf 81' lang='lat' dir='ltr'>Theophrasto</span> <span class='ocrx_word' id='word_1_135' title='bbox 533 1761 589 1812; x_wconf 89' lang='lat' dir='ltr'>tam</span> <span class='ocrx_word' id='word_1_136' title='bbox 612 1761 657 1812; x_wconf 88' lang='lat' dir='ltr'>cst</span> <span class='ocrx_word' id='word_1_137' title='bbox 672 1752 810 1832; x_wconf 93' lang='lat' dir='ltr'>loquendi</span> <span class='ocrx_word' id='word_1_138' title='bbox 825 1756 901 1812; x_wconf 93' lang='lat' dir='ltr'>nitor</span> <span class='ocrx_word' id='word_1_139' title='bbox 918 1753 968 1812; x_wconf 92' lang='lat' dir='ltr'>ille</span> <span class='ocrx_word' id='word_1_140' title='bbox 984 1752 1113 1829; x_wconf 89' lang='lat' dir='ltr'>divinus,</span> <span class='ocrx_word' id='word_1_141' title='bbox 1131 1764 1161 1815; x_wconf 93' lang='lat' dir='ltr'>ut</span> <span class='ocrx_word' id='word_1_142' title='bbox 1179 1774 1218 1816; x_wconf 89' lang='lat' dir='ltr'>ex</span> 
     </span>
    </p>

    <p class='ocr_par' dir='ltr' id='par_1_6' title="bbox 164 1836 1217 2251">
     <span class='ocr_line' id='line_1_20' title="bbox 164 1836 1217 1917; baseline 0.002 -20"><span class='ocrx_word' id='word_1_143' title='bbox 164 1849 242 1904; x_wconf 59' lang='lat' dir='ltr'>eleo</span> <span class='ocrx_word' id='word_1_144' title='bbox 258 1853 362 1896; x_wconf 91' lang='lat' dir='ltr'>nomen</span> <span class='ocrx_word' id='word_1_145' title='bbox 380 1854 497 1916; x_wconf 91' lang='lat' dir='ltr'>quoqne</span> <span class='ocrx_word' id='word_1_146' title='bbox 512 1839 636 1897; x_wconf 87' lang='lat' dir='ltr'>traxisse</span> <span class='ocrx_word' id='word_1_147' title='bbox 653 1837 772 1898; x_wconf 90' lang='lat' dir='ltr'>dicatur.</span> <span class='ocrx_word' id='word_1_148' title='bbox 802 1836 895 1897; x_wconf 85' lang='lat' dir='ltr'>llinus</span> <span class='ocrx_word' id='word_1_149' title='bbox 911 1837 1058 1897; x_wconf 91' lang='lat' dir='ltr'>indulsere</span> <span class='ocrx_word' id='word_1_150' title='bbox 1075 1837 1217 1917; x_wconf 89' lang='lat' dir='ltr'>eloquen-</span> 
     </span>
     <span class='ocr_line' id='line_1_21' title="bbox 207 1921 1217 1989; baseline 0.004 -9"><span class='ocrx_word' id='word_1_151' title='bbox 207 1922 265 1981; x_wconf 91' lang='lat' dir='ltr'>tiae</span> <span class='ocrx_word' id='word_1_152' title='bbox 281 1921 399 1980; x_wconf 88' lang='lat' dir='ltr'>Stoici</span> <span class='ocrx_word' id='word_1_153' title='bbox 416 1931 548 1989; x_wconf 87' lang='lat' dir='ltr'>vetcres;</span> <span class='ocrx_word' id='word_1_154' title='bbox 566 1923 619 1982; x_wconf 91' lang='lat' dir='ltr'>sed</span> <span class='ocrx_word' id='word_1_155' title='bbox 636 1939 699 1980; x_wconf 90' lang='lat' dir='ltr'>cnm</span> <span class='ocrx_word' id='word_1_156' title='bbox 710 1921 833 1982; x_wconf 89' lang='lat' dir='ltr'>honesta</span> <span class='ocrx_word' id='word_1_157' title='bbox 847 1928 1000 1981; x_wconf 89' lang='lat' dir='ltr'>suaserunt</span> <span class='ocrx_word' id='word_1_158' title='bbox 1015 1930 1072 1980; x_wconf 91' lang='lat' dir='ltr'>turn</span> <span class='ocrx_word' id='word_1_159' title='bbox 1083 1923 1112 1979; x_wconf 88' lang='lat' dir='ltr'>in</span> <span class='ocrx_word' id='word_1_160' title='bbox 1131 1923 1217 1983; x_wconf 93' lang='lat' dir='ltr'>colli-</span> 
     </span>
     <span class='ocr_line' id='line_1_22' title="bbox 207 2003 1215 2087; baseline 0.005 -24"><span class='ocrx_word' id='word_1_161' title='bbox 207 2005 303 2082; x_wconf 82' lang='lat' dir='ltr'>gendo</span> <span class='ocrx_word' id='word_1_162' title='bbox 328 2004 555 2084; x_wconf 88' lang='lat' dir='ltr'>probandoque,</span> <span class='ocrx_word' id='word_1_163' title='bbox 576 2023 650 2083; x_wconf 91' lang='lat' dir='ltr'>quae</span> <span class='ocrx_word' id='word_1_164' title='bbox 665 2007 861 2082; x_wconf 85' lang='lat' dir='ltr'>instituerant,</span> <span class='ocrx_word' id='word_1_165' title='bbox 885 2003 1036 2083; x_wconf 92' lang='lat' dir='ltr'>plurimum</span> <span class='ocrx_word' id='word_1_166' title='bbox 1050 2005 1215 2087; x_wconf 84' lang='lat' dir='ltr'>valuerunt,</span> 
     </span>
     <span class='ocr_line' id='line_1_23' title="bbox 208 2088 1216 2171; baseline 0.004 -24"><span class='ocrx_word' id='word_1_167' title='bbox 208 2088 295 2147; x_wconf 89' lang='lat' dir='ltr'>rebus</span> <span class='ocrx_word' id='word_1_168' title='bbox 308 2098 403 2148; x_wconf 91' lang='lat' dir='ltr'>tamen</span> <span class='ocrx_word' id='word_1_169' title='bbox 415 2093 491 2150; x_wconf 88' lang='lat' dir='ltr'>acuti</span> <span class='ocrx_word' id='word_1_170' title='bbox 502 2091 593 2166; x_wconf 87' lang='lat' dir='ltr'>magis</span> <span class='ocrx_word' id='word_1_171' title='bbox 606 2107 700 2167; x_wconf 91' lang='lat' dir='ltr'>quam,</span> <span class='ocrx_word' id='word_1_172' title='bbox 708 2089 737 2150; x_wconf 93' lang='lat' dir='ltr'>id</span> <span class='ocrx_word' id='word_1_173' title='bbox 749 2090 826 2167; x_wconf 91' lang='lat' dir='ltr'>quod</span> <span class='ocrx_word' id='word_1_174' title='bbox 842 2107 912 2150; x_wconf 92' lang='lat' dir='ltr'>sane</span> <span class='ocrx_word' id='word_1_175' title='bbox 924 2107 981 2149; x_wconf 92' lang='lat' dir='ltr'>non</span> <span class='ocrx_word' id='word_1_176' title='bbox 993 2089 1216 2171; x_wconf 87' lang='lat' dir='ltr'>allectaverunt,</span> 
     </span>
     <span class='ocr_line' id='line_1_24' title="bbox 208 2174 510 2251; baseline 0.003 -20"><span class='ocrx_word' id='word_1_177' title='bbox 208 2174 339 2232; x_wconf 85' lang='lat' dir='ltr'>oratione</span> <span class='ocrx_word' id='word_1_178' title='bbox 357 2175 510 2251; x_wconf 86' lang='lat' dir='ltr'>magnifici.</span> 
     </span>
    </p>

    <p class='ocr_par' dir='ltr' id='par_1_7' title="bbox 164 2256 1217 2587">
     <span class='ocr_line' id='line_1_25' title="bbox 164 2256 1217 2337; baseline 0.004 -20"><span class='ocrx_word' id='word_1_179' title='bbox 164 2269 198 2323; x_wconf 79' lang='lat'>85</span> <span class='ocrx_word' id='word_1_180' title='bbox 290 2257 369 2317; x_wconf 94' lang='lat' dir='ltr'>ldem</span> <span class='ocrx_word' id='word_1_181' title='bbox 392 2258 474 2317; x_wconf 91' lang='lat' dir='ltr'>nobis</span> <span class='ocrx_word' id='word_1_182' title='bbox 499 2276 554 2337; x_wconf 90' lang='lat' dir='ltr'>per</span> <span class='ocrx_word' id='word_1_183' title='bbox 574 2256 755 2317; x_wconf 89' lang='lat' dir='ltr'>Romanos</span> <span class='ocrx_word' id='word_1_184' title='bbox 782 2274 897 2335; x_wconf 91' lang='lat' dir='ltr'>quoque</span> <span class='ocrx_word' id='word_1_185' title='bbox 921 2268 1055 2318; x_wconf 87' lang='lat' dir='ltr'>auctores</span> <span class='ocrx_word' id='word_1_186' title='bbox 1075 2259 1149 2319; x_wconf 94' lang='lat' dir='ltr'>ordo</span> <span class='ocrx_word' id='word_1_187' title='bbox 1165 2259 1217 2321; x_wconf 92' lang='lat' dir='ltr'>du-</span> 
     </span>
     <span class='ocr_line' id='line_1_26' title="bbox 209 2339 1217 2421; baseline 0.004 -21"><span class='ocrx_word' id='word_1_188' title='bbox 209 2340 318 2400; x_wconf 91' lang='lat' dir='ltr'>cendus</span> <span class='ocrx_word' id='word_1_189' title='bbox 335 2351 390 2420; x_wconf 89' lang='lat' dir='ltr'>est,</span> <span class='ocrx_word' id='word_1_190' title='bbox 414 2342 514 2421; x_wconf 90' lang='lat' dir='ltr'>ltaque</span> <span class='ocrx_word' id='word_1_191' title='bbox 531 2349 561 2400; x_wconf 96' lang='lat' dir='ltr'>ut</span> <span class='ocrx_word' id='word_1_192' title='bbox 576 2340 651 2419; x_wconf 91' lang='lat' dir='ltr'>apud</span> <span class='ocrx_word' id='word_1_193' title='bbox 667 2340 734 2400; x_wconf 89' lang='lat' dir='ltr'>illos</span> <span class='ocrx_word' id='word_1_194' title='bbox 746 2339 889 2400; x_wconf 78' lang='lat' dir='ltr'>homerus</span> <span class='ocrx_word' id='word_1_195' title='bbox 905 2342 947 2400; x_wconf 91' lang='lat' dir='ltr'>sic</span> <span class='ocrx_word' id='word_1_196' title='bbox 964 2339 1039 2420; x_wconf 90' lang='lat' dir='ltr'>apud</span> <span class='ocrx_word' id='word_1_197' title='bbox 1054 2358 1107 2400; x_wconf 93' lang='lat' dir='ltr'>nos</span> <span class='ocrx_word' id='word_1_198' title='bbox 1124 2341 1217 2404; x_wconf 89' lang='lat' dir='ltr'>Ver·</span> 
     </span>
     <span class='ocr_line' id='line_1_27' title="bbox 208 2424 1216 2505; baseline 0.005 -22"><span class='ocrx_word' id='word_1_199' title='bbox 208 2424 326 2500; x_wconf 82' lang='lat' dir='ltr'>gilius</span> <span class='ocrx_word' id='word_1_200' title='bbox 349 2427 609 2505; x_wconf 90' lang='lat' dir='ltr'>auspicatissimum</span> <span class='ocrx_word' id='word_1_201' title='bbox 625 2424 737 2485; x_wconf 88' lang='lat' dir='ltr'>dederit</span> <span class='ocrx_word' id='word_1_202' title='bbox 753 2425 919 2500; x_wconf 88' lang='lat' dir='ltr'>exordium,</span> <span class='ocrx_word' id='word_1_203' title='bbox 945 2429 1068 2485; x_wconf 92' lang='lat' dir='ltr'>omnium</span> <span class='ocrx_word' id='word_1_204' title='bbox 1085 2427 1148 2485; x_wconf 90' lang='lat' dir='ltr'>eius</span> <span class='ocrx_word' id='word_1_205' title='bbox 1164 2446 1216 2505; x_wconf 85' lang='lat' dir='ltr'>ge-</span> 
     </span>
     <span class='ocr_line' id='line_1_28' title="bbox 207 2507 1216 2587; baseline 0.005 -21"><span class='ocrx_word' id='word_1_206' title='bbox 207 2509 285 2567; x_wconf 92' lang='lat' dir='ltr'>neris</span> <span class='ocrx_word' id='word_1_207' title='bbox 297 2520 449 2587; x_wconf 93' lang='lat' dir='ltr'>poetarum</span> <span class='ocrx_word' id='word_1_208' title='bbox 458 2509 633 2571; x_wconf 89' lang='lat' dir='ltr'>Graecorum</span> <span class='ocrx_word' id='word_1_209' title='bbox 645 2517 867 2587; x_wconf 91' lang='lat' dir='ltr'>nostrorumque</span> <span class='ocrx_word' id='word_1_210' title='bbox 878 2507 953 2568; x_wconf 91' lang='lat' dir='ltr'>haud</span> <span class='ocrx_word' id='word_1_211' title='bbox 964 2509 1216 2586; x_wconf 84' lang='lat' dir='ltr'>dubieproximus.</span> 
     </span>
    </p>

    <p class='ocr_par' dir='ltr' id='par_1_8' title="bbox 165 2590 1218 3092">
     <span class='ocr_line' id='line_1_29' title="bbox 165 2590 1216 2669; baseline 0.005 -19"><span class='ocrx_word' id='word_1_212' title='bbox 165 2590 280 2662; x_wconf 70' lang='lat' dir='ltr'>geUtor</span> <span class='ocrx_word' id='word_1_213' title='bbox 298 2594 371 2652; x_wconf 90' lang='lat' dir='ltr'>enim</span> <span class='ocrx_word' id='word_1_214' title='bbox 386 2593 484 2653; x_wconf 87' lang='lat' dir='ltr'>verbis</span> <span class='ocrx_word' id='word_1_215' title='bbox 506 2593 624 2668; x_wconf 90' lang='lat' dir='ltr'>iisdem,</span> <span class='ocrx_word' id='word_1_216' title='bbox 654 2609 727 2669; x_wconf 90' lang='lat' dir='ltr'>quae</span> <span class='ocrx_word' id='word_1_217' title='bbox 749 2610 786 2651; x_wconf 88' lang='lat' dir='ltr'>ex</span> <span class='ocrx_word' id='word_1_218' title='bbox 802 2592 875 2652; x_wconf 82' lang='lat' dir='ltr'>Afro</span> <span class='ocrx_word' id='word_1_219' title='bbox 894 2591 1020 2654; x_wconf 90' lang='lat' dir='ltr'>Domitio</span> <span class='ocrx_word' id='word_1_220' title='bbox 1037 2593 1148 2653; x_wconf 89' lang='lat' dir='ltr'>iuvenis</span> <span class='ocrx_word' id='word_1_221' title='bbox 1166 2613 1216 2655; x_wconf 83' lang='lat' dir='ltr'>ex-</span> 
     </span>
     <span class='ocr_line' id='line_1_30' title="bbox 209 2676 1218 2754; baseline 0.006 -20"><span class='ocrx_word' id='word_1_222' title='bbox 209 2678 287 2753; x_wconf 84' lang='lat' dir='ltr'>cepi;</span> <span class='ocrx_word' id='word_1_223' title='bbox 307 2678 355 2754; x_wconf 95' lang='lat' dir='ltr'>qul</span> <span class='ocrx_word' id='word_1_224' title='bbox 372 2677 439 2737; x_wconf 92' lang='lat' dir='ltr'>mihi</span> <span class='ocrx_word' id='word_1_225' title='bbox 456 2678 664 2754; x_wconf 83' lang='lat' dir='ltr'>interroganti,</span> <span class='ocrx_word' id='word_1_226' title='bbox 683 2694 768 2754; x_wconf 91' lang='lat' dir='ltr'>quem</span> <span class='ocrx_word' id='word_1_227' title='bbox 788 2676 915 2736; x_wconf 90' lang='lat' dir='ltr'>Homero</span> <span class='ocrx_word' id='word_1_228' title='bbox 939 2677 1073 2737; x_wconf 92' lang='lat' dir='ltr'>crederet</span> <span class='ocrx_word' id='word_1_229' title='bbox 1093 2681 1218 2740; x_wconf 86' lang='lat' dir='ltr'>maxime</span> 
     </span>
     <span class='ocr_line' id='line_1_31' title="bbox 207 2758 1217 2840; baseline 0.006 -22"><span class='ocrx_word' id='word_1_230' title='bbox 207 2759 371 2837; x_wconf 89' lang='lat' dir='ltr'>accedere,</span> <span class='ocrx_word' id='word_1_231' title='bbox 393 2760 572 2835; x_wconf 82' lang='lat' dir='ltr'>Secundus,</span> <span class='ocrx_word' id='word_1_232' title='bbox 595 2761 700 2838; x_wconf 86' lang='lat' dir='ltr'>inquit,</span> <span class='ocrx_word' id='word_1_233' title='bbox 718 2769 762 2822; x_wconf 79' lang='lat' dir='ltr'>est</span> <span class='ocrx_word' id='word_1_234' title='bbox 780 2758 949 2840; x_wconf 78' lang='lat' dir='ltr'>Varpitius,</span> <span class='ocrx_word' id='word_1_235' title='bbox 971 2760 1099 2840; x_wconf 82' lang='lat' dir='ltr'>propior</span> <span class='ocrx_word' id='word_1_236' title='bbox 1115 2770 1217 2824; x_wconf 84' lang='lat' dir='ltr'>tomen</span> 
     </span>
     <span class='ocr_line' id='line_1_32' title="bbox 205 2843 1217 2925; baseline 0.005 -22"><span class='ocrx_word' id='word_1_237' title='bbox 205 2844 306 2922; x_wconf 85' lang='lat' dir='ltr'>primo</span> <span class='ocrx_word' id='word_1_238' title='bbox 322 2863 413 2923; x_wconf 84' lang='lat' dir='ltr'>qoam</span> <span class='ocrx_word' id='word_1_239' title='bbox 431 2848 529 2908; x_wconf 81' lang='lat' dir='ltr'>tertio.</span> <span class='ocrx_word' id='word_1_240' title='bbox 562 2843 599 2905; x_wconf 84' lang='lat' dir='ltr'>Et</span> <span class='ocrx_word' id='word_1_241' title='bbox 615 2843 734 2904; x_wconf 90' lang='lat' dir='ltr'>hercule</span> <span class='ocrx_word' id='word_1_242' title='bbox 750 2853 781 2904; x_wconf 93' lang='lat' dir='ltr'>ut</span> <span class='ocrx_word' id='word_1_243' title='bbox 796 2845 838 2904; x_wconf 91' lang='lat' dir='ltr'>illi</span> <span class='ocrx_word' id='word_1_244' title='bbox 854 2853 972 2905; x_wconf 90' lang='lat' dir='ltr'>naturae</span> <span class='ocrx_word' id='word_1_245' title='bbox 991 2843 1115 2905; x_wconf 91' lang='lat' dir='ltr'>coelesti</span> <span class='ocrx_word' id='word_1_246' title='bbox 1130 2855 1217 2925; x_wconf 89' lang='lat' dir='ltr'>atque</span> 
     </span>
     <span class='ocr_line' id='line_1_33' title="bbox 208 2928 1218 3007; baseline 0.004 -20"><span class='ocrx_word' id='word_1_247' title='bbox 208 2928 361 2989; x_wconf 92' lang='lat' dir='ltr'>immortali</span> <span class='ocrx_word' id='word_1_248' title='bbox 378 2931 568 2991; x_wconf 91' lang='lat' dir='ltr'>cesserimus:</span> <span class='ocrx_word' id='word_1_249' title='bbox 586 2931 626 2989; x_wconf 88' lang='lat' dir='ltr'>ita</span> <span class='ocrx_word' id='word_1_250' title='bbox 644 2947 730 2989; x_wconf 89' lang='lat' dir='ltr'>curae</span> <span class='ocrx_word' id='word_1_251' title='bbox 747 2936 776 2988; x_wconf 90' lang='lat' dir='ltr'>et</span> <span class='ocrx_word' id='word_1_252' title='bbox 791 2930 958 3007; x_wconf 87' lang='lat' dir='ltr'>diligentiae</span> <span class='ocrx_word' id='word_1_253' title='bbox 974 2928 1024 2989; x_wconf 83' lang='lat' dir='ltr'>vel</span> <span class='ocrx_word' id='word_1_254' title='bbox 1037 2929 1104 2988; x_wconf 91' lang='lat' dir='ltr'>ideo</span> <span class='ocrx_word' id='word_1_255' title='bbox 1121 2930 1149 2989; x_wconf 93' lang='lat' dir='ltr'>in</span> <span class='ocrx_word' id='word_1_256' title='bbox 1161 2931 1218 2991; x_wconf 93' lang='lat' dir='ltr'>hoc</span> 
     </span>
     <span class='ocr_line' id='line_1_34' title="bbox 208 3011 1218 3092; baseline 0.004 -22"><span class='ocrx_word' id='word_1_257' title='bbox 208 3011 273 3089; x_wconf 92' lang='lat' dir='ltr'>plus</span> <span class='ocrx_word' id='word_1_258' title='bbox 291 3023 352 3089; x_wconf 90' lang='lat' dir='ltr'>est,</span> <span class='ocrx_word' id='word_1_259' title='bbox 376 3015 452 3091; x_wconf 90' lang='lat' dir='ltr'>quod</span> <span class='ocrx_word' id='word_1_260' title='bbox 477 3016 504 3074; x_wconf 92' lang='lat' dir='ltr'>ei</span> <span class='ocrx_word' id='word_1_261' title='bbox 519 3015 572 3075; x_wconf 90' lang='lat' dir='ltr'>init</span> <span class='ocrx_word' id='word_1_262' title='bbox 594 3015 685 3090; x_wconf 81' lang='lat' dir='ltr'>magis</span> <span class='ocrx_word' id='word_1_263' title='bbox 703 3013 907 3090; x_wconf 89' lang='lat' dir='ltr'>laborandum,</span> <span class='ocrx_word' id='word_1_264' title='bbox 935 3023 963 3073; x_wconf 92' lang='lat' dir='ltr'>et</span> <span class='ocrx_word' id='word_1_265' title='bbox 988 3022 1122 3092; x_wconf 92' lang='lat' dir='ltr'>quantum</span> <span class='ocrx_word' id='word_1_266' title='bbox 1149 3018 1218 3074; x_wconf 89' lang='lat' dir='ltr'>emi-</span> 
     </span>
    </p>

    <p class='ocr_par' dir='ltr' id='par_1_9' title="bbox 165 3096 1219 3514">
     <span class='ocr_line' id='line_1_35' title="bbox 165 3096 1219 3177; baseline 0.005 -22"><span class='ocrx_word' id='word_1_267' title='bbox 165 3097 341 3168; x_wconf 72' lang='lat' dir='ltr'>equentibus</span> <span class='ocrx_word' id='word_1_268' title='bbox 364 3099 520 3175; x_wconf 86' lang='lat' dir='ltr'>vincimur,</span> <span class='ocrx_word' id='word_1_269' title='bbox 540 3100 676 3159; x_wconf 82' lang='lat' dir='ltr'>-iortasse</span> <span class='ocrx_word' id='word_1_270' title='bbox 706 3097 881 3177; x_wconf 90' lang='lat' dir='ltr'>aequalitate</span> <span class='ocrx_word' id='word_1_271' title='bbox 908 3116 1072 3176; x_wconf 89' lang='lat' dir='ltr'>pensamus.</span> <span class='ocrx_word' id='word_1_272' title='bbox 1119 3096 1219 3160; x_wconf 80' lang='lat' dir='ltr'>Ceteri</span> 
     </span>
     <span class='ocr_line' id='line_1_36' title="bbox 210 3179 1218 3262; baseline 0.004 -24"><span class='ocrx_word' id='word_1_273' title='bbox 210 3197 309 3240; x_wconf 89' lang='lat' dir='ltr'>omnes</span> <span class='ocrx_word' id='word_1_274' title='bbox 322 3180 411 3258; x_wconf 82' lang='lat' dir='ltr'>longe</span> <span class='ocrx_word' id='word_1_275' title='bbox 424 3193 591 3262; x_wconf 91' lang='lat' dir='ltr'>sequentur.</span> <span class='ocrx_word' id='word_1_276' title='bbox 619 3181 690 3241; x_wconf 91' lang='lat' dir='ltr'>Nam</span> <span class='ocrx_word' id='word_1_277' title='bbox 706 3181 757 3242; x_wconf 91' lang='lat' dir='ltr'>lla</span> <span class='ocrx_word' id='word_1_278' title='bbox 767 3201 781 3241; x_wconf 90' lang='lat' dir='ltr'>e</span> <span class='ocrx_word' id='word_1_279' title='bbox 792 3201 829 3242; x_wconf 95' lang='lat' dir='ltr'>er</span> <span class='ocrx_word' id='word_1_280' title='bbox 845 3191 874 3242; x_wconf 91' lang='lat' dir='ltr'>et</span> <span class='ocrx_word' id='word_1_281' title='bbox 888 3179 1083 3242; x_wconf 88' lang='lat' dir='ltr'>Lucretius</span> <span class='ocrx_word' id='word_1_282' title='bbox 1099 3181 1218 3258; x_wconf 87' lang='lat' dir='ltr'>legendi</span> 
     </span>
     <span class='ocr_line' id='line_1_37' title="bbox 211 3264 1217 3345; baseline 0.004 -23"><span class='ocrx_word' id='word_1_283' title='bbox 211 3264 336 3343; x_wconf 91' lang='lat' dir='ltr'>quidem,</span> <span class='ocrx_word' id='word_1_284' title='bbox 349 3266 401 3325; x_wconf 93' lang='lat' dir='ltr'>sed</span> <span class='ocrx_word' id='word_1_285' title='bbox 414 3284 471 3327; x_wconf 93' lang='lat' dir='ltr'>non</span> <span class='ocrx_word' id='word_1_286' title='bbox 483 3276 512 3326; x_wconf 93' lang='lat' dir='ltr'>ut</span> <span class='ocrx_word' id='word_1_287' title='bbox 523 3267 651 3345; x_wconf 91' lang='lat' dir='ltr'>phrasin,</span> <span class='ocrx_word' id='word_1_288' title='bbox 664 3266 692 3325; x_wconf 94' lang='lat' dir='ltr'>id</span> <span class='ocrx_word' id='word_1_289' title='bbox 705 3275 760 3342; x_wconf 83' lang='lat' dir='ltr'>est,</span> <span class='ocrx_word' id='word_1_290' title='bbox 779 3285 885 3345; x_wconf 88' lang='lat' dir='ltr'>corpus</span> <span class='ocrx_word' id='word_1_291' title='bbox 899 3266 1083 3344; x_wconf 90' lang='lat' dir='ltr'>eloquentiae</span> <span class='ocrx_word' id='word_1_292' title='bbox 1096 3266 1217 3335; x_wconf 87' lang='lat' dir='ltr'>iaciant;</span> 
     </span>
     <span class='ocr_line' id='line_1_38' title="bbox 211 3345 1217 3429; baseline 0.005 -24"><span class='ocrx_word' id='word_1_293' title='bbox 211 3345 363 3424; x_wconf 82' lang='lat' dir='ltr'>elegantes</span> <span class='ocrx_word' id='word_1_294' title='bbox 379 3350 407 3409; x_wconf 94' lang='lat' dir='ltr'>in</span> <span class='ocrx_word' id='word_1_295' title='bbox 423 3369 474 3411; x_wconf 89' lang='lat' dir='ltr'>sua</span> <span class='ocrx_word' id='word_1_296' title='bbox 497 3353 619 3429; x_wconf 92' lang='lat' dir='ltr'>quisque</span> <span class='ocrx_word' id='word_1_297' title='bbox 636 3351 756 3411; x_wconf 89' lang='lat' dir='ltr'>materia</span> <span class='ocrx_word' id='word_1_298' title='bbox 777 3351 830 3411; x_wconf 87' lang='lat' dir='ltr'>sed</span> <span class='ocrx_word' id='word_1_299' title='bbox 853 3351 927 3411; x_wconf 92' lang='lat' dir='ltr'>alter</span> <span class='ocrx_word' id='word_1_300' title='bbox 941 3349 1054 3409; x_wconf 91' lang='lat' dir='ltr'>humilis</span> <span class='ocrx_word' id='word_1_301' title='bbox 1073 3348 1149 3410; x_wconf 91' lang='lat' dir='ltr'>alter</span> <span class='ocrx_word' id='word_1_302' title='bbox 1165 3350 1217 3412; x_wconf 87' lang='lat' dir='ltr'>dii·</span> 
     </span>
     <span class='ocr_line' id='line_1_39' title="bbox 211 3429 1216 3514; baseline 0.005 -24"><span class='ocrx_word' id='word_1_303' title='bbox 211 3429 304 3490; x_wconf 89' lang='lat' dir='ltr'>licilis.</span> <span class='ocrx_word' id='word_1_304' title='bbox 339 3431 519 3495; x_wconf 77' lang='lat' dir='ltr'>Atacinus</span> <span class='ocrx_word' id='word_1_305' title='bbox 540 3433 656 3494; x_wconf 89' lang='lat' dir='ltr'>Varro</span> <span class='ocrx_word' id='word_1_306' title='bbox 669 3434 698 3493; x_wconf 95' lang='lat' dir='ltr'>in</span> <span class='ocrx_word' id='word_1_307' title='bbox 715 3435 766 3512; x_wconf 89' lang='lat' dir='ltr'>iis,</span> <span class='ocrx_word' id='word_1_308' title='bbox 789 3451 844 3514; x_wconf 92' lang='lat' dir='ltr'>per</span> <span class='ocrx_word' id='word_1_309' title='bbox 866 3451 940 3513; x_wconf 91' lang='lat' dir='ltr'>quae</span> <span class='ocrx_word' id='word_1_310' title='bbox 955 3451 1059 3494; x_wconf 92' lang='lat' dir='ltr'>nomen</span> <span class='ocrx_word' id='word_1_311' title='bbox 1075 3443 1121 3495; x_wconf 90' lang='lat' dir='ltr'>est</span> <span class='ocrx_word' id='word_1_312' title='bbox 1137 3452 1216 3495; x_wconf 81' lang='lat' dir='ltr'>asse-</span> 
     </span>
    </p>
   </div>
   <div class='ocr_carea' id='block_1_3' title="bbox 0 0 1288 4026">
    <p class='ocr_par' dir='ltr' id='par_1_10' title="bbox 0 0 1288 4026">
     <span class='ocr_line' id='line_1_40' title="bbox 0 0 1288 4026; baseline 0 0"><span class='ocrx_word' id='word_1_313' title='bbox 0 0 1288 4026; x_wconf 95' lang='lat' dir='ltr'> </span> 
     </span>
    </p>
   </div>
  </div>
 </body>
</html>
