2566 4026
218 190 281 253 216
532 200 569 249 m.
587 198 667 250 000.
687 201 908 262 001000000οι

216 364 295 419 stom
308 356 440 435 1001001,
455 355 535 416 iuste
547 356 656 433 fucere
663 378 677 424 ,·
695 356 772 433 quod
785 365 867 416 certe
878 349 935 416 non
951 367 1021 434 egel
1032 357 1221 436 probatione3

173 452 210 509 86
219 438 309 514 Quod
324 456 542 517 compascuum
563 446 625 514 000,
648 456 847 517 composcere
861 442 964 501 licere.
997 439 1120 514 Quidam
1137 442 1221 519 haec,

218 542 293 603 quae
312 523 361 582 vel
382 539 420 581 ex
444 522 539 581 causis
557 520 606 581 vel
630 540 668 581 ex
683 522 875 581 efficientibus
892 523 1030 600 diximus,
1054 525 1150 585 alieno
1171 543 1221 585 no-

217 610 292 668 mine
308 613 414 666 vocant
436 598 569 684 ἐκβάσεις
591 604 620 664 11
641 614 687 664 est
703 607 807 665 exitus.
849 605 922 666 Nam
937 625 993 668 nec
1010 608 1058 668 lric
1074 609 1222 669 01101000-

218 701 321 765 ctatur,
343 707 428 768 quam
444 687 512 766 quid
528 707 565 748 ax
581 705 698 768 quoque
715 691 839 751 eveniat.

301 773 487 852 Apposita
509 772 559 833 vel
581 774 837 852 comparativa
857 774 999 851 dicuntur,
1022 794 1097 854 quae
1113 778 1224 838 minora

218 878 256 920 ex
278 856 449 932 maioribus,
472 857 582 918 maiora
603 875 641 916 ex
657 857 832 934 minoribus,
856 860 936 936 paria
959 877 997 919 ex
1020 859 1137 938 paribus
1154 876 1223 938 pro·

173 943 294 1007 diluant.
334 938 525 1001 Gondrinatur
544 942 712 1002 coniectura
733 961 771 1001 ex
794 942 920 1020 maiore,
945 941 982 1003 Si
1004 945 1223 1022 0010000ήὶ0-

215 1029 300 1108 01000
312 1027 401 1105 fucit,
417 1024 514 1103 faciet
529 1034 558 1086 et
572 1025 707 1104 furtum·
725 1043 763 1085 ex
777 1027 905 1103 minore,
926 1025 986 1099 Qut
999 1028 1094 1106 focile
1110 1046 1150 1088 oe
1164 1047 1223 1106 pn-

217 1113 279 1173 lom
295 1111 447 1184 mentitur,
462 1109 634 1188 0010001010
655 1126 692 1168 ex
708 1110 788 1187 pari,
812 1107 872 1183 Qut
886 1111 923 1173 ol>
939 1130 1005 1172 reon
1021 1111 1224 1172 iudicandum

215 1196 380 1275 pecuniam
394 1194 533 1270 occepit,
551 1200 580 1254 et
594 1193 631 1255 od
647 1194 810 1254 dicendane
822 1194 937 1273 falsum
952 1197 1153 1257 testimonium
1167 1216 1223 1258 oe·

174 1280 317 1358 decipiet.
348 1276 421 1337 luris
446 1276 626 1337 confirmatio
642 1276 805 1337 huiusmodi
822 1287 883 1338 est:
907 1297 945 1338 ex
966 1280 1092 1355 maiore,
1113 1278 1149 1340 st
1165 1280 1224 1340 od·

217 1365 348 1426 ulterune
356 1360 500 1426 occidere
511 1362 592 1436 lieet,
606 1368 635 1422 et
645 1363 720 1423 loris
731 1363 864 1424 caedere
869 1385 882 1433 ;
895 1381 933 1423 ex
942 1364 1064 1440 minore,
1077 1362 1114 1424 st
1123 1363 1225 1442 furem

217 1459 401 1514 nocturnum
412 1447 557 1510 occidere
564 1446 645 1523 lieet,
653 1447 728 1524 qnid
737 1446 907 1508 latronem?
919 1465 957 1508 ax
969 1449 1042 1526 pari,
1057 1445 1144 1521 Quae
1153 1465 1224 1525 poe·

218 1554 260 1597 no
272 1533 426 1596 odoerrns
436 1529 661 1611 interfectorem
668 1532 772 1609 putris
784 1532 868 1593 iusto
880 1537 935 1610 est,
951 1533 1060 1593 eodem
1072 1532 1227 1593 odoercos

218 1619 348 1691 00000100
371 1634 493 1695 quorum
518 1614 641 1675 omniurn
663 1622 802 1674 tractatus
825 1625 960 1676 versatur
982 1617 1010 1675 in
1033 1615 1224 1693 syllogismis.

175 1701 271 1766 891110
288 1702 380 1778 magis
397 1699 571 1760 finitionibus
588 1709 636 1760 aut
652 1697 837 1779 qualitatibus
849 1708 981 1778 prosunt,
997 1699 1034 1760 st
1044 1700 1140 1761 robor
1156 1718 1225 1760 eor-

217 1786 348 1865 poribos
369 1785 478 1846 bonnm
499 1793 560 1860 000,
582 1802 643 1845 non
659 1786 759 1845 minos
775 1784 916 1855 00011000
931 1781 968 1844 sa·
979 1783 1096 1862 furtum
1112 1784 1225 1858 000100,

220 1870 318 1948 meyde
339 1868 538 1946 suentensem
543 1891 557 1938 ;
580 1866 617 1928 st
637 1869 822 1931 abstinentia
839 1869 953 1944 00000,
976 1875 1005 1927 et
1019 1867 1225 1935 000011000τὶ00

219 1951 256 2015 st
271 1953 404 2013 mundos
412 1952 608 2031 providentio
621 1954 749 2031 reqitnr,
767 1951 1016 2014 administrando
1028 1949 1207 2029 respublica
1212 1972 1226 2020 ;

219 2036 255 2099 st
272 2038 380 2098 donnus
395 2035 562 2114 aedificari
575 2037 642 2097 sine
656 2037 775 2098 ratione
789 2055 849 2097 non
860 2041 979 2116 potest,
1001 2036 1077 2113 qnid
1101 2034 1227 2112 000000

176 2120 422 2185 9001000011οω
439 2139 519 2182 euro
542 2129 571 2181 et
587 2123 767 2182 carnorum?
799 2119 844 2179 Ae
859 2119 926 2179 mihi
943 2119 1059 2197 quidem
1075 2117 1226 2178 sufficeret

220 2206 277 2266 hoc
302 2221 411 2281 genus,
434 2204 486 2264 sed
507 2205 536 2263 in
559 2204 676 2283 species
696 2213 822 2264 secatur.
869 2202 942 2264 Nam
968 2221 1006 2262 ex
1031 2200 1161 2282 pluribus
1190 2200 1226 2260 ad

220 2298 350 2349 unumst
367 2306 405 2347 ex
416 2306 473 2347 uno
487 2288 522 2348 ad
534 2287 629 2367 plura,
647 2286 738 2366 (unde
756 2297 801 2348 est
820 2286 910 2361 Quod
923 2288 1027 2364 semel,
1043 2296 1072 2348 el
1083 2287 1226 2364 0000000)

222 2382 250 2432 00
274 2380 416 2451 exparte
438 2372 584 2433 adtotum
607 2382 694 2431 etex
717 2390 829 2450 genere
853 2373 889 2433 ad
914 2373 1060 2451 speciem,
1084 2378 1113 2429 et
1136 2387 1174 2429 ex
1190 2384 1226 2428 eo

222 2457 300 2535 quod
318 2457 445 2516 continet
461 2455 497 2516 ad
512 2456 540 2517 id
557 2456 635 2535 quod
653 2457 826 2532 continetur,
844 2465 892 2516 aut
907 2473 945 2516 ex
963 2453 1175 2517 difficilioribus
1192 2451 1227 2512 ad

221 2540 353 2601 faciliora
376 2549 404 2600 et
426 2558 464 2600 ex
479 2540 569 2617 longe
584 2541 686 2625 positis
710 2541 747 2600 ad
762 2542 901 2619 propiora
917 2549 947 2600 et
963 2540 998 2600 ad
1017 2539 1126 2613 omnia,
1152 2553 1225 2616 quas

178 2623 512 2698 0100000010000000,
537 2623 639 2683 eadem
654 2624 766 2684 ratione
788 2634 957 2701 argumenta
975 2624 1124 2683 ducuntur.
1157 2621 1228 2681 Sunt

222 2709 342 2768 enimet
365 2707 438 2767 haec
453 2708 562 2768 maiora
587 2717 616 2767 00
636 2708 746 2767 minora
770 2717 817 2768 aut
839 2717 921 2768 certe
944 2708 1001 2767 vim
1016 2706 1139 2767 similem
1155 2703 1225 2764 ohti-

221 2802 300 2868 nent,
318 2809 393 2870 quae
409 2792 434 2849 si
449 2810 675 2871 persequamur,
694 2791 789 2852 nullus
805 2793 860 2851 0010
878 2810 913 2851 00
929 2790 1101 2851 0000110011
1114 2788 1227 2849 modus.

220 2876 332 2937 lnlinita
355 2884 400 2934 000
424 2877 499 2934 enim
520 2893 617 2935 rerum
644 2876 840 2954 comparatio,
869 2875 1053 2949 iucundiora,
1080 2874 1228 2951 graviora,

221 2961 314 3037 magis
329 2960 517 3035 necessaria,
535 2959 719 3034 honestiora,
737 2959 864 3019 utiliora.
897 2959 957 3019 Sed
972 2960 1115 3018 mittamus
1132 2957 1228 3034 plura,

179 3053 258 3106 9000
279 3044 307 3102 10
331 3060 395 3102 eam
415 3043 522 3121 ipsam,
549 3061 632 3121 quam
646 3045 719 3117 vito,
736 3043 942 3120 loquacitatem
958 3041 1091 3101 incidam.
1122 3039 1228 3099 Exem-

222 3127 336 3205 plorum
353 3142 470 3205 quoque
486 3126 521 3186 ad
536 3126 610 3186 haec
622 3126 747 3186 infinitus
761 3135 806 3185 est
822 3144 969 3201 numerus,
986 3124 1038 3184 sed
1053 3123 1229 3203 paucissima

223 3211 369 3287 attingam.
401 3209 447 3270 Ex
465 3210 574 3270 maiore
593 3226 646 3288 pro
666 3207 808 3285 Caecina,
832 3206 922 3282 Quod
944 3210 1101 3270 exereitus
1123 3224 1213 3269 ormo

223 3301 400 3369 1000000οι,
423 3294 460 3356 id
481 3293 714 3356 advocationem
735 3311 796 3354 non
818 3294 972 3355 videbitur
995 3295 1147 3355 movisse?
1183 3288 1230 3349 Ex

223 3376 357 3437 faciliora
375 3378 403 3436 in
419 3376 552 3439 clodium
568 3386 598 3436 00
614 3374 786 3453 Curionem,
808 3373 857 3439 Ae
870 3376 958 3455 vide,
982 3396 1024 3438 uo
1044 3378 1140 3457 focile
1159 3373 1231 3453 fieri

180 3469 256 3525 9300
269 3462 423 3541 potueris,
439 3480 508 3524 enno
522 3461 670 3540 10100000
685 3480 748 3523 non
764 3462 819 3538 010,
841 3462 892 3524 cui
912 3469 944 3522 tu
962 3460 1149 3522 concessisti.
1184 3456 1231 3516 lix
