<?xml version="1.0" encoding="UTF-8"?>
<!DOCTYPE html PUBLIC "-//W3C//DTD XHTML 1.0 Transitional//EN"
    "http://www.w3.org/TR/xhtml1/DTD/xhtml1-transitional.dtd">
<html xmlns="http://www.w3.org/1999/xhtml" xml:lang="en" lang="en">
 <head>
  <title>
</title>
<meta http-equiv="Content-Type" content="text/html;charset=utf-8" />
  <meta name='ocr-system' content='tesseract 3.04.00' />
  <meta name='ocr-capabilities' content='ocr_page ocr_carea ocr_par ocr_line ocrx_word'/>
</head>
<body>
  <div class='ocr_page' id='page_1' title='image "./mfabiiquintilia00bonngoog/mfabiiquintilia00bonngoog_0153.png"; bbox 0 0 2566 4026; ppageno 0'>
   <div class='ocr_carea' id='block_1_1' title="bbox 159 138 847 210">
    <p class='ocr_par' dir='ltr' id='par_1_1' title="bbox 159 138 847 210">
     <span class='ocr_line' id='line_1_1' title="bbox 159 138 847 210; baseline -0.013 -5"><span class='ocrx_word' id='word_1_1' title='bbox 159 138 218 205; x_wconf 81' lang='lat'>128</span> <span class='ocrx_word' id='word_1_2' title='bbox 473 153 510 199; x_wconf 84' lang='lat' dir='ltr'>n.</span> <span class='ocrx_word' id='word_1_3' title='bbox 529 152 607 198; x_wconf 76' lang='lat' dir='ltr'>aaa.</span> <span class='ocrx_word' id='word_1_4' title='bbox 625 149 847 210; x_wconf 79' lang='lat' dir='ltr'>onrnrrnmur</span> 
     </span>
    </p>
   </div>
   <div class='ocr_carea' id='block_1_2' title="bbox 155 303 1159 808">
    <p class='ocr_par' dir='ltr' id='par_1_2' title="bbox 155 303 1159 808">
     <span class='ocr_line' id='line_1_2' title="bbox 155 303 1156 386; baseline -0.005 -14"><span class='ocrx_word' id='word_1_5' title='bbox 155 311 259 372; x_wconf 82' lang='lat' dir='ltr'>minem</span> <span class='ocrx_word' id='word_1_6' title='bbox 275 306 412 369; x_wconf 80' lang='lat' dir='ltr'>didicisse</span> <span class='ocrx_word' id='word_1_7' title='bbox 427 308 593 384; x_wconf 86' lang='lat' dir='ltr'>poeniteat,</span> <span class='ocrx_word' id='word_1_8' title='bbox 612 305 755 383; x_wconf 82' lang='lat' dir='ltr'>colligere</span> <span class='ocrx_word' id='word_1_9' title='bbox 770 313 878 364; x_wconf 91' lang='lat' dir='ltr'>tantum</span> <span class='ocrx_word' id='word_1_10' title='bbox 893 303 994 365; x_wconf 88' lang='lat' dir='ltr'>eadem</span> <span class='ocrx_word' id='word_1_11' title='bbox 1009 324 1044 366; x_wconf 91' lang='lat' dir='ltr'>ac</span> <span class='ocrx_word' id='word_1_12' title='bbox 1060 306 1156 386; x_wconf 90' lang='lat' dir='ltr'>dispo·</span> 
     </span>
     <span class='ocr_line' id='line_1_3' title="bbox 156 388 1158 471; baseline -0.004 -16"><span class='ocrx_word' id='word_1_13' title='bbox 156 413 226 455; x_wconf 88' lang='lat' dir='ltr'>nere</span> <span class='ocrx_word' id='word_1_14' title='bbox 242 392 330 471; x_wconf 87' lang='lat' dir='ltr'>paulo</span> <span class='ocrx_word' id='word_1_15' title='bbox 347 390 554 468; x_wconf 83' lang='lat' dir='ltr'>significantius</span> <span class='ocrx_word' id='word_1_16' title='bbox 572 407 672 448; x_wconf 91' lang='lat' dir='ltr'>conor.</span> <span class='ocrx_word' id='word_1_17' title='bbox 710 388 847 469; x_wconf 77' lang='lat' dir='ltr'>Omnibus</span> <span class='ocrx_word' id='word_1_18' title='bbox 864 398 960 449; x_wconf 93' lang='lat' dir='ltr'>autem</span> <span class='ocrx_word' id='word_1_19' title='bbox 977 390 1158 451; x_wconf 81' lang='lat' dir='ltr'>satisfactum</span> 
     </span>
     <span class='ocr_line' id='line_1_4' title="bbox 156 472 1158 555; baseline -0.004 -16"><span class='ocrx_word' id='word_1_20' title='bbox 156 479 243 554; x_wconf 90' lang='lat' dir='ltr'>volo,</span> <span class='ocrx_word' id='word_1_21' title='bbox 267 494 324 535; x_wconf 94' lang='lat' dir='ltr'>non</span> <span class='ocrx_word' id='word_1_22' title='bbox 339 493 385 534; x_wconf 94' lang='lat' dir='ltr'>me</span> <span class='ocrx_word' id='word_1_23' title='bbox 400 474 458 534; x_wconf 91' lang='lat' dir='ltr'>hoc</span> <span class='ocrx_word' id='word_1_24' title='bbox 473 475 567 533; x_wconf 89' lang='lat' dir='ltr'>serius</span> <span class='ocrx_word' id='word_1_25' title='bbox 590 472 790 533; x_wconf 90' lang='lat' dir='ltr'>demonstrare</span> <span class='ocrx_word' id='word_1_26' title='bbox 806 472 887 549; x_wconf 91' lang='lat' dir='ltr'>aliis,</span> <span class='ocrx_word' id='word_1_27' title='bbox 912 492 995 552; x_wconf 91' lang='lat' dir='ltr'>quam</span> <span class='ocrx_word' id='word_1_28' title='bbox 1010 475 1078 535; x_wconf 92' lang='lat' dir='ltr'>mihi</span> <span class='ocrx_word' id='word_1_29' title='bbox 1094 478 1158 555; x_wconf 93' lang='lat' dir='ltr'>ipse</span> 
     </span>
     <span class='ocr_line' id='line_1_5' title="bbox 155 558 1158 643; baseline -0.003 -20"><span class='ocrx_word' id='word_1_30' title='bbox 155 562 360 643; x_wconf 79' lang='lat' dir='ltr'>persuaserim.</span> <span class='ocrx_word' id='word_1_31' title='bbox 410 559 574 618; x_wconf 88' lang='lat' dir='ltr'>Secundum</span> <span class='ocrx_word' id='word_1_32' title='bbox 596 558 736 636; x_wconf 92' lang='lat' dir='ltr'>plurimos</span> <span class='ocrx_word' id='word_1_33' title='bbox 763 565 898 617; x_wconf 87' lang='lat' dir='ltr'>auctores</span> <span class='ocrx_word' id='word_1_34' title='bbox 922 560 1075 619; x_wconf 89' lang='lat' dir='ltr'>servabam</span> <span class='ocrx_word' id='word_1_35' title='bbox 1098 568 1158 620; x_wconf 91' lang='lat' dir='ltr'>tres</span> 
     </span>
     <span class='ocr_line' id='line_1_6' title="bbox 155 642 1158 721; baseline -0.002 -14"><span class='ocrx_word' id='word_1_36' title='bbox 155 645 313 707; x_wconf 79' lang='lat' dir='ltr'>rationales</span> <span class='ocrx_word' id='word_1_37' title='bbox 329 652 436 718; x_wconf 85' lang='lat' dir='ltr'>status,</span> <span class='ocrx_word' id='word_1_38' title='bbox 457 644 668 718; x_wconf 91' lang='lat' dir='ltr'>coniecturam,</span> <span class='ocrx_word' id='word_1_39' title='bbox 686 642 871 721; x_wconf 76' lang='lat' dir='ltr'>qualitatem,</span> <span class='ocrx_word' id='word_1_40' title='bbox 889 643 1056 720; x_wconf 84' lang='lat' dir='ltr'>finitionem,</span> <span class='ocrx_word' id='word_1_41' title='bbox 1073 663 1158 706; x_wconf 89' lang='lat' dir='ltr'>unum</span> 
     </span>
     <span class='ocr_line' id='line_1_7' title="bbox 156 724 1159 808; baseline -0.002 -18"><span class='ocrx_word' id='word_1_42' title='bbox 156 728 291 808; x_wconf 87' lang='lat' dir='ltr'>legalem.</span> <span class='ocrx_word' id='word_1_43' title='bbox 331 727 367 786; x_wconf 93' lang='lat' dir='ltr'>lli</span> <span class='ocrx_word' id='word_1_44' title='bbox 389 727 457 786; x_wconf 91' lang='lat' dir='ltr'>mibi</span> <span class='ocrx_word' id='word_1_45' title='bbox 480 735 572 786; x_wconf 91' lang='lat' dir='ltr'>status</span> <span class='ocrx_word' id='word_1_46' title='bbox 594 726 751 804; x_wconf 84' lang='lat' dir='ltr'>generales</span> <span class='ocrx_word' id='word_1_47' title='bbox 768 734 860 785; x_wconf 89' lang='lat' dir='ltr'>erant.</span> <span class='ocrx_word' id='word_1_48' title='bbox 896 724 1035 804; x_wconf 87' lang='lat' dir='ltr'>Legalem</span> <span class='ocrx_word' id='word_1_49' title='bbox 1056 731 1085 787; x_wconf 94' lang='lat' dir='ltr'>in</span> <span class='ocrx_word' id='word_1_50' title='bbox 1105 729 1159 788; x_wconf 91' lang='lat' dir='ltr'>bas</span> 
     </span>
    </p>
   </div>
   <div class='ocr_carea' id='block_1_3' title="bbox 82 809 1161 3504">
    <p class='ocr_par' dir='ltr' id='par_1_3' title="bbox 82 809 1161 3504">
     <span class='ocr_line' id='line_1_8' title="bbox 157 809 1156 894; baseline -0.001 -21"><span class='ocrx_word' id='word_1_51' title='bbox 157 816 283 894; x_wconf 90' lang='lat' dir='ltr'>quinque</span> <span class='ocrx_word' id='word_1_52' title='bbox 299 813 417 891; x_wconf 91' lang='lat' dir='ltr'>speeies</span> <span class='ocrx_word' id='word_1_53' title='bbox 436 810 599 889; x_wconf 90' lang='lat' dir='ltr'>partiebar,</span> <span class='ocrx_word' id='word_1_54' title='bbox 618 812 718 889; x_wconf 90' lang='lat' dir='ltr'>scripti</span> <span class='ocrx_word' id='word_1_55' title='bbox 735 819 764 870; x_wconf 93' lang='lat' dir='ltr'>et</span> <span class='ocrx_word' id='word_1_56' title='bbox 780 809 954 887; x_wconf 88' lang='lat' dir='ltr'>voluntatis,</span> <span class='ocrx_word' id='word_1_57' title='bbox 973 812 1070 890; x_wconf 90' lang='lat' dir='ltr'>legum</span> <span class='ocrx_word' id='word_1_58' title='bbox 1089 831 1156 872; x_wconf 91' lang='lat' dir='ltr'>eon·</span> 
     </span>
     <span class='ocr_line' id='line_1_9' title="bbox 113 894 1159 972; baseline -0.004 -12"><span class='ocrx_word' id='word_1_59' title='bbox 113 900 322 972; x_wconf 84' lang='lat' dir='ltr'>iltrariarum,</span> <span class='ocrx_word' id='word_1_60' title='bbox 354 895 557 971; x_wconf 83' lang='lat' dir='ltr'>collectivum,</span> <span class='ocrx_word' id='word_1_61' title='bbox 584 894 794 972; x_wconf 87' lang='lat' dir='ltr'>ambiguitatis,</span> <span class='ocrx_word' id='word_1_62' title='bbox 825 895 1029 956; x_wconf 90' lang='lat' dir='ltr'>translationis.</span> <span class='ocrx_word' id='word_1_63' title='bbox 1075 895 1159 958; x_wconf 91' lang='lat' dir='ltr'>Nunc</span> 
     </span>
     <span class='ocr_line' id='line_1_10' title="bbox 156 978 1159 1061; baseline 0 -20"><span class='ocrx_word' id='word_1_64' title='bbox 156 991 287 1061; x_wconf 92' lang='lat' dir='ltr'>quartum</span> <span class='ocrx_word' id='word_1_65' title='bbox 314 998 351 1039; x_wconf 86' lang='lat' dir='ltr'>ex</span> <span class='ocrx_word' id='word_1_66' title='bbox 376 979 562 1058; x_wconf 86' lang='lat' dir='ltr'>generalibus</span> <span class='ocrx_word' id='word_1_67' title='bbox 589 978 721 1056; x_wconf 88' lang='lat' dir='ltr'>intelligo</span> <span class='ocrx_word' id='word_1_68' title='bbox 744 995 835 1058; x_wconf 89' lang='lat' dir='ltr'>posse</span> <span class='ocrx_word' id='word_1_69' title='bbox 862 983 1022 1049; x_wconf 88' lang='lat' dir='ltr'>removeri;</span> <span class='ocrx_word' id='word_1_70' title='bbox 1052 980 1159 1042; x_wconf 84' lang='lat' dir='ltr'>suflicit</span> 
     </span>
     <span class='ocr_line' id='line_1_11' title="bbox 156 1062 1158 1143; baseline -0.001 -18"><span class='ocrx_word' id='word_1_71' title='bbox 156 1068 230 1126; x_wconf 88' lang='lat' dir='ltr'>enim</span> <span class='ocrx_word' id='word_1_72' title='bbox 246 1066 336 1143; x_wconf 91' lang='lat' dir='ltr'>prima</span> <span class='ocrx_word' id='word_1_73' title='bbox 351 1065 466 1139; x_wconf 90' lang='lat' dir='ltr'>divisio,</span> <span class='ocrx_word' id='word_1_74' title='bbox 484 1082 540 1142; x_wconf 90' lang='lat' dir='ltr'>qua</span> <span class='ocrx_word' id='word_1_75' title='bbox 553 1062 675 1122; x_wconf 88' lang='lat' dir='ltr'>diximus</span> <span class='ocrx_word' id='word_1_76' title='bbox 690 1063 763 1122; x_wconf 92' lang='lat' dir='ltr'>alios</span> <span class='ocrx_word' id='word_1_77' title='bbox 780 1063 937 1123; x_wconf 86' lang='lat' dir='ltr'>rationales</span> <span class='ocrx_word' id='word_1_78' title='bbox 953 1065 1026 1125; x_wconf 93' lang='lat' dir='ltr'>alios</span> <span class='ocrx_word' id='word_1_79' title='bbox 1043 1065 1158 1141; x_wconf 91' lang='lat' dir='ltr'>legales</span> 
     </span>
     <span class='ocr_line' id='line_1_12' title="bbox 156 1147 1159 1227; baseline -0.003 -17"><span class='ocrx_word' id='word_1_80' title='bbox 156 1168 240 1218; x_wconf 90' lang='lat' dir='ltr'>esse;</span> <span class='ocrx_word' id='word_1_81' title='bbox 263 1151 302 1208; x_wconf 93' lang='lat' dir='ltr'>ita</span> <span class='ocrx_word' id='word_1_82' title='bbox 316 1165 374 1208; x_wconf 93' lang='lat' dir='ltr'>non</span> <span class='ocrx_word' id='word_1_83' title='bbox 391 1149 446 1208; x_wconf 92' lang='lat' dir='ltr'>erit</span> <span class='ocrx_word' id='word_1_84' title='bbox 468 1156 559 1207; x_wconf 89' lang='lat' dir='ltr'>status</span> <span class='ocrx_word' id='word_1_85' title='bbox 576 1147 628 1208; x_wconf 92' lang='lat' dir='ltr'>sed</span> <span class='ocrx_word' id='word_1_86' title='bbox 650 1148 851 1225; x_wconf 86' lang='lat' dir='ltr'>quaestionum</span> <span class='ocrx_word' id='word_1_87' title='bbox 865 1165 958 1225; x_wconf 89' lang='lat' dir='ltr'>genus</span> <span class='ocrx_word' id='word_1_88' title='bbox 966 1171 973 1218; x_wconf 95' lang='lat'>;</span> <span class='ocrx_word' id='word_1_89' title='bbox 998 1149 1107 1227; x_wconf 87' lang='lat' dir='ltr'>alioqui</span> <span class='ocrx_word' id='word_1_90' title='bbox 1129 1158 1159 1208; x_wconf 90' lang='lat' dir='ltr'>et</span> 
     </span>
     <span class='ocr_line' id='line_1_13' title="bbox 113 1230 1157 1311; baseline -0.003 -15"><span class='ocrx_word' id='word_1_91' title='bbox 113 1233 304 1296; x_wconf 73' lang='lat' dir='ltr'>dirationalis</span> <span class='ocrx_word' id='word_1_92' title='bbox 327 1243 417 1293; x_wconf 88' lang='lat' dir='ltr'>status</span> <span class='ocrx_word' id='word_1_93' title='bbox 435 1241 523 1292; x_wconf 91' lang='lat' dir='ltr'>esset.</span> <span class='ocrx_word' id='word_1_94' title='bbox 560 1230 607 1290; x_wconf 82' lang='lat' dir='ltr'>lix</span> <span class='ocrx_word' id='word_1_95' title='bbox 629 1233 663 1290; x_wconf 91' lang='lat' dir='ltr'>iis</span> <span class='ocrx_word' id='word_1_96' title='bbox 686 1233 787 1308; x_wconf 89' lang='lat' dir='ltr'>etiam,</span> <span class='ocrx_word' id='word_1_97' title='bbox 811 1248 885 1311; x_wconf 94' lang='lat' dir='ltr'>quos</span> <span class='ocrx_word' id='word_1_98' title='bbox 907 1233 1054 1311; x_wconf 88' lang='lat' dir='ltr'>speciales</span> <span class='ocrx_word' id='word_1_99' title='bbox 1070 1250 1157 1293; x_wconf 90' lang='lat' dir='ltr'>voca-</span> 
     </span>
     <span class='ocr_line' id='line_1_14' title="bbox 155 1315 1159 1396; baseline -0.004 -17"><span class='ocrx_word' id='word_1_100' title='bbox 155 1319 236 1395; x_wconf 93' lang='lat' dir='ltr'>bam,</span> <span class='ocrx_word' id='word_1_101' title='bbox 253 1320 364 1377; x_wconf 89' lang='lat' dir='ltr'>removi</span> <span class='ocrx_word' id='word_1_102' title='bbox 381 1317 612 1384; x_wconf 90' lang='lat' dir='ltr'>translationem;</span> <span class='ocrx_word' id='word_1_103' title='bbox 633 1316 804 1396; x_wconf 86' lang='lat' dir='ltr'>frequenter</span> <span class='ocrx_word' id='word_1_104' title='bbox 819 1315 934 1396; x_wconf 92' lang='lat' dir='ltr'>quidem</span> <span class='ocrx_word' id='word_1_105' title='bbox 951 1317 1042 1396; x_wconf 90' lang='lat' dir='ltr'>(sicut</span> <span class='ocrx_word' id='word_1_106' title='bbox 1058 1333 1159 1376; x_wconf 93' lang='lat' dir='ltr'>omnes</span> 
     </span>
     <span class='ocr_line' id='line_1_15' title="bbox 156 1402 1160 1481; baseline -0.003 -19"><span class='ocrx_word' id='word_1_107' title='bbox 156 1405 204 1481; x_wconf 92' lang='lat' dir='ltr'>qui</span> <span class='ocrx_word' id='word_1_108' title='bbox 226 1421 272 1461; x_wconf 90' lang='lat' dir='ltr'>me</span> <span class='ocrx_word' id='word_1_109' title='bbox 295 1403 388 1462; x_wconf 91' lang='lat' dir='ltr'>secuti</span> <span class='ocrx_word' id='word_1_110' title='bbox 411 1410 476 1460; x_wconf 91' lang='lat' dir='ltr'>sunt</span> <span class='ocrx_word' id='word_1_111' title='bbox 497 1402 662 1460; x_wconf 91' lang='lat' dir='ltr'>meminisse</span> <span class='ocrx_word' id='word_1_112' title='bbox 684 1402 822 1480; x_wconf 90' lang='lat' dir='ltr'>possunt)</span> <span class='ocrx_word' id='word_1_113' title='bbox 848 1408 970 1460; x_wconf 91' lang='lat' dir='ltr'>testatus</span> <span class='ocrx_word' id='word_1_114' title='bbox 994 1409 1022 1460; x_wconf 90' lang='lat' dir='ltr'>et</span> <span class='ocrx_word' id='word_1_115' title='bbox 1045 1403 1074 1461; x_wconf 93' lang='lat' dir='ltr'>in</span> <span class='ocrx_word' id='word_1_116' title='bbox 1088 1403 1160 1479; x_wconf 91' lang='lat' dir='ltr'>ipsis</span> 
     </span>
     <span class='ocr_line' id='line_1_16' title="bbox 156 1484 1160 1562; baseline -0.003 -16"><span class='ocrx_word' id='word_1_117' title='bbox 156 1488 241 1546; x_wconf 88' lang='lat' dir='ltr'>etiam</span> <span class='ocrx_word' id='word_1_118' title='bbox 256 1486 314 1545; x_wconf 91' lang='lat' dir='ltr'>illis</span> <span class='ocrx_word' id='word_1_119' title='bbox 332 1484 513 1546; x_wconf 88' lang='lat' dir='ltr'>sermonibus</span> <span class='ocrx_word' id='word_1_120' title='bbox 536 1503 582 1544; x_wconf 91' lang='lat' dir='ltr'>me</span> <span class='ocrx_word' id='word_1_121' title='bbox 605 1485 723 1545; x_wconf 89' lang='lat' dir='ltr'>nolente</span> <span class='ocrx_word' id='word_1_122' title='bbox 741 1485 868 1562; x_wconf 83' lang='lat' dir='ltr'>vulgatis</span> <span class='ocrx_word' id='word_1_123' title='bbox 887 1486 945 1545; x_wconf 90' lang='lat' dir='ltr'>boc</span> <span class='ocrx_word' id='word_1_124' title='bbox 965 1495 1060 1546; x_wconf 89' lang='lat' dir='ltr'>tamen</span> <span class='ocrx_word' id='word_1_125' title='bbox 1082 1502 1160 1545; x_wconf 90' lang='lat' dir='ltr'>com·</span> 
     </span>
     <span class='ocr_line' id='line_1_17' title="bbox 155 1569 1160 1649; baseline -0.001 -20"><span class='ocrx_word' id='word_1_126' title='bbox 155 1570 278 1648; x_wconf 86' lang='lat' dir='ltr'>plexus,</span> <span class='ocrx_word' id='word_1_127' title='bbox 304 1571 354 1628; x_wconf 86' lang='lat' dir='ltr'>vix</span> <span class='ocrx_word' id='word_1_128' title='bbox 372 1571 401 1629; x_wconf 92' lang='lat' dir='ltr'>in</span> <span class='ocrx_word' id='word_1_129' title='bbox 421 1569 480 1628; x_wconf 91' lang='lat' dir='ltr'>ulla</span> <span class='ocrx_word' id='word_1_130' title='bbox 506 1570 706 1629; x_wconf 89' lang='lat' dir='ltr'>controversia</span> <span class='ocrx_word' id='word_1_131' title='bbox 727 1569 924 1630; x_wconf 88' lang='lat' dir='ltr'>translationis</span> <span class='ocrx_word' id='word_1_132' title='bbox 944 1579 1049 1630; x_wconf 91' lang='lat' dir='ltr'>statum</span> <span class='ocrx_word' id='word_1_133' title='bbox 1069 1587 1160 1649; x_wconf 90' lang='lat' dir='ltr'>posse</span> 
     </span>
     <span class='ocr_line' id='line_1_18' title="bbox 155 1653 1159 1731; baseline 0.003 -20"><span class='ocrx_word' id='word_1_134' title='bbox 155 1655 294 1731; x_wconf 89' lang='lat' dir='ltr'>reperiri,</span> <span class='ocrx_word' id='word_1_135' title='bbox 311 1662 341 1711; x_wconf 91' lang='lat' dir='ltr'>ut</span> <span class='ocrx_word' id='word_1_136' title='bbox 357 1670 414 1712; x_wconf 91' lang='lat' dir='ltr'>non</span> <span class='ocrx_word' id='word_1_137' title='bbox 430 1662 459 1711; x_wconf 90' lang='lat' dir='ltr'>et</span> <span class='ocrx_word' id='word_1_138' title='bbox 475 1653 547 1712; x_wconf 90' lang='lat' dir='ltr'>alius</span> <span class='ocrx_word' id='word_1_139' title='bbox 563 1655 591 1712; x_wconf 91' lang='lat' dir='ltr'>in</span> <span class='ocrx_word' id='word_1_140' title='bbox 609 1653 711 1713; x_wconf 88' lang='lat' dir='ltr'>eadem</span> <span class='ocrx_word' id='word_1_141' title='bbox 726 1663 808 1713; x_wconf 91' lang='lat' dir='ltr'>recte</span> <span class='ocrx_word' id='word_1_142' title='bbox 824 1654 881 1713; x_wconf 93' lang='lat' dir='ltr'>dici</span> <span class='ocrx_word' id='word_1_143' title='bbox 897 1654 1061 1731; x_wconf 87' lang='lat' dir='ltr'>videretur,</span> <span class='ocrx_word' id='word_1_144' title='bbox 1078 1654 1159 1714; x_wconf 91' lang='lat' dir='ltr'>ideo·</span> 
     </span>
     <span class='ocr_line' id='line_1_19' title="bbox 115 1736 1160 1816; baseline -0.006 -14"><span class='ocrx_word' id='word_1_145' title='bbox 115 1746 212 1816; x_wconf 71' lang='lat' dir='ltr'>iique</span> <span class='ocrx_word' id='word_1_146' title='bbox 229 1755 246 1796; x_wconf 94' lang='lat' dir='ltr'>a</span> <span class='ocrx_word' id='word_1_147' title='bbox 263 1736 433 1815; x_wconf 92' lang='lat' dir='ltr'>quibusdam</span> <span class='ocrx_word' id='word_1_148' title='bbox 450 1755 515 1796; x_wconf 93' lang='lat' dir='ltr'>eum</span> <span class='ocrx_word' id='word_1_149' title='bbox 531 1736 691 1797; x_wconf 85' lang='lat' dir='ltr'>exclusum.</span> <span class='ocrx_word' id='word_1_150' title='bbox 722 1737 827 1816; x_wconf 90' lang='lat' dir='ltr'>Neque</span> <span class='ocrx_word' id='word_1_151' title='bbox 843 1739 947 1815; x_wconf 95' lang='lat' dir='ltr'>ignoro</span> <span class='ocrx_word' id='word_1_152' title='bbox 964 1739 1052 1798; x_wconf 90' lang='lat' dir='ltr'>multa</span> <span class='ocrx_word' id='word_1_153' title='bbox 1067 1747 1160 1799; x_wconf 86' lang='lat' dir='ltr'>trans-</span> 
     </span>
     <span class='ocr_line' id='line_1_20' title="bbox 156 1821 1160 1902; baseline 0 -21"><span class='ocrx_word' id='word_1_154' title='bbox 156 1821 245 1896; x_wconf 86' lang='lat' dir='ltr'>ferri,</span> <span class='ocrx_word' id='word_1_155' title='bbox 270 1839 334 1879; x_wconf 92' lang='lat' dir='ltr'>cum</span> <span class='ocrx_word' id='word_1_156' title='bbox 349 1823 378 1881; x_wconf 93' lang='lat' dir='ltr'>in</span> <span class='ocrx_word' id='word_1_157' title='bbox 393 1821 525 1881; x_wconf 92' lang='lat' dir='ltr'>omnibus</span> <span class='ocrx_word' id='word_1_158' title='bbox 547 1821 611 1881; x_wconf 89' lang='lat' dir='ltr'>iere</span> <span class='ocrx_word' id='word_1_159' title='bbox 627 1825 738 1898; x_wconf 86' lang='lat' dir='ltr'>causis,</span> <span class='ocrx_word' id='word_1_160' title='bbox 763 1825 791 1881; x_wconf 94' lang='lat' dir='ltr'>in</span> <span class='ocrx_word' id='word_1_161' title='bbox 814 1823 918 1901; x_wconf 91' lang='lat' dir='ltr'>quibus</span> <span class='ocrx_word' id='word_1_162' title='bbox 936 1822 1079 1883; x_wconf 87' lang='lat' dir='ltr'>cecidisse</span> <span class='ocrx_word' id='word_1_163' title='bbox 1096 1825 1160 1902; x_wconf 88' lang='lat' dir='ltr'>quis</span> 
     </span>
     <span class='ocr_line' id='line_1_21' title="bbox 156 1905 1159 1986; baseline 0.001 -21"><span class='ocrx_word' id='word_1_164' title='bbox 156 1905 279 1965; x_wconf 87' lang='lat' dir='ltr'>formula</span> <span class='ocrx_word' id='word_1_165' title='bbox 295 1905 415 1981; x_wconf 88' lang='lat' dir='ltr'>dieitur,</span> <span class='ocrx_word' id='word_1_166' title='bbox 437 1905 493 1965; x_wconf 91' lang='lat' dir='ltr'>bae</span> <span class='ocrx_word' id='word_1_167' title='bbox 509 1909 564 1965; x_wconf 93' lang='lat' dir='ltr'>sint</span> <span class='ocrx_word' id='word_1_168' title='bbox 583 1909 787 1986; x_wconf 88' lang='lat' dir='ltr'>quaestiones,</span> <span class='ocrx_word' id='word_1_169' title='bbox 805 1925 840 1966; x_wconf 92' lang='lat' dir='ltr'>an</span> <span class='ocrx_word' id='word_1_170' title='bbox 856 1906 940 1982; x_wconf 90' lang='lat' dir='ltr'>huic,</span> <span class='ocrx_word' id='word_1_171' title='bbox 960 1926 996 1967; x_wconf 94' lang='lat' dir='ltr'>an</span> <span class='ocrx_word' id='word_1_172' title='bbox 1011 1926 1074 1967; x_wconf 92' lang='lat' dir='ltr'>cum</span> <span class='ocrx_word' id='word_1_173' title='bbox 1090 1907 1159 1983; x_wconf 90' lang='lat' dir='ltr'>boc,</span> 
     </span>
     <span class='ocr_line' id='line_1_22' title="bbox 156 1988 1159 2069; baseline -0.001 -19"><span class='ocrx_word' id='word_1_174' title='bbox 156 2008 191 2050; x_wconf 91' lang='lat' dir='ltr'>an</span> <span class='ocrx_word' id='word_1_175' title='bbox 207 1988 263 2049; x_wconf 90' lang='lat' dir='ltr'>bac</span> <span class='ocrx_word' id='word_1_176' title='bbox 280 1989 363 2067; x_wconf 89' lang='lat' dir='ltr'>lege,</span> <span class='ocrx_word' id='word_1_177' title='bbox 387 2009 423 2050; x_wconf 91' lang='lat' dir='ltr'>an</span> <span class='ocrx_word' id='word_1_178' title='bbox 441 1990 517 2068; x_wconf 91' lang='lat' dir='ltr'>apud</span> <span class='ocrx_word' id='word_1_179' title='bbox 536 1991 627 2066; x_wconf 91' lang='lat' dir='ltr'>bunc,</span> <span class='ocrx_word' id='word_1_180' title='bbox 650 2009 686 2050; x_wconf 92' lang='lat' dir='ltr'>an</span> <span class='ocrx_word' id='word_1_181' title='bbox 703 1990 760 2051; x_wconf 91' lang='lat' dir='ltr'>hoc</span> <span class='ocrx_word' id='word_1_182' title='bbox 781 2001 916 2069; x_wconf 90' lang='lat' dir='ltr'>tempore</span> <span class='ocrx_word' id='word_1_183' title='bbox 938 1991 1026 2051; x_wconf 85' lang='lat' dir='ltr'>liceat</span> <span class='ocrx_word' id='word_1_184' title='bbox 1046 1988 1159 2069; x_wconf 84' lang='lat' dir='ltr'>agere‘l</span> 
     </span>
     <span class='ocr_line' id='line_1_23' title="bbox 112 2074 1159 2154; baseline 0.001 -20"><span class='ocrx_word' id='word_1_185' title='bbox 112 2081 147 2139; x_wconf 84' lang='grc'>70</span> <span class='ocrx_word' id='word_1_186' title='bbox 157 2082 186 2133; x_wconf 89' lang='lat' dir='ltr'>et</span> <span class='ocrx_word' id='word_1_187' title='bbox 202 2074 226 2130; x_wconf 92' lang='lat' dir='ltr'>si</span> <span class='ocrx_word' id='word_1_188' title='bbox 244 2091 300 2151; x_wconf 94' lang='lat' dir='ltr'>qua</span> <span class='ocrx_word' id='word_1_189' title='bbox 316 2083 381 2133; x_wconf 91' lang='lat' dir='ltr'>sunt</span> <span class='ocrx_word' id='word_1_190' title='bbox 397 2074 474 2134; x_wconf 91' lang='lat' dir='ltr'>talia.</span> <span class='ocrx_word' id='word_1_191' title='bbox 511 2074 569 2134; x_wconf 89' lang='lat' dir='ltr'>Sed</span> <span class='ocrx_word' id='word_1_192' title='bbox 586 2092 749 2153; x_wconf 90' lang='lat' dir='ltr'>personae,</span> <span class='ocrx_word' id='word_1_193' title='bbox 766 2085 914 2154; x_wconf 90' lang='lat' dir='ltr'>tempora,</span> <span class='ocrx_word' id='word_1_194' title='bbox 933 2079 1063 2135; x_wconf 90' lang='lat' dir='ltr'>actiones</span> <span class='ocrx_word' id='word_1_195' title='bbox 1081 2085 1159 2135; x_wconf 91' lang='lat' dir='ltr'>oete·</span> 
     </span>
     <span class='ocr_line' id='line_1_24' title="bbox 82 2158 1160 2236; baseline 0.005 -21"><span class='ocrx_word' id='word_1_196' title='bbox 82 2166 88 2175; x_wconf 89' lang='lat'>&#39;</span> <span class='ocrx_word' id='word_1_197' title='bbox 155 2174 247 2235; x_wconf 90' lang='lat' dir='ltr'>raque</span> <span class='ocrx_word' id='word_1_198' title='bbox 263 2167 385 2236; x_wconf 90' lang='lat' dir='ltr'>propter</span> <span class='ocrx_word' id='word_1_199' title='bbox 407 2158 531 2236; x_wconf 87' lang='lat' dir='ltr'>aliquam</span> <span class='ocrx_word' id='word_1_200' title='bbox 554 2176 669 2219; x_wconf 89' lang='lat' dir='ltr'>causam</span> <span class='ocrx_word' id='word_1_201' title='bbox 691 2159 915 2228; x_wconf 86' lang='lat' dir='ltr'>transferuntur;</span> <span class='ocrx_word' id='word_1_202' title='bbox 939 2162 977 2220; x_wconf 91' lang='lat' dir='ltr'>ita</span> <span class='ocrx_word' id='word_1_203' title='bbox 999 2178 1055 2219; x_wconf 96' lang='lat' dir='ltr'>non</span> <span class='ocrx_word' id='word_1_204' title='bbox 1071 2162 1160 2220; x_wconf 90' lang='lat' dir='ltr'>estin</span> 
     </span>
     <span class='ocr_line' id='line_1_25' title="bbox 155 2241 1158 2323; baseline 0.004 -24"><span class='ocrx_word' id='word_1_205' title='bbox 155 2241 345 2302; x_wconf 89' lang='lat' dir='ltr'>translatione</span> <span class='ocrx_word' id='word_1_206' title='bbox 361 2243 493 2321; x_wconf 86' lang='lat' dir='ltr'>quaestio</span> <span class='ocrx_word' id='word_1_207' title='bbox 512 2243 564 2302; x_wconf 90' lang='lat' dir='ltr'>sed</span> <span class='ocrx_word' id='word_1_208' title='bbox 580 2245 608 2302; x_wconf 92' lang='lat' dir='ltr'>in</span> <span class='ocrx_word' id='word_1_209' title='bbox 624 2262 677 2321; x_wconf 92' lang='lat' dir='ltr'>eo,</span> <span class='ocrx_word' id='word_1_210' title='bbox 700 2254 822 2323; x_wconf 90' lang='lat' dir='ltr'>propter</span> <span class='ocrx_word' id='word_1_211' title='bbox 839 2245 917 2323; x_wconf 93' lang='lat' dir='ltr'>quod</span> <span class='ocrx_word' id='word_1_212' title='bbox 932 2245 1158 2304; x_wconf 84' lang='lat' dir='ltr'>transferuntur:</span> 
     </span>
     <span class='ocr_line' id='line_1_26' title="bbox 155 2321 1161 2407; baseline 0.005 -23"><span class='ocrx_word' id='word_1_213' title='bbox 155 2321 224 2385; x_wconf 91' lang='lat' dir='ltr'>Non</span> <span class='ocrx_word' id='word_1_214' title='bbox 251 2325 345 2389; x_wconf 85' lang='lat' dir='ltr'>debes</span> <span class='ocrx_word' id='word_1_215' title='bbox 371 2328 458 2405; x_wconf 83' lang='lat' dir='ltr'>epod</span> <span class='ocrx_word' id='word_1_216' title='bbox 482 2335 659 2406; x_wconf 82' lang='lat' dir='ltr'>praetorem</span> <span class='ocrx_word' id='word_1_217' title='bbox 684 2332 788 2405; x_wconf 79' lang='lat' dir='ltr'>petere</span> <span class='ocrx_word' id='word_1_218' title='bbox 813 2329 1082 2407; x_wconf 78' lang='lat' dir='ltr'>fideicommissum</span> <span class='ocrx_word' id='word_1_219' title='bbox 1102 2328 1161 2390; x_wconf 87' lang='lat' dir='ltr'>sed</span> 
     </span>
     <span class='ocr_line' id='line_1_27' title="bbox 155 2411 1161 2493; baseline 0.004 -23"><span class='ocrx_word' id='word_1_220' title='bbox 155 2411 242 2488; x_wconf 82' lang='lat' dir='ltr'>opud</span> <span class='ocrx_word' id='word_1_221' title='bbox 263 2413 419 2489; x_wconf 78' lang='lat' dir='ltr'>eonsules,</span> <span class='ocrx_word' id='word_1_222' title='bbox 447 2413 548 2473; x_wconf 84' lang='lat' dir='ltr'>maior</span> <span class='ocrx_word' id='word_1_223' title='bbox 569 2413 648 2474; x_wconf 87' lang='lat' dir='ltr'>enirn</span> <span class='ocrx_word' id='word_1_224' title='bbox 666 2416 830 2493; x_wconf 82' lang='lat' dir='ltr'>praetoria</span> <span class='ocrx_word' id='word_1_225' title='bbox 852 2416 1022 2492; x_wconf 76' lang='lat' dir='ltr'>cognitione</span> <span class='ocrx_word' id='word_1_226' title='bbox 1042 2431 1161 2475; x_wconf 69' lang='lat' dir='ltr'>minino</span> 
     </span>
     <span class='ocr_line' id='line_1_28' title="bbox 156 2493 1161 2572; baseline 0.001 -17"><span class='ocrx_word' id='word_1_227' title='bbox 156 2503 209 2556; x_wconf 79' lang='lat' dir='ltr'>est.</span> <span class='ocrx_word' id='word_1_228' title='bbox 247 2493 418 2572; x_wconf 84' lang='lat' dir='ltr'>Quaeritur,</span> <span class='ocrx_word' id='word_1_229' title='bbox 446 2514 488 2557; x_wconf 89' lang='lat' dir='ltr'>on</span> <span class='ocrx_word' id='word_1_230' title='bbox 510 2499 611 2558; x_wconf 84' lang='lat' dir='ltr'>maior</span> <span class='ocrx_word' id='word_1_231' title='bbox 630 2517 749 2560; x_wconf 80' lang='lat' dir='ltr'>comma</span> <span class='ocrx_word' id='word_1_232' title='bbox 776 2500 837 2559; x_wconf 77' lang='lat' dir='ltr'>cit?</span> <span class='ocrx_word' id='word_1_233' title='bbox 864 2498 935 2558; x_wconf 88' lang='lat' dir='ltr'>iacti</span> <span class='ocrx_word' id='word_1_234' title='bbox 959 2499 1161 2558; x_wconf 88' lang='lat' dir='ltr'>controversia</span> 
     </span>
     <span class='ocr_line' id='line_1_29' title="bbox 114 2577 1160 2661; baseline -0.005 -16"><span class='ocrx_word' id='word_1_235' title='bbox 114 2585 210 2645; x_wconf 85' lang='lat' dir='ltr'>llest.</span> <span class='ocrx_word' id='word_1_236' title='bbox 246 2577 315 2641; x_wconf 89' lang='lat' dir='ltr'>Non</span> <span class='ocrx_word' id='word_1_237' title='bbox 335 2583 406 2643; x_wconf 87' lang='lat' dir='ltr'>iicet</span> <span class='ocrx_word' id='word_1_238' title='bbox 422 2581 477 2642; x_wconf 86' lang='lat' dir='ltr'>tibi</span> <span class='ocrx_word' id='word_1_239' title='bbox 496 2601 591 2660; x_wconf 80' lang='lat' dir='ltr'>apere</span> <span class='ocrx_word' id='word_1_240' title='bbox 608 2601 741 2658; x_wconf 82' lang='lat' dir='ltr'>meeum,</span> <span class='ocrx_word' id='word_1_241' title='bbox 762 2583 897 2661; x_wconf 73' lang='lat' dir='ltr'>eoprniior</span> <span class='ocrx_word' id='word_1_242' title='bbox 915 2583 995 2642; x_wconf 82' lang='lat' dir='ltr'>enirn</span> <span class='ocrx_word' id='word_1_243' title='bbox 1011 2583 1082 2658; x_wconf 74' lang='lat' dir='ltr'>fieri</span> <span class='ocrx_word' id='word_1_244' title='bbox 1100 2600 1160 2642; x_wconf 90' lang='lat' dir='ltr'>non</span> 
     </span>
     <span class='ocr_line' id='line_1_30' title="bbox 153 2664 1160 2744; baseline -0.003 -19"><span class='ocrx_word' id='word_1_245' title='bbox 153 2665 295 2742; x_wconf 81' lang='lat' dir='ltr'>potuisti:</span> <span class='ocrx_word' id='word_1_246' title='bbox 318 2665 474 2741; x_wconf 87' lang='lat' dir='ltr'>iudicatio,</span> <span class='ocrx_word' id='word_1_247' title='bbox 497 2684 539 2726; x_wconf 87' lang='lat' dir='ltr'>nn</span> <span class='ocrx_word' id='word_1_248' title='bbox 550 2667 712 2744; x_wconf 76' lang='lat' dir='ltr'>potnerit?</span> <span class='ocrx_word' id='word_1_249' title='bbox 740 2664 808 2727; x_wconf 86' lang='lat' dir='ltr'>Non</span> <span class='ocrx_word' id='word_1_250' title='bbox 823 2665 956 2726; x_wconf 81' lang='lat' dir='ltr'>debuisti</span> <span class='ocrx_word' id='word_1_251' title='bbox 972 2665 1160 2725; x_wconf 78' lang='lat' dir='ltr'>interdicere</span> 
     </span>
     <span class='ocr_line' id='line_1_31' title="bbox 154 2745 1159 2828; baseline -0.004 -20"><span class='ocrx_word' id='word_1_252' title='bbox 154 2748 213 2809; x_wconf 83' lang='lat' dir='ltr'>ced</span> <span class='ocrx_word' id='word_1_253' title='bbox 230 2757 352 2828; x_wconf 83' lang='lat' dir='ltr'>petere:</span> <span class='ocrx_word' id='word_1_254' title='bbox 380 2769 422 2811; x_wconf 87' lang='lat' dir='ltr'>an</span> <span class='ocrx_word' id='word_1_255' title='bbox 452 2756 537 2811; x_wconf 89' lang='lat' dir='ltr'>reete</span> <span class='ocrx_word' id='word_1_256' title='bbox 565 2751 762 2810; x_wconf 83' lang='lat' dir='ltr'>interdictam</span> <span class='ocrx_word' id='word_1_257' title='bbox 790 2751 845 2824; x_wconf 81' lang='lat' dir='ltr'>sit,</span> <span class='ocrx_word' id='word_1_258' title='bbox 875 2746 1036 2824; x_wconf 87' lang='lat' dir='ltr'>ambigitur.</span> <span class='ocrx_word' id='word_1_259' title='bbox 1077 2745 1159 2820; x_wconf 85' lang='lat' dir='ltr'>Quae</span> 
     </span>
     <span class='ocr_line' id='line_1_32' title="bbox 114 2831 1158 2912; baseline -0.004 -17"><span class='ocrx_word' id='word_1_260' title='bbox 114 2834 254 2895; x_wconf 68' lang='lat' dir='ltr'>ibomnia</span> <span class='ocrx_word' id='word_1_261' title='bbox 269 2834 431 2894; x_wconf 89' lang='lat' dir='ltr'>succedunt</span> <span class='ocrx_word' id='word_1_262' title='bbox 446 2833 584 2910; x_wconf 86' lang='lat' dir='ltr'>legitimis</span> <span class='ocrx_word' id='word_1_263' title='bbox 604 2833 831 2912; x_wconf 91' lang='lat' dir='ltr'>quaestionibus.</span> <span class='ocrx_word' id='word_1_264' title='bbox 870 2831 992 2890; x_wconf 76' lang='lat' dir='ltr'>Annon</span> <span class='ocrx_word' id='word_1_265' title='bbox 1014 2832 1158 2910; x_wconf 91' lang='lat' dir='ltr'>praescri·</span> 
     </span>
     <span class='ocr_line' id='line_1_33' title="bbox 156 2915 1159 2996; baseline -0.003 -19"><span class='ocrx_word' id='word_1_266' title='bbox 156 2918 272 2995; x_wconf 90' lang='lat' dir='ltr'>ptiones</span> <span class='ocrx_word' id='word_1_267' title='bbox 287 2917 389 2996; x_wconf 89' lang='lat' dir='ltr'>(etiam</span> <span class='ocrx_word' id='word_1_268' title='bbox 403 2920 432 2977; x_wconf 90' lang='lat' dir='ltr'>in</span> <span class='ocrx_word' id='word_1_269' title='bbox 447 2917 550 2996; x_wconf 87' lang='lat' dir='ltr'>quibus</span> <span class='ocrx_word' id='word_1_270' title='bbox 565 2919 687 2978; x_wconf 82' lang='lat' dir='ltr'>maxime</span> <span class='ocrx_word' id='word_1_271' title='bbox 699 2917 812 2977; x_wconf 91' lang='lat' dir='ltr'>videtur</span> <span class='ocrx_word' id='word_1_272' title='bbox 823 2915 975 2980; x_wconf 80' lang='lat' dir='ltr'>manifesta</span> <span class='ocrx_word' id='word_1_273' title='bbox 990 2916 1159 2994; x_wconf 88' lang='lat' dir='ltr'>translatio)</span> 
     </span>
     <span class='ocr_line' id='line_1_34' title="bbox 157 2999 1158 3080; baseline -0.004 -19"><span class='ocrx_word' id='word_1_274' title='bbox 157 3000 275 3061; x_wconf 91' lang='lat' dir='ltr'>easdem</span> <span class='ocrx_word' id='word_1_275' title='bbox 291 3018 392 3061; x_wconf 88' lang='lat' dir='ltr'>omnes</span> <span class='ocrx_word' id='word_1_276' title='bbox 409 3002 527 3080; x_wconf 90' lang='lat' dir='ltr'>species</span> <span class='ocrx_word' id='word_1_277' title='bbox 542 3001 667 3078; x_wconf 84' lang='lat' dir='ltr'>babent,</span> <span class='ocrx_word' id='word_1_278' title='bbox 690 3019 761 3079; x_wconf 90' lang='lat' dir='ltr'>quas</span> <span class='ocrx_word' id='word_1_279' title='bbox 782 3019 836 3062; x_wconf 89' lang='lat' dir='ltr'>eae</span> <span class='ocrx_word' id='word_1_280' title='bbox 855 3000 956 3077; x_wconf 91' lang='lat' dir='ltr'>leges,</span> <span class='ocrx_word' id='word_1_281' title='bbox 978 2999 1081 3079; x_wconf 91' lang='lat' dir='ltr'>quibus</span> <span class='ocrx_word' id='word_1_282' title='bbox 1098 3000 1158 3075; x_wconf 87' lang='lat' dir='ltr'>agi·</span> 
     </span>
     <span class='ocr_line' id='line_1_35' title="bbox 156 3084 1159 3165; baseline -0.001 -21"><span class='ocrx_word' id='word_1_283' title='bbox 156 3095 218 3161; x_wconf 90' lang='lat' dir='ltr'>tur,</span> <span class='ocrx_word' id='word_1_284' title='bbox 242 3094 273 3145; x_wconf 92' lang='lat' dir='ltr'>ut</span> <span class='ocrx_word' id='word_1_285' title='bbox 288 3095 337 3147; x_wconf 89' lang='lat' dir='ltr'>aut</span> <span class='ocrx_word' id='word_1_286' title='bbox 352 3086 389 3146; x_wconf 92' lang='lat' dir='ltr'>de</span> <span class='ocrx_word' id='word_1_287' title='bbox 405 3087 520 3146; x_wconf 91' lang='lat' dir='ltr'>nomine</span> <span class='ocrx_word' id='word_1_288' title='bbox 537 3095 585 3146; x_wconf 88' lang='lat' dir='ltr'>aut</span> <span class='ocrx_word' id='word_1_289' title='bbox 602 3088 712 3165; x_wconf 93' lang='lat' dir='ltr'>scripto</span> <span class='ocrx_word' id='word_1_290' title='bbox 735 3094 764 3145; x_wconf 88' lang='lat' dir='ltr'>et</span> <span class='ocrx_word' id='word_1_291' title='bbox 779 3085 922 3145; x_wconf 90' lang='lat' dir='ltr'>sententia</span> <span class='ocrx_word' id='word_1_292' title='bbox 937 3084 986 3144; x_wconf 89' lang='lat' dir='ltr'>vel</span> <span class='ocrx_word' id='word_1_293' title='bbox 1003 3084 1159 3143; x_wconf 90' lang='lat' dir='ltr'>ratiocina-</span> 
     </span>
     <span class='ocr_line' id='line_1_36' title="bbox 157 3168 1158 3249; baseline -0.002 -21"><span class='ocrx_word' id='word_1_294' title='bbox 157 3170 236 3229; x_wconf 89' lang='lat' dir='ltr'>tione</span> <span class='ocrx_word' id='word_1_295' title='bbox 254 3168 430 3248; x_wconf 82' lang='lat' dir='ltr'>quaeratur?</span> <span class='ocrx_word' id='word_1_296' title='bbox 464 3170 578 3230; x_wconf 91' lang='lat' dir='ltr'>Deinde</span> <span class='ocrx_word' id='word_1_297' title='bbox 593 3179 684 3231; x_wconf 89' lang='lat' dir='ltr'>status</span> <span class='ocrx_word' id='word_1_298' title='bbox 703 3189 740 3230; x_wconf 85' lang='lat' dir='ltr'>ex</span> <span class='ocrx_word' id='word_1_299' title='bbox 755 3171 927 3249; x_wconf 91' lang='lat' dir='ltr'>quaestione</span> <span class='ocrx_word' id='word_1_300' title='bbox 944 3170 1048 3235; x_wconf 90' lang='lat' dir='ltr'>oritur;</span> <span class='ocrx_word' id='word_1_301' title='bbox 1066 3177 1158 3227; x_wconf 93' lang='lat' dir='ltr'>trans-</span> 
     </span>
     <span class='ocr_line' id='line_1_37' title="bbox 158 3252 1160 3334; baseline 0.001 -23"><span class='ocrx_word' id='word_1_302' title='bbox 158 3252 227 3312; x_wconf 92' lang='lat' dir='ltr'>latio</span> <span class='ocrx_word' id='word_1_303' title='bbox 249 3255 416 3315; x_wconf 88' lang='lat' dir='ltr'>nonhabet</span> <span class='ocrx_word' id='word_1_304' title='bbox 438 3256 654 3334; x_wconf 88' lang='lat' dir='ltr'>quaestionem,</span> <span class='ocrx_word' id='word_1_305' title='bbox 679 3255 716 3314; x_wconf 89' lang='lat' dir='ltr'>de</span> <span class='ocrx_word' id='word_1_306' title='bbox 738 3273 794 3333; x_wconf 90' lang='lat' dir='ltr'>qua</span> <span class='ocrx_word' id='word_1_307' title='bbox 816 3253 963 3315; x_wconf 92' lang='lat' dir='ltr'>contendit</span> <span class='ocrx_word' id='word_1_308' title='bbox 985 3262 1084 3313; x_wconf 90' lang='lat' dir='ltr'>orator</span> <span class='ocrx_word' id='word_1_309' title='bbox 1106 3252 1160 3312; x_wconf 91' lang='lat' dir='ltr'>sed</span> 
     </span>
     <span class='ocr_line' id='line_1_38' title="bbox 115 3337 1160 3418; baseline -0.002 -19"><span class='ocrx_word' id='word_1_310' title='bbox 115 3341 280 3416; x_wconf 72' lang='lat' dir='ltr'>eapropter</span> <span class='ocrx_word' id='word_1_311' title='bbox 296 3357 380 3416; x_wconf 90' lang='lat' dir='ltr'>quam</span> <span class='ocrx_word' id='word_1_312' title='bbox 396 3340 553 3401; x_wconf 90' lang='lat' dir='ltr'>contendit.</span> <span class='ocrx_word' id='word_1_313' title='bbox 586 3339 650 3400; x_wconf 91' lang='lat' dir='ltr'>lloc</span> <span class='ocrx_word' id='word_1_314' title='bbox 665 3340 809 3418; x_wconf 89' lang='lat' dir='ltr'>apertius,</span> <span class='ocrx_word' id='word_1_315' title='bbox 834 3337 984 3401; x_wconf 81' lang='lat' dir='ltr'>Occidisti</span> <span class='ocrx_word' id='word_1_316' title='bbox 1000 3340 1160 3413; x_wconf 82' lang='lat' dir='ltr'>bominem,</span> 
     </span>
     <span class='ocr_line' id='line_1_39' title="bbox 157 3417 1158 3504; baseline -0.004 -21"><span class='ocrx_word' id='word_1_317' title='bbox 157 3417 227 3484; x_wconf 91' lang='lat' dir='ltr'>Non</span> <span class='ocrx_word' id='word_1_318' title='bbox 248 3426 369 3493; x_wconf 71' lang='lat' dir='ltr'>oeeidie</span> <span class='ocrx_word' id='word_1_319' title='bbox 400 3425 550 3504; x_wconf 86' lang='lat' dir='ltr'>quaestio,</span> <span class='ocrx_word' id='word_1_320' title='bbox 576 3421 625 3486; x_wconf 81' lang='lat' dir='ltr'>An</span> <span class='ocrx_word' id='word_1_321' title='bbox 646 3425 817 3488; x_wconf 79' lang='lat' dir='ltr'>occiderit?</span> <span class='ocrx_word' id='word_1_322' title='bbox 846 3433 954 3501; x_wconf 90' lang='lat' dir='ltr'>status,</span> <span class='ocrx_word' id='word_1_323' title='bbox 979 3425 1158 3484; x_wconf 89' lang='lat' dir='ltr'>coniectura.</span> 
     </span>
    </p>
   </div>
   <div class='ocr_carea' id='block_1_4' title="bbox 0 0 1291 4026">
    <p class='ocr_par' dir='ltr' id='par_1_4' title="bbox 0 0 1291 4026">
     <span class='ocr_line' id='line_1_40' title="bbox 0 0 1291 4026; baseline 0 0"><span class='ocrx_word' id='word_1_324' title='bbox 0 0 1291 4026; x_wconf 95' lang='lat' dir='ltr'> </span> 
     </span>
    </p>
   </div>
  </div>
 </body>
</html>
