2566 4026
388 216 857 284 lnsr.0RATOR.LIB.V11‚10.
1076 207 1116 270 ‹ll

115 374 152 434 de
173 373 263 451 prima
290 372 459 448 quaestione
490 370 655 431 dicendum:
682 373 807 450 passim,
839 380 868 431 et
889 380 919 431 ut
943 374 1068 452 quidque
1090 376 1119 435 in

115 467 238 517 mentem
253 457 366 529 veniet,
383 455 545 529 miscuerit,
564 472 621 513 non
636 458 755 533 primurn
770 456 798 513 in
813 473 848 515 ea
863 457 962 514 scierit
978 475 1045 516 esse
1060 467 1116 518 tra·

115 541 263 612 standum,
279 537 385 596 Verbis
398 539 495 615 legum
507 539 636 598 standum
650 541 686 598 sit
701 557 736 598 an
747 538 910 606 voluntate;
932 538 1013 598 huins
1026 541 1145 618 ipsius?

114 623 274 703 particulae
290 621 406 698 aliquod
422 622 529 681 initium
545 623 665 696 lecerit,
683 621 787 682 deinde
800 624 930 700 proxima
942 622 1117 683 subnectens

114 707 252 766 struxerit
270 707 447 780 orationem,
470 714 501 764 ut
518 724 585 783 pars
602 705 724 764 hominis
746 715 790 765 est
807 723 923 781 manus,
946 707 1008 765 eius
1025 707 1117 784 digiti,
1132 768 1134 772 ,

114 791 228 849 illorum
259 806 376 867 quoque
403 789 524 848 articuli.
567 788 631 848 lloc
657 797 716 863 est,
746 789 823 867 qnod
850 791 977 867 scriptor
1002 789 1118 849 demon·

113 882 207 934 strare
227 889 284 930 non
306 874 413 949 possit,
439 874 493 931 nisi
510 881 589 931 certa
611 872 785 950 definitaque
801 874 928 932 materia.
969 873 1028 933 Sed
1048 872 1148 951 quid8

114 976 170 1016 una
191 957 280 1015 faciet
302 965 350 1014 aut
371 955 480 1030 altera,
502 957 569 1033 quin
590 957 674 1014 immo
698 965 811 1014 centum
833 974 868 1016 ac
882 955 962 1016 mille
982 959 1011 1015 in
1027 975 1060 1015 re
1077 959 1117 1015 in·

114 1035 215 1100 linita?
256 1039 461 1117 Praeceptoris
483 1048 542 1114 est,
568 1041 597 1098 in
618 1039 674 1098 alio
699 1047 785 1116 atque
803 1039 860 1099 alio
879 1057 990 1116 genere
1012 1039 1118 1100 cotidie

114 1122 288 1197 ostendere,
312 1124 375 1200 quis
391 1121 463 1181 ordo
480 1123 517 1180 sit
536 1140 632 1181 rerum
647 1131 676 1181 et
691 1140 766 1201 qnae
782 1122 946 1201 copulatio,
969 1132 1000 1182 ut
1019 1123 1117 1201 paula-

115 1209 164 1267 tim
182 1206 230 1265 liat
247 1224 316 1264 usus
332 1205 411 1265 etad
427 1204 529 1264 similia
545 1208 690 1268 transitus.
725 1204 811 1266 Tradi
827 1208 901 1265 enim
917 1207 1025 1281 omnia,
1043 1223 1118 1284 quae

115 1309 162 1350 ars
186 1290 291 1360 elficit,
313 1306 371 1347 non
390 1298 520 1366 possunt.
570 1287 726 1367 Numquis
748 1290 843 1366 pictor
864 1291 973 1366 omnia,
997 1307 1071 1367 quac
1089 1291 1146 1350 in9

114 1391 210 1433 rerum
231 1382 331 1432 natura
351 1381 433 1448 sunt,
458 1371 627 1432 adumbrare
649 1368 768 1435 didicit?
794 1373 847 1433 sed
866 1383 1008 1452 percepta
1027 1372 1136 1432 semel:

114 1457 239 1517 imitandi
256 1458 368 1515 ratione
390 1456 580 1531 assimulabit,
605 1456 741 1534 quidquid
760 1458 918 1534 acceperit.
969 1456 1040 1529 Quis
1061 1473 1119 1516 non

114 1541 198 1602 faber
213 1540 362 1599 vasculum
378 1539 510 1617 aliquod,
529 1539 615 1617 quale
631 1557 772 1617 nunquam
785 1539 912 1615 viderat,
932 1537 1023 1600 iecit?

200 1623 346 1697 Quaedam
357 1640 428 1682 vero
441 1640 499 1681 non
514 1623 677 1682 docentium
689 1632 754 1682 sunt
766 1623 818 1683 sed
831 1624 1010 1684 discentium.
1046 1622 1161 1684 Namlo

114 1709 260 1781 medicus,
289 1707 356 1784 quid
376 1709 404 1765 in
426 1723 542 1785 quoque
563 1707 735 1770 valetudinis
756 1726 868 1784 genere
888 1706 1049 1767 iaciendum
1070 1709 1118 1781 sit,

117 1792 183 1870 quid
202 1791 364 1869 quibusque
386 1791 475 1867 signis
497 1791 722 1869 providendum,
747 1791 880 1858 docebit;
901 1792 958 1850 vim
977 1790 1119 1850 sentiendi

116 1876 216 1954 pulsus
239 1892 391 1949 venarum,
424 1873 532 1933 coloris
554 1875 674 1949 modos,
702 1875 819 1952 spiritus
844 1883 981 1950 meatum,
1012 1875 1119 1933 caloris

115 1959 289 2033 distantiam,
308 1976 382 2035 quae
397 1975 449 2016 sua
461 1960 601 2035 cuiusque
613 1967 678 2018 sunt
693 1959 814 2034 ingenii,
833 1974 890 2016 nou
902 1957 989 2017 dabit.
1021 1957 1118 2031 Quare
1163 1994 1165 1999 ν

115 2043 236 2120 plurima
257 2050 388 2119 petamus
412 2041 528 2100 anobis
547 2051 655 2102 etcum
677 2043 771 2102 causis
790 2040 983 2101 deliberemus
1006 2043 1118 2117 cogite·

115 2144 253 2203 musque,
275 2125 404 2186 homines
427 2134 491 2184 ante
508 2126 653 2185 invenisse
670 2134 760 2184 artem
782 2142 865 2202 quam
883 2125 1030 2184 docuisse.
1065 2123 1159 2183 lllall

116 2211 190 2269 enim
207 2209 408 2287 potentissima
425 2216 486 2284 est,
513 2226 645 2287 quaeque
660 2225 732 2266 vere
750 2208 853 2267 dicitur
869 2207 1059 2267 oeconomica
1075 2216 1118 2266 to·

116 2294 172 2351 tius
197 2308 303 2351 causae
324 2292 493 2370 dispositio,
516 2309 590 2369 quae
611 2290 690 2349 nullo
706 2291 793 2350 modo
814 2287 949 2349 constitui
964 2291 1018 2348 nisi
1039 2289 1119 2348 velut

115 2378 144 2434 in
166 2395 198 2435 re
227 2384 382 2452 praesente
410 2384 523 2452 potest:
549 2373 597 2433 ubi
620 2372 820 2432 assumendum
844 2374 1040 2450 prooemium,
1070 2370 1119 2430 ubi

116 2458 316 2525 omittendum3
342 2457 391 2517 ubi
406 2458 541 2517 utendum
558 2457 742 2535 expositione
758 2458 906 2530 continua,
930 2454 978 2513 ubi
993 2454 1116 2531 partita:

62 2614 64 2620 Ι
116 2542 163 2601 ubi
186 2542 221 2601 ab
241 2543 327 2601 initiis
350 2541 557 2619 incipiendum,
582 2539 630 2599 ubi
652 2555 733 2599 more
750 2539 905 2599 Homerico
922 2556 938 2597 e
954 2536 1055 2597 mediis
1070 2536 1118 2595 vel

116 2627 238 2693 ultimis:
275 2624 324 2684 ubi
350 2627 463 2684 omnino
491 2642 547 2683 non
574 2623 789 2702 exponendum
823 2621 936 2700 quando
960 2638 977 2680 a
1001 2620 1164 2696 nostris,tt

117 2709 231 2787 quando
247 2707 282 2768 ab
299 2708 529 2768 adversariorum
541 2706 788 2786 propositionibus
802 2707 989 2784 incipiamus,
1005 2704 1120 2782 quando

117 2811 132 2852 a
147 2792 315 2852 firmissimis
329 2791 565 2870 probationibus,
579 2791 692 2870 quando
704 2809 720 2850 a
732 2788 905 2856 levioribns;
923 2805 979 2866 qna
993 2788 1022 2845 in
1033 2804 1120 2846 causa

116 2877 342 2954 praeponendae
354 2877 511 2954 prooemiis
524 2877 721 2954 quaestiones,
735 2891 790 2951 qua
802 2872 1024 2952 praeparatione
1035 2887 1120 2948 prae·

116 2959 300 3026 muniendae;
319 2959 385 3037 quid
397 2959 499 3019 iudicis
515 2960 623 3018 animus
638 2959 774 3036 accipere
787 2958 880 3035 possit
894 2956 988 3015 statim
1003 2955 1119 3028 dictum,

118 3059 176 3120 qno
195 3043 331 3120 paulatim
351 3041 550 3106 deducendus:
577 3042 698 3119 singulis
722 3059 757 3101 an
777 3042 920 3100 universis
947 3036 1121 3116 opponenda

117 3126 267 3194 refutatio;
294 3127 463 3186 reservandi
477 3126 655 3205 perorationi
674 3142 779 3203 anper
799 3132 887 3183 totam
907 3124 1049 3183 actionem
1068 3118 1120 3178 dii·

117 3209 253 3269 fundendi
278 3209 414 3276 allectus:
442 3209 478 3269 de
501 3210 563 3268 iure
578 3211 657 3293 prius
678 3227 714 3268 au
735 3208 771 3267 de
792 3209 939 3286 aequitate
955 3205 1120 3270 dicendum

118 3302 250 3353 anteacta
272 3294 388 3353 crimina
411 3311 463 3367 au,
487 3293 523 3353 de
540 3291 642 3370 quibus
658 3292 791 3351 iudicium
808 3300 868 3366 est,
892 3290 972 3368 prius
992 3287 1121 3347 obiicere

117 3377 165 3436 vel
182 3377 294 3437 diluere
310 3377 476 3444 conveniat:
501 3378 525 3436 si
543 3375 719 3454 multiplices
735 3393 841 3436 censae
857 3381 956 3449 erunt,
973 3373 1036 3450 quis
1049 3370 1120 3430 ordo
1132 3376 1164 3430 13

118 3461 283 3535 faciendus,
315 3477 389 3538 qnae
414 3460 577 3520 testimonia
604 3459 759 3519 tabulaeve
787 3459 926 3536 cuiusque
949 3456 1067 3535 generis
1092 3454 1121 3513 in
