2566 4026
206 121 266 182 114
522 133 559 180 n.
571 132 651 180 ruo.
668 132 889 192 oumnrnmm

175 288 295 354 bsecuti
311 295 432 362 vocant,
449 285 478 346 id
496 295 542 347 est
558 277 682 364 νομικὸν
698 296 727 347 et
743 281 871 367 λογικὸν.
904 288 983 349 ldem
999 291 1140 369 sentiunt,
1157 297 1206 372 qul

204 389 316 431 omnem
332 372 532 449 quaestionem
548 380 656 449 ponunt
671 372 699 430 in
714 373 808 434 rebus
824 381 853 431 et
868 373 896 431 iu
911 374 1024 434 uerbis.

286 454 360 514 item
377 457 529 531 convenit,
554 456 742 532 quaestiones
758 473 826 514 esse
842 465 890 516 aut
908 456 1079 516 infinitas
1096 468 1144 519 aut
1159 461 1205 521 ii-

202 540 309 599 nitas.
346 537 478 598 Infinitae
495 547 575 614 sunt,
599 557 674 616 quae
691 542 810 598 remotis
826 542 961 618 personis
977 550 1007 600 et
1024 544 1206 621 temporibus

203 632 233 685 et
249 623 324 683 locis
344 623 510 728 ceterisque
534 622 699 681 similibus
690 642 718 682 un
736 632 888 701 utramque
904 633 1016 704 partem
1033 634 1204 693 tractantur

203 706 280 786 quod
297 703 400 767 Graeci
418 704 528 767 θέσιν
546 707 660 782 dicunt,
685 704 791 766 Cicero
812 710 1017 787 propositum,
1043 709 1091 770 alii
1108 727 1204 789 quae-

200 792 314 852 stiones
329 791 520 851 um'aersules
537 791 652 866 ciuiles,
671 791 719 849 alii
735 793 928 868 quaestiones
939 793 1118 872 pbilosoplta
1131 815 1204 857 con-

177 875 368 950 evenientes,
391 872 559 934 Athenaeus
573 883 695 972 partem
717 893 833 936 causae
854 876 996 955 appellat.
1031 877 1094 938 Hoc
1109 898 1203 957 genus

201 955 307 1018 Cicero
334 958 456 1017 scientia
478 967 507 1017 et
530 959 646 1017 actione
668 957 832 1036 distinguit,
856 967 887 1018 ut
908 962 945 1018 sit
968 962 1125 1039 scientiae,
1154 961 1204 1024 An

198 1042 394 1123 prouidentia
419 1044 551 1103 mundus
579 1044 728 1120 reputor?
754 1042 891 1118 actionis,
918 1041 968 1103 An
989 1048 1203 1108 accedendum

200 1125 244 1189 ad
262 1126 483 1205 rempublicam
502 1127 803 1188 administrandam?
838 1126 919 1186 Prius
942 1128 1026 1186 trium
1049 1147 1201 1206 generum,

200 1229 236 1271 an
251 1207 309 1270 stt‘t
330 1209 397 1288 quid
413 1208 470 1269 sit?
493 1209 579 1288 quale
601 1207 658 1270 sit?
680 1211 774 1269 omnia
797 1211 871 1269 enim
891 1210 990 1271 baec
982 1216 1110 1289 ignorari
1133 1230 1200 1292 pos·

200 1303 280 1363 sunt;
303 1311 431 1379 sequens
453 1293 589 1370 duorum,
613 1311 670 1372 quo
691 1293 777 1353 modo
799 1293 1011 1372 adipiscamur?
1034 1313 1091 1374 quo
1114 1298 1200 1357 modo

175 1375 332 1447 tutamur?
369 1372 480 1439 Finitae
499 1387 593 1438 autem
610 1387 675 1438 sunt
691 1397 728 1438 ex
749 1378 904 1479 compleqru
926 1397 1022 1439 rerum
1030 1398 1200 1459 ,persona-

198 1481 276 1540 rum,
299 1471 477 1542 temporum,
502 1471 739 1541 oeterorumque;
762 1480 837 1540 quae
860 1454 1017 1536 veneten
1043 1483 1059 1524 a
1081 1463 1201 1525 Graecis

200 1550 350 1624 dicuntur,
372 1564 508 1608 causae
526 1564 542 1605 a
558 1548 674 1605 nostris.
714 1545 746 1604 ln
767 1544 812 1605 his
829 1549 920 1605 omnis
938 1549 1071 1625 quaestio
1088 1550 1202 1610 videtur

172 1633 279 1698 sciron
295 1648 343 1690 res
367 1646 569 1709 personasque
590 1631 762 1689 consistere.
801 1629 935 1708 Amplior
955 1639 999 1689 est
1022 1650 1139 1710 semper
1161 1636 1200 1692 in·

198 1716 292 1790 finita,
314 1714 380 1774 inde
397 1717 472 1774 enim
487 1713 565 1774 linita
581 1714 742 1774 deseendit.
782 1712 866 1786 Quod
888 1722 918 1785 ut
934 1715 1070 1793 exemplo
1089 1725 1199 1794 pateat,

198 1798 306 1859 inlinita
323 1807 378 1874 est,
394 1796 444 1858 An
458 1817 538 1859 naor
556 1800 721 1859 ducendo?
740 1797 828 1872 linita,
844 1795 894 1857 An
911 1795 1019 1859 Catoni
1034 1802 1201 1861 ducenda?

198 1885 324 1960 ideoque
342 1901 409 1942 esse
425 1885 556 1942 suasoria
572 1891 680 1960 potest.
711 1881 769 1941 Sed
786 1882 871 1941 etiam
886 1891 1017 1942 remotae
1033 1901 1049 1942 a
1064 1884 1199 1961 personis

199 1968 324 2045 propriis
349 1966 385 2026 ad
407 1966 514 2045 aliquid
539 1967 644 2026 referri
668 1966 773 2025 solent.
811 1964 865 2024 Est
888 1967 963 2025 enim
987 1967 1127 2047 simplex,
1152 1965 1200 2027 Au

198 2051 376 2129 respublica
398 2051 670 2113 administranda?
690 2051 818 2109 refertur
837 2050 871 2109 ad
894 2050 1016 2128 aliquid,
1040 2055 1092 2112 An
1108 2054 1140 2112 in
1156 2061 1199 2132 ip·

172 2135 330 2196 9raunide
351 2135 624 2196 administranda?
655 2133 714 2194 Sed
737 2134 784 2193 hie
803 2150 920 2212 quoque
937 2133 1039 2196 subest
1055 2136 1137 2196 velut
1158 2135 1198 2196 la·

197 2227 260 2277 tens
277 2235 415 2296 persona,
433 2227 569 2294 tyrannus
583 2219 657 2277 enim
672 2219 799 2295 geminat
813 2218 1022 2296 quaestionem,
1039 2219 1199 2298 subestque

198 2311 227 2361 et
241 2303 382 2381 temporis
399 2312 428 2361 et
450 2303 595 2381 qualitatis
613 2303 701 2363 tacita
720 2305 781 2371 ris;
803 2302 928 2362 nondum
946 2312 1040 2364 tamen
1055 2304 1113 2365 hoc
1130 2321 1197 2382 pro·

196 2386 260 2464 prie
284 2384 392 2445 dixeris
416 2405 542 2447 cansam.
586 2386 649 2447 Hae
673 2396 784 2462 autem,
809 2404 880 2465 quas
902 2388 1026 2448 inlinitas
1048 2405 1141 2465 voco,
1170 2397 1199 2447 et

196 2469 352 2548 generales
369 2470 568 2549 appellantur;
592 2471 669 2549 quod
687 2473 712 2530 si
737 2480 782 2531 est
798 2489 915 2546 vemm,
939 2471 1036 2532 finitae
1052 2472 1199 2552 speciales

198 2562 289 2613 erunt.
335 2552 368 2614 In
393 2557 469 2614 omni
491 2565 585 2616 autem
607 2556 729 2634 speciali
750 2556 850 2632 utique
877 2557 953 2614 inest
975 2556 1141 2632 generalis,
1169 2565 1200 2614 ut

153 2649 188 2699 10
198 2656 273 2716 quae
289 2640 326 2698 sit
341 2639 430 2717 prior.
469 2639 514 2699 Ao
531 2641 633 2698 nescio
650 2657 685 2699 an
701 2640 729 2697 in
745 2639 840 2698 causis
857 2655 992 2715 quoque,
1017 2639 1153 2716 quidquid
1170 2640 1199 2696 in

197 2725 397 2801 quaestionem
418 2725 497 2784 venit
519 2723 681 2800 qualitatis,
711 2721 851 2798 generale
875 2722 920 2780 sit
963 2719 1036 2782 Milo
1059 2718 1198 2781 Clodium

196 2807 327 2886 occidit,
353 2808 423 2868 iure
449 2807 563 2869 oceidit
587 2806 819 2873 insidiatorem·
840 2822 936 2864 nonne
959 2803 1017 2864 hoc
1039 2804 1196 2882 quaeritur,

195 2888 244 2950 An
265 2893 305 2952 sit
325 2893 375 2952 ius
393 2890 606 2952 insidiatorem
626 2890 812 2951 occidendi?
849 2887 955 2961 Quid
947 2907 975 2947 ιιι
999 2883 1198 2948 coniecturis?

196 2990 254 3033 non
274 2973 325 3034 illa
341 2974 508 3052 generalia,
529 2971 578 3035 An
599 2991 698 3035 cansa
717 2974 846 3034 sceleris
866 2973 993 3034 odium?
1019 2972 1198 3050 cupiditas?

195 3055 245 3118 An
269 3060 425 3120 tormentis
446 3059 655 3120 credendum?
688 3055 824 3118 Testibus
838 3076 880 3117 an
899 3057 1087 3135 arpnmentis
1101 3057 1200 3116 maior

195 3141 274 3218 tides
288 3142 455 3204 babendo?
476 3141 549 3201 Nam
563 3141 691 3201 linitione
707 3140 823 3218 quidem
837 3138 1044 3219 comprehendi
1059 3139 1129 3198 nibil
1141 3156 1198 3198 non

155 3234 187 3286 11
198 3224 226 3282 in
242 3226 423 3302 universum,
446 3234 557 3286 certum
574 3226 638 3284 erit.
677 3224 799 3298 Quidam
814 3232 915 3304 putant
930 3224 1017 3284 etiam
1039 3242 1089 3284 eas
1106 3224 1198 3283 thesis

197 3322 288 3385 posse
308 3308 463 3387 aliquando
487 3309 643 3384 nominari,
673 3326 748 3386 quae
770 3309 905 3387 personis
928 3309 1082 3387 causisque
1106 3307 1197 3368 eonti-

197 3399 333 3469 neantur,
352 3391 437 3453 aliter
453 3392 646 3455 tantummodo
663 3392 791 3472 positas:
814 3401 846 3452 ut
862 3409 949 3453 causa
964 3394 1016 3470 sit,
1039 3410 1104 3453 cum
1124 3388 1198 3453 Ore·
