2566 4026
138 146 179 208 70
459 159 496 206 u.
508 158 586 206 usu.
602 159 822 219 qururmmnr

135 317 253 378 Latinos
271 331 342 374 vero
359 314 473 375 dicendi
486 323 698 393 praeceptores
715 317 853 376 extremis
867 316 899 376 b.
915 317 1013 379 Crassi
1030 331 1142 401 tempo-

136 399 376 546 pssqpuscpppisse
394 396 500 459 cicero
524 407 627 458 auctor
650 407 711 468 est;
738 416 858 478 quorum
881 402 1002 479 insignis
1018 409 1142 466 maxime

137 638 186 688 DE
208 635 405 688 LEGTIONE
421 634 638 686 ORATORUM
658 637 705 687 ΕΤ
725 637 1022 692 HISTORICORUM
1040 643 1141 694 APUD

524 717 747 771 RHETOREM.

220 818 256 877 V.
290 817 350 878 Sed
365 817 403 877 de
422 818 535 876 ratione
557 816 738 877 declamandi
760 826 828 895 post
850 818 977 897 paulurn.
1013 818 1141 897 Interim,

137 904 204 981 quia
220 903 312 981 prima
327 901 492 961 rhetorices
509 901 669 962 rudimenta
687 910 860 977 tractamus,
878 919 936 961 non
954 905 1142 964 omittendum

135 987 251 1047 videtur
270 986 298 1045 id
320 1001 456 1064 quoque,
478 994 509 1045 ut
529 1002 679 1062 moneam,
704 995 839 1063 quantum
862 989 898 1045 sit
921 987 1081 1047 collaturus
1106 989 1141 1049 ad

136 1071 300 1150 profectum
316 1069 486 1130 discentium
501 1069 612 1145 rhetor,
629 1070 670 1146 si,
688 1070 927 1148 quemadmodum
943 1090 959 1130 a
976 1074 1141 1148 grammati·

137 1156 179 1216 cis
201 1155 327 1232 exigitur
348 1163 501 1233 poetarum
525 1155 685 1214 enarratio:
708 1155 747 1213 ita
769 1155 834 1231 ipse
859 1171 977 1232 quoque
1001 1156 1141 1215 historiae

136 1249 224 1320 atque
240 1240 326 1298 etiam
347 1239 440 1316 magis
458 1239 620 1298 orationum
641 1237 768 1298 lectione
793 1248 949 1316 susceptos
973 1257 1038 1299 ase
1054 1239 1140 1299 disci·

136 1324 222 1403 pulos
238 1324 422 1391 instruxerit;
446 1321 524 1401 quod
539 1339 592 1381 nos
608 1323 637 1381 in
657 1323 773 1401 paucis,
798 1339 919 1400 quorum
937 1323 965 1383 id
982 1332 1061 1383 aetas
1079 1327 1141 1383 exi·

112 1407 225 1485 egebat
240 1416 269 1465 et
284 1414 421 1484 parentes
438 1406 509 1465 utile
526 1425 593 1465 esse
612 1406 810 1481 crediderant,
830 1409 1019 1466 servavimus.
1053 1405 1140 1466 Gete-

136 1509 198 1551 rum
214 1489 404 1550 sentientibus
422 1491 478 1549 iam
500 1498 559 1548 tum
575 1492 683 1568 optima
698 1491 773 1550 duae
788 1509 837 1550 res
853 1491 1059 1569 impedimento
1077 1493 1140 1551 iue-

136 1583 211 1650 runt,
228 1573 305 1651 quod
321 1583 350 1632 et
365 1574 453 1650 longa
470 1574 650 1633 consuetudo
666 1573 751 1633 aliter
762 1573 887 1634 docendi
903 1574 1016 1635 iecerat
1031 1575 1139 1653 legem,

137 1668 166 1719 et
177 1658 289 1718 robusti
305 1657 368 1718 iere
384 1660 504 1717 iuvenes
519 1676 576 1717 uec
586 1656 662 1717 hunc
678 1657 809 1718 laborem
825 1659 1025 1718 desiderantes
1042 1679 1140 1719 exem-

112 1743 215 1822 3plum
229 1751 359 1801 nostrum
381 1741 588 1820 sequebantur.
622 1739 686 1801 Nec
707 1752 819 1817 tamen,
845 1745 957 1803 etiamsi
979 1743 1046 1820 quid
1070 1761 1140 1803 novr

136 1828 268 1887 velsero
284 1827 476 1902 invenissem,
494 1827 667 1904 praecipere
683 1827 710 1885 in
727 1836 877 1904 posterum
892 1827 1025 1906 puderet.
1056 1826 1141 1887 Nunc

135 1929 207 1973 vero
230 1913 292 1970 scio
314 1911 341 1971 id
366 1911 429 1970 lieri
455 1911 530 1989 apud
553 1909 683 1971 Graecos
710 1910 763 1969 sed
784 1914 877 1989 magis
899 1929 953 1989 per
975 1911 1139 1987 adiutores,

137 1997 203 2075 quia
220 2013 278 2055 non
292 1995 425 2054 videntur
441 2003 572 2072 tempora
594 1995 768 2070 subiectura,
793 1997 817 2054 si
835 1994 1001 2072 legentibus
1018 1996 1140 2072 singulis

114 2080 253 2159 epraeire
269 2097 387 2157 semper
406 2080 462 2157 ipsi
483 2078 582 2138 velint.
616 2077 653 2137 Et
675 2078 796 2138 hercule
817 2079 996 2158 praelectio,
1021 2080 1140 2156 quaein

136 2164 193 2224 hou
211 2163 380 2238 adhibetur,
405 2171 436 2222 ut
453 2162 541 2222 iacile
563 2171 650 2240 atque
668 2163 802 2223 distincte
818 2164 901 2242 pueri
916 2164 1027 2240 scripta
1045 2163 1139 2221 oculis

136 2256 310 2325 sequautur,
340 2247 426 2306 etiam
451 2246 517 2322 illa,
545 2264 620 2325 quae
641 2249 698 2307 vim
721 2250 859 2325 cuiusque
880 2245 979 2321 verbi,
1009 2248 1033 2305 si
1062 2247 1139 2325 quod

137 2333 228 2391 minus
245 2332 381 2392 usitatum
396 2331 513 2406 incidat,
531 2331 629 2407 docet,
647 2333 765 2393 multum
780 2333 853 2394 inira
868 2332 995 2392 rhetoris
1012 2330 1140 2391 cilicium

112 2415 328 2477 texistimanda
347 2424 401 2475 est.
438 2415 478 2475 At
493 2416 693 2477 demonstrare
708 2419 830 2476 virtutes
846 2416 912 2492 vel,
930 2418 954 2475 si
971 2416 1084 2494 quando
1101 2417 1141 2474 ita

137 2498 260 2576 incidat,
284 2501 369 2575 vitia,
394 2499 421 2559 id
446 2501 638 2578 professionis
663 2502 724 2560 eius
747 2510 833 2578 atque
855 2502 1007 2577 promissi,
1033 2517 1090 2576 quo
1107 2517 1140 2557 se

136 2586 303 2662 magistrum
321 2584 506 2663 eloquentiae
523 2584 696 2662 pollicetur,
713 2587 835 2643 maxime
851 2584 999 2659 proprium
1017 2591 1076 2647 est;
1102 2598 1138 2639 eo

138 2669 252 2746 quidem
269 2668 408 2745 validius,
431 2668 508 2746 quod
529 2684 587 2726 non
608 2669 707 2745 utique
724 2667 799 2725 hunc
821 2664 951 2724 laborem
973 2663 1138 2723 docentium

137 2753 275 2831 postulo,
302 2761 332 2811 ut
353 2752 388 2812 ad
415 2752 555 2828 gremium
580 2751 726 2810 revocatis
750 2751 889 2825 cuiusque
911 2764 1012 2806 eorum
1036 2744 1138 2807 liberis

112 2837 265 2897 6lectione
281 2837 457 2896 deserviant.
487 2832 560 2894 Nam
574 2833 642 2893 mihi
658 2852 722 2893 curn
739 2831 853 2893 facilius
869 2841 928 2890 turn
944 2834 1031 2892 etiam
1046 2833 1137 2892 multo

136 2922 250 2981 videtur
264 2922 356 2997 magis
367 2919 448 2995 utile,
464 2919 543 2979 iacto
560 2917 675 2977 silentio
692 2934 777 2976 unum
793 2916 918 2995 aliquem
935 2916 1029 2995 (quod
1045 2918 1138 2996 ipsum

136 3007 273 3084 imperari
294 3006 450 3083 pervices
471 3004 608 3081 optimum
632 3004 692 3082 est)
721 3002 898 3061 constituere
921 3002 1080 3077 lectorem,
1108 3011 1140 3061 ut

137 3091 268 3168 protinus
296 3087 520 3167 pronuntiationi
549 3104 666 3166 quoque
697 3095 882 3155 assuescant;
915 3096 973 3146 tum
1004 3087 1139 3164 exposita

113 3172 240 3247 lcausa,
257 3173 285 3232 in
301 3190 386 3251 quarn
401 3173 509 3250 scripta
525 3171 640 3249 legetur
656 3170 767 3246 oratio,
786 3171 865 3248 (narn
880 3173 924 3230 sic
941 3171 1046 3230 clarius
1063 3188 1139 3248 quae

137 3256 268 3316 dicentur
288 3256 411 3335 intelligi
432 3257 583 3335 poterunt)
612 3254 683 3314 nihil
711 3256 835 3316 otiosum
852 3257 928 3334 pati,
954 3253 1090 3333 quodque
1111 3255 1139 3312 in

137 3341 303 3401 inventione
320 3342 456 3420 quodque
475 3342 505 3400 in
521 3341 688 3400 elocutione
710 3341 902 3400 annotandum
924 3340 993 3408 crit;
1016 3357 1091 3417 quae
1110 3339 1138 3397 in

137 3427 289 3505 prooemio
304 3424 477 3487 conciliandi
491 3424 593 3486 iudicis
609 3426 700 3495 ratio;
722 3443 796 3505 quae
814 3424 948 3485 narrandi
964 3423 1024 3501 lux,
1043 3423 1139 3483 breri-
