2566 4026
120 204 129 208 -
226 171 285 233 174
532 182 901 242 nummulariorum

222 339 374 418 incipiant;
398 355 455 417 quo
474 338 637 417 pudendum
656 347 701 398 est
716 338 820 415 magis,
837 338 862 396 si
878 335 1077 398 diflicultatem
1093 338 1163 400 lacit
1178 339 1229 401 do·

224 424 323 485 ctrina.
356 422 422 482 Non
438 440 509 499 ergo
526 441 643 501 semper
657 431 789 501 putemus
808 422 945 500 optimum
964 439 1031 482 esse
1048 423 1127 500 quod
1143 424 1228 492 latet:

221 508 454 568 immutescamus
472 508 592 585 alioqui,
615 508 640 566 si
655 506 725 566 nibil
741 506 892 567 dicendum
907 506 1055 582 videatur,
1078 508 1132 567 nisi
1152 509 1229 586 quod

180 599 213 657 17
221 609 279 652 uon
291 593 459 651 invenimus.
496 590 651 651 Diversum
668 601 713 654 est
735 591 802 651 huic
824 608 923 650 eorum
938 591 1054 667 vitium,
1072 592 1120 670 qui
1136 594 1229 671 primo

221 674 379 736 decurrere
396 693 451 754 per
465 678 612 736 materiam
630 676 696 736 stilo
714 693 798 754 quam
815 674 1004 735 uelocissimo
1020 675 1121 740 volunt
1137 685 1167 736 et
1183 695 1229 736 se·

221 768 343 838 quentes
366 760 495 820 calorem
516 769 603 838 atque
625 762 760 839 impetum
782 778 820 820 ex
840 768 973 837 tempore
989 759 1132 829 scribunt;
1155 761 1231 821 hane

219 845 329 906 siloam
345 853 460 905 vocant.
502 844 649 923 Repetunt
670 844 774 904 deinde
793 852 822 903 et
838 854 1013 922 componunt
1029 862 1104 922 quae
1121 845 1230 905 elinde-

219 938 297 997 rant;
313 930 367 990 sed
385 928 475 989 rerba
487 928 674 989 emendantur
689 938 718 989 et
729 929 850 1005 numeri,
866 936 962 988 manet
976 930 1004 988 in
1015 928 1102 988 rebus
1119 938 1229 989 temere

178 1013 369 1090 lecongestis
396 1031 471 1091 quae
490 1012 543 1073 luit
560 1013 673 1073 levitas.
715 1012 848 1072 Protinus
872 1029 944 1090 ergo
967 1011 1107 1072 adbibere
1132 1031 1229 1072 curam

219 1099 329 1158 rectius
350 1099 405 1157 erit
425 1106 513 1175 atque
536 1096 572 1157 ab
593 1097 675 1157 initio
701 1098 744 1156 sic
770 1114 844 1175 opus
865 1096 991 1172 ducere,
1011 1104 1042 1155 ut
1060 1095 1229 1157 caelandum

219 1197 278 1240 non
296 1198 333 1241 ex
357 1183 473 1258 integro
499 1178 695 1241 fabricandum
718 1183 764 1240 sit.
805 1178 969 1258 Aliquando
993 1189 1089 1240 tamen
1105 1181 1228 1241 allectus

220 1282 386 1343 sequemur,
403 1264 550 1343 inquibus
567 1264 631 1324 lere
647 1264 713 1343 plus
730 1264 811 1325 calor
827 1281 911 1342 quam
930 1263 1080 1341 diligentia
1094 1265 1185 1324 valet.

304 1349 380 1409 Satis
394 1357 516 1427 apparet
532 1367 569 1409 ex
581 1365 628 1424 eo,
647 1348 724 1426 quod
735 1348 809 1408 banc
821 1348 1008 1408 scribentium
1019 1349 1228 1426 negligentiam

177 1439 212 1498 19
220 1431 334 1509 damno,
351 1432 418 1510 quid
434 1432 470 1492 de
483 1431 541 1494 illis
558 1431 722 1493 dictandi
744 1431 856 1492 deliciis
875 1434 1005 1492 seutiam.
1033 1432 1106 1493 Nam
1119 1435 1146 1492 in
1160 1433 1227 1492 stilo

221 1516 336 1594 quidem
353 1514 510 1594 quamlibet
530 1525 689 1595 properato
712 1516 761 1578 dat
780 1515 905 1595 aliquam
927 1517 1096 1594 cogitationi
1118 1533 1227 1577 moram

219 1617 277 1659 non
299 1616 483 1678 consequens
506 1599 685 1661 celeritatem
713 1601 775 1661 eius
796 1619 911 1669 manum
942 1600 993 1661 ille
1020 1603 1065 1660 cni
1087 1601 1227 1661 dictamus

218 1692 320 1761 urget,
343 1691 431 1762 atque
453 1683 566 1742 interim
587 1684 676 1762 pudet
698 1685 783 1745 etiam
804 1684 935 1745 dubitare
958 1694 1006 1745 aut
1022 1686 1164 1745 resistere
1180 1694 1228 1744 aut

177 1775 328 1830 remutare
344 1768 427 1845 quasi
443 1768 592 1827 conscium
609 1767 777 1828 infirmitatis
795 1777 913 1831 nostrae
929 1769 1070 1829 timentes.
1103 1769 1168 1843 Quo
1185 1769 1225 1843 lit,

218 1859 249 1910 ut
269 1867 326 1910 non
341 1850 423 1912 rudia
444 1859 551 1911 tantum
575 1859 604 1910 et
619 1851 737 1912 fortuita
749 1852 807 1912 sed
827 1854 984 1932 impropria
1006 1854 1138 1930 interim,
1161 1853 1226 1913 dum

219 1934 283 1994 sola
300 1943 345 1994 est
366 1933 558 1994 connectendi
580 1937 721 1994 sermonis
740 1936 897 2014 cupiditas,
915 1937 1048 2012 effluant,
1073 1954 1148 2014 quae
1170 1954 1226 1995 nec

218 2017 406 2079 scribentium
426 2036 524 2079 curam
539 2037 595 2078 uec
611 2019 766 2080 dicentium
778 2022 914 2098 impetum
931 2028 1156 2099 consequantur.
1187 2019 1226 2078 Αι

217 2102 294 2162 idem
312 2102 374 2178 ille,
395 2105 443 2181 qui
456 2103 583 2181 excipit,
601 2105 626 2162 si
641 2103 750 2163 tardior
765 2105 794 2163 in
809 2103 964 2165 scribendo
980 2114 1028 2165 aut
1042 2104 1183 2163 incertior
1197 2105 1226 2162 in

218 2185 345 2263 legendo
364 2187 445 2247 velut
464 2187 625 2247 offensator
639 2186 707 2247 luit:
724 2187 869 2247 inhibetur
886 2206 999 2265 cursus,
1016 2197 1103 2266 atque
1122 2189 1224 2262 omnis,

219 2288 293 2348 quae
309 2279 387 2347 erat,
406 2280 575 2350 conceptae
596 2273 700 2331 mentis
723 2272 844 2331 intentio
865 2289 946 2332 mora
961 2282 990 2332 et
1007 2273 1147 2332 interdum
1170 2273 1225 2331 ira·

174 2366 207 2418 21
218 2354 320 2414 cundia
335 2357 488 2416 excutitur.
527 2354 599 2415 Tum
620 2354 686 2432 illa,
708 2373 783 2434 quae
801 2354 934 2416 altiorem
951 2357 1035 2416 animi
1056 2365 1163 2415 motum
1178 2373 1224 2414 se·

217 2446 341 2516 quuutnr
352 2457 486 2518 quaeque
498 2441 562 2518 ipsa
575 2440 696 2499 animum
707 2439 918 2519 quodammodo
931 2442 1086 2516 concitant,
1104 2455 1225 2518 quorum

217 2531 263 2582 est
275 2523 384 2583 iactare
399 2541 528 2599 manum,
552 2532 691 2601 torquere
706 2523 831 2598 vultum,
853 2524 944 2584 sinum
966 2533 996 2584 et
1016 2523 1091 2583 latus
1112 2524 1225 2584 iuterim

217 2604 389 2683 obiurgare,
407 2625 541 2686 quaeque
557 2606 673 2666 Persius
692 2615 782 2683 notat,
803 2625 866 2667 cum
881 2607 986 2668 leuiter
1003 2607 1116 2668 dicendi
1131 2625 1225 2684 genus

215 2689 367 2767 significat,

242 2771 309 2835 Nec
321 2776 467 2852 pluteum,
484 2776 592 2854 inquit,
612 2776 715 2838 coedit
728 2795 786 2836 nec
803 2777 960 2837 demorsos
973 2777 1057 2855 sopit
1069 2794 1196 2855 unques,

172 2858 299 2922 tretium
314 2857 532 2934 ridiculosum,
555 2859 610 2918 nisi
631 2877 695 2919 cum
718 2859 775 2920 soli
791 2876 897 2919 sumus.
939 2858 1072 2940 Denique
1087 2868 1118 2919 ut
1131 2858 1225 2920 semel

216 2942 294 3019 quod
318 2951 364 3002 est
386 2943 617 3020 potentissimum
639 2943 748 3019 dicam,
772 2952 918 3005 secretum
941 2945 970 3002 in
986 2944 1120 3004 dictando
1137 2944 1222 3022 perit.

215 3024 313 3103 Atque
335 3025 458 3086 liberum
482 3025 597 3088 arbitris
621 3027 718 3088 locum
741 3037 771 3088 et
792 3045 877 3109 quam
891 3027 1060 3088 altissimum
1079 3027 1224 3088 silentium

215 3109 409 3171 scribentibus
424 3112 547 3170 maxime
563 3113 722 3172 convenire
733 3129 818 3172 nemo
831 3110 1014 3172 dubitauerit.
1047 3110 1113 3172 Non
1128 3120 1224 3171 tamen

214 3194 345 3271 protinus
361 3194 511 3271 audiendi,
535 3195 583 3274 qui
605 3195 727 3256 credunt
748 3197 895 3275 aptissima
915 3198 943 3255 in
958 3196 1016 3255 hoc
1037 3212 1157 3256 nemora
1174 3195 1223 3256 sil·

214 3294 336 3356 vasque,
354 3276 431 3356 quod
447 3278 496 3339 illa
514 3279 592 3340 coeli
606 3279 738 3356 libertas,
757 3279 888 3341 locorum
900 3281 1057 3340 amoenitas
1071 3278 1223 3341 sublimem

172 3362 336 3430 unanimum
358 3370 387 3422 et
409 3362 570 3424 beatiorem
588 3365 718 3442 spiritum
740 3373 851 3443 parent.
894 3363 963 3424 blibi
985 3373 1065 3424 certe
1082 3361 1223 3424 iucundus

214 3442 262 3505 bic
283 3445 374 3524 magis
396 3464 481 3525 quam
500 3448 660 3510 studiorum
684 3447 817 3510 hortator
842 3448 956 3511 videtur
980 3466 1047 3511 esse
1073 3465 1220 3510 secessus.
