2566 4026
380 181 468 228 rnsr.
488 181 637 229 onnron.
656 184 857 250 n1n.111,11.
1062 176 1121 239 149

118 340 208 414 sicut,
234 356 297 398 cum
313 338 369 396 sint
382 336 482 415 plures
499 337 685 415 quaestiones
701 354 859 416 omnesque
876 357 945 399 suos
962 350 1052 402 status
1070 342 1119 404 ha·

117 424 222 498 beant,
253 439 358 482 causae
384 430 478 480 tamen
500 430 591 479 status
615 440 687 480 unus
710 424 763 497 sit,
787 423 822 482 ad
847 441 932 502 quem
953 425 1119 488 referuntur

118 507 226 567 omnia:
257 507 296 566 ita
317 504 452 564 iudicatio
474 506 596 564 maxime
616 507 752 584 propria,
774 506 811 565 de
832 524 887 584 qua
907 511 1116 586 pronuntiatur.

117 588 284 667 Συνέχον
307 597 402 649 autem
418 589 530 668 (quod,
554 598 584 648 ut
600 588 668 665 dixi,
693 591 848 651 coniuent
865 591 925 668 alii,
944 591 1143 670 firmamur-9

117 686 178 737 tum
197 673 245 734 alii
269 681 386 751 putant,
408 669 514 732 Cicero
528 673 734 750 firmissimam
751 679 1043 754 arpurnentotionem
1065 679 1117 740 de·

115 759 248 839 suasoris
273 766 301 818 et
320 757 560 835 potentissimum
581 757 626 817 ud
646 758 876 832 iudicationem)
898 759 1066 837 quibusdam
1088 762 1117 822 id

116 843 330 916 videturesse,
354 849 422 918 post
437 840 514 918 quod
534 839 603 899 nihil
622 843 783 919 quaeritur,
805 841 975 922 quibusdam
995 844 1023 903 id
1040 844 1118 922 quod

118 926 152 988 ad
174 926 382 985 iudicationem
403 924 593 982 firmissimum
614 925 741 984 aiiertur.
791 924 885 986 Gausa
910 926 980 986 iacti
1006 944 1064 986 non
1089 929 1159 991 inlo

118 1028 217 1070 omnes
234 1009 450 1068 controversias
472 1009 557 1067 cadit.
596 1006 666 1068 Nam
682 1025 757 1088 quae
772 1008 860 1069 fuerit
876 1028 963 1070 causa
979 1010 1115 1088 faciendi,

118 1094 164 1154 ubi
184 1094 292 1154 iactum
307 1087 449 1169 negatur?
489 1091 527 1149 At
543 1089 591 1149 ubi
611 1109 698 1151 causa
714 1101 870 1170 tractetur,
889 1103 996 1171 negant
1012 1094 1117 1154 eodem

118 1176 183 1240 ioco
201 1195 269 1236 esse
284 1176 488 1236 iudicationem
504 1191 560 1252 quo
577 1176 786 1253 quaestionem.
814 1175 905 1255 idque
922 1186 951 1236 et
966 1180 993 1237 in
1006 1177 1116 1239 Rheto-

118 1264 186 1324 ricis
205 1259 311 1322 Cicero
330 1268 360 1318 ct
375 1260 404 1317 in
420 1258 623 1318 Partitionibus
638 1260 716 1318 dicit.
753 1259 825 1319 Nam
840 1261 868 1319 in
887 1263 1054 1323 coniectura
1072 1271 1158 1326 estll

117 1347 249 1426 quaestio
267 1362 303 1403 er
323 1342 393 1402 illo:
416 1341 560 1419 Factum,
583 1363 642 1404 non
655 1344 789 1423 suctum,
805 1363 847 1405 ou
860 1345 978 1424 suctum
992 1349 1053 1408 sit?
1074 1345 1117 1407 lbi

118 1447 189 1507 ergo
206 1428 359 1501 iudicatio,
382 1425 430 1485 ubi
452 1427 601 1505 quaestio,
625 1428 690 1505 quia
706 1429 734 1485 in
751 1427 900 1487 eademne
922 1430 1011 1507 prima
1028 1448 1116 1509 quae·

116 1516 172 1573 stio
190 1522 219 1572 et
241 1520 371 1571 extrema
388 1511 572 1588 disceptatio.
608 1510 648 1570 At
662 1512 690 1569 in
707 1511 861 1588 qualitate,
885 1510 1015 1574 Matrem
1039 1512 1116 1576 Ore-

116 1606 177 1660 stes
191 1597 326 1658 oceidit:
350 1603 453 1666 recte;
474 1614 533 1656 uon
550 1603 635 1656 recte
641 1617 655 1662 ‚·
677 1614 718 1655 un
733 1604 818 1657 recte
833 1597 1004 1658 occiderit?
1027 1615 1116 1676 quae·

116 1683 173 1740 etio
189 1698 244 1740 nec
260 1679 354 1739 statim
370 1678 518 1738 iudicatio.
549 1678 669 1752 Quando
687 1675 780 1756 ergo?
806 1677 867 1741 Ittc
881 1689 1005 1759 putrem
1018 1700 1117 1743 meum

116 1767 293 1832 occiderut;
314 1764 370 1824 sed
385 1781 445 1824 non
459 1763 528 1823 ideo
543 1772 574 1823 tu
588 1771 716 1825 matrem
731 1764 863 1824 debuisti
879 1766 1044 1834 oecidere;
1066 1762 1116 1826 An

116 1849 278 1910 debuerit?
300 1847 347 1907 hio
371 1847 518 1906 iudicatio.
548 1844 768 1906 Firmamentum
791 1856 885 1907 autem
902 1848 1000 1908 verbis
1024 1850 1115 1926 ipsius
1124 1858 1159 1911 12

116 1950 235 2011 ponam:
266 1933 293 1992 si
314 1932 385 1992 uelit
411 1928 535 1991 Orestes
555 1931 661 1992 dicere
683 1932 832 1993 eiusmodi
854 1933 988 1993 amotum
1008 1935 1117 1993 matris

114 2036 191 2079 snae
205 2019 371 2092 inpetrem
385 2033 487 2090 suurn,
510 2015 541 2074 in
556 2034 589 2076 se
603 2017 703 2094 ipsum
718 2035 758 2077 uc
771 2033 910 2093 sorores,
929 2017 962 2076 in
977 2035 1115 2094 repnunt,

114 2103 145 2160 in
158 2101 276 2180 sumum
289 2101 412 2177 pencris
427 2107 455 2160 et
467 2098 622 2177 sortitiae,
641 2107 674 2160 ut
687 2100 724 2160 nd
739 2119 777 2161 eo
789 2118 907 2179 poenus
921 2100 1011 2161 liberi
1023 2102 1117 2179 potis·

114 2187 223 2246 ornum
235 2185 284 2244 sui
297 2192 403 2262 petere
414 2182 583 2243 debuerint.
602 2182 726 2242 Utuntur
737 2182 785 2243 alii
797 2192 826 2243 et
837 2182 942 2243 talibus
954 2184 1097 2263 exemplis
1107 2205 1114 2244 :
1124 2192 1158 2247 13

116 2266 175 2341 Qui
192 2269 271 2330 dono
283 2275 418 2348 paterno
434 2267 669 2346 consumpserit,
693 2286 731 2328 ne
746 2270 936 2330 contionatur
940 2291 955 2338 ,·
972 2270 1005 2330 in
1018 2285 1117 2348 opero

112 2352 240 2435 publicu
255 2351 460 2429 cuwumpsit5
482 2352 631 2429 quaestio:
653 2368 711 2428 on,
728 2352 867 2430 quisquis
882 2353 1114 2431 cunsumpserit,

112 2436 322 2516 prohibendus
335 2436 396 2495 sit?
414 2434 566 2510 iudicatio,
590 2432 652 2511 An,
675 2436 728 2513 qni
741 2436 810 2496 sic?
841 2434 915 2509 Vel,
938 2437 1010 2493 utin
1027 2442 1159 2497 causali

114 2520 212 2579 militis
228 2519 363 2594 Arrunti,
388 2519 437 2598 qui
459 2517 573 2578 Lusium
588 2518 730 2578 tribunum
745 2519 801 2578 vim
817 2518 871 2577 sibi
887 2518 1058 2577 inferentem
1072 2520 1116 2577 in·

114 2603 252 2679 tericcit,
269 2604 417 2682 quaestio:
438 2599 488 2662 An
502 2604 571 2663 iure
582 2604 712 2682 secent?
732 2604 821 2662 ratio:
845 2602 926 2681 quod
944 2602 972 2662 is
987 2603 1048 2663 cim
1064 2602 1115 2680 of-

111 2688 254 2769 fendat,-
274 2688 425 2747 iudicatio:
442 2682 491 2747 An
504 2687 727 2764 indemnatum,
747 2704 789 2748 un
806 2685 973 2748 Tribunum
987 2705 1008 2748 o
1022 2686 1115 2747 milite

113 2772 216 2833 occidi
232 2772 422 2850 oportuerit?
453 2769 583 2829 Alterius
601 2772 685 2831 etiam
701 2779 791 2831 status
807 2772 1022 2850 quaestionem,
1041 2770 1157 2831 alte-15

115 2856 174 2914 rius
190 2854 395 2915 iudicationem
409 2862 518 2932 putant.
546 2853 686 2928 Quaestio
703 2855 863 2933 qualitatis:
885 2851 935 2915 An
951 2862 1035 2916 recte
1048 2851 1113 2918 cto·

115 2940 200 3000 diurn
216 2935 287 3001 Milo
307 2939 477 2999 occiderit?
509 2936 649 2998 iudicatio
674 2939 896 3015 coniecturalis,
917 2935 976 2999 An.
989 2935 1115 3000 Clodius

114 3024 248 3084 insidias
261 3024 395 3101 fecerit?
420 3021 531 3082 Ponunt
547 3031 576 3081 et
590 3022 679 3098 illud,
702 3040 793 3101 saepe
810 3040 925 3083 causam
945 3024 973 3081 in
989 3021 1114 3101 aliquam
1123 3029 1157 3085 16

114 3124 176 3166 rem
193 3107 307 3181 dimitti,
330 3124 406 3184 quae
420 3122 477 3164 non
493 3107 529 3165 sit
544 3108 663 3185 propria
678 3108 871 3184 quaestionis,
894 3114 923 3165 et
939 3106 975 3165 de
991 3123 1026 3165 ea
1042 3106 1113 3166 iudi·

115 3192 184 3251 cari.
214 3190 241 3250 Α
260 3189 497 3270 quibusmultum
513 3189 663 3250 dissentio.
693 3188 765 3249 Nam
781 3198 810 3248 et
825 3189 875 3249 illa
892 3190 1041 3268 quaestio:
1064 3187 1114 3251 An

113 3294 234 3352 omnes,
260 3278 313 3352 qui
338 3282 473 3352 paterno
499 3274 578 3335 dono
604 3276 861 3352 consumpserint,
895 3275 1030 3334 contione
1053 3275 1115 3335 sint

112 3360 315 3439 prohibendi?
341 3357 447 3418 haheat
469 3366 587 3436 oportet
607 3374 687 3417 suam
707 3357 921 3418 iudicationem.
953 3354 1034 3435 Ergo
1056 3373 1113 3416 non

113 3444 170 3505 alia
192 3443 326 3524 quaestio
351 3441 407 3501 alia
428 3440 563 3502 iudicatio
585 3442 655 3518 erit,
678 3441 731 3501 ssd
752 3440 852 3520 plures
875 3440 1062 3518 quaestiones
1085 3447 1114 3498 et
