2566 4026
226 157 284 218 tre
548 168 912 229 n.nnn.on1nn1nmnr

222 334 300 400 tare,
325 340 382 401 quo
402 323 467 382 solo
483 341 595 400 genere
613 323 831 384 exercitationis
847 322 950 384 dicitur
964 343 1032 384 usus
1049 343 1117 384 esse
1136 324 1222 404 Snlpr

223 412 295 468 cius.
325 406 397 466 Nam
413 416 444 467 et
459 406 588 467 sublimis
605 408 722 486 spiritus
738 405 875 467 attollere
890 409 1051 468 orationem
1069 418 1187 486 potest,
1206 419 1235 470 et

221 491 311 553 verba
327 493 444 569 poetica
460 489 595 551 libertate
612 490 768 552 audaciore
780 509 838 550 non
850 502 1037 569 praesumunt
1048 492 1151 553 eadem
1165 511 1234 570 prc-

222 577 287 656 prie
302 575 416 636 dicendi
436 574 614 635 facultatem.
644 575 702 636 Sed
720 585 748 634 et
762 577 835 653 ipsis
847 578 997 636 sententiis
1014 576 1143 636 adiicere
1160 576 1233 638 licet

222 661 380 720 oratorium
405 658 495 718 robur
522 668 551 718 et
578 661 686 719 omissa
713 658 869 737 supplere,
900 660 993 720 effusa
1018 660 1233 738 substringere.

193 744 323 822 tNeque
353 762 410 820 ego
431 743 631 821 paraphrasim
652 761 720 802 esse
745 744 1016 821 interpretationem
1036 753 1145 804 tantum
1160 745 1233 805 volo

221 827 274 888 sed
285 829 363 888 circa
380 826 500 886 eosdem
511 846 615 887 sensus
631 836 778 887 certamen
790 835 878 905 atque
891 828 1121 888 aemulationem.
1146 827 1233 888 Ideo·

221 930 277 990 que
295 910 404 972 abillis
422 910 579 986 dissentio,
603 911 651 990 qui
672 920 790 971 vertere
816 912 965 972 orationes
983 911 1098 972 Latinas
1120 921 1232 989 vetant,

221 996 287 1074 quia
306 996 425 1073 optimis
451 997 619 1074 occupatis,
644 994 781 1073 quidquid
802 994 887 1055 aliter
912 995 1085 1071 dixerimus,
1104 1014 1233 1056 necesse

219 1081 256 1139 sit
272 1098 339 1138 esse
355 1079 494 1139 deterius.
527 1078 600 1138 Nam
615 1096 711 1157 neque
733 1096 850 1158 semper
863 1089 911 1139 est
926 1080 1156 1158 desperandum,
1182 1081 1233 1140 ali·

220 1163 289 1242 qnid
305 1162 375 1239 illis,
393 1181 467 1242 quae
483 1162 560 1224 dicta
577 1172 653 1239 sunt,
664 1163 768 1224 melius
783 1179 874 1241 posse
889 1165 1025 1242 reperiri;
1044 1181 1140 1241 neque
1156 1164 1233 1225 adeo

219 1249 342 1306 ieiamm
356 1265 391 1306 ac
406 1265 566 1326 pauperem
581 1256 681 1308 natura
696 1246 891 1325 eloquentiam
914 1247 1001 1323 iecit,
1026 1256 1056 1306 ut
1072 1265 1127 1306 nna
1145 1247 1183 1307 de
1200 1267 1233 1308 re

193 1330 297 1393 6bene
313 1330 369 1391 dici
385 1332 440 1390 nisi
460 1330 552 1391 semel
570 1348 628 1391 non
643 1333 747 1410 possit.
790 1329 853 1391 Nisi
867 1332 944 1391 forte
956 1331 1127 1391 histrionum
1141 1332 1233 1392 multa

221 1415 298 1475 circa
315 1432 407 1476 voces
424 1415 541 1475 easdem
556 1417 670 1475 variare
684 1423 786 1492 gestus
809 1423 925 1493 potest,
950 1415 1050 1474 orandi
1065 1417 1158 1475 minor
1174 1417 1231 1491 vis,

222 1508 252 1558 ut
267 1499 379 1559 dicatur
396 1499 520 1578 aliquid,
539 1509 607 1578 post
623 1499 702 1577 quod
722 1499 752 1557 in
771 1497 872 1558 eadem
895 1500 1015 1559 materia
1037 1498 1107 1558 nihil
1129 1499 1231 1559 dicen-

221 1582 286 1642 dum
302 1584 348 1643 sit.
382 1583 441 1644 Sed
456 1592 532 1658 esto,
551 1601 647 1662 neque
662 1582 766 1643 melius
783 1582 860 1660 quod
873 1583 1032 1642 invenimus
1051 1601 1119 1643 esse
1133 1601 1232 1661 neque

191 1675 288 1744 iper:
305 1675 350 1725 est
366 1675 448 1726 certe
464 1667 604 1744 proximis
619 1667 713 1727 locus.
753 1666 799 1725 An
814 1683 886 1727 vero
905 1668 961 1744 ipsi
971 1684 1034 1725 non
1048 1664 1093 1725 bis
1109 1685 1144 1727 ac
1164 1686 1228 1727 sae·

221 1751 285 1827 pius
303 1750 340 1810 de
358 1750 459 1810 eedem
476 1769 509 1811 re
529 1749 648 1810 dicimus
671 1760 700 1811 et
722 1749 837 1828 quidem
861 1752 1011 1810 continuas
1029 1767 1230 1829 nonnunquam

220 1830 403 1893 sententias?
435 1832 497 1893 Nisi
512 1834 589 1896 iorte
607 1835 785 1896 contendere
802 1833 954 1894 nobiscum
971 1852 1143 1913 possumus,
1166 1853 1231 1894 cum

220 1916 284 1976 aliis
299 1934 357 1977 non
372 1934 536 1995 possumus.
574 1918 646 1979 Nam
663 1919 687 1977 si
709 1935 766 1977 uno
782 1936 893 1995 genere
911 1917 1166 1979 benediceretur:
1186 1918 1231 1978 ias

220 2010 283 2060 erat
301 2003 458 2063 existimari
473 2002 657 2080 praeclusam
673 2000 756 2062 nobis
771 2019 788 2062 a
803 2002 949 2080 prioribus
960 2004 1050 2071 viam;
1067 2020 1142 2062 nunc
1157 2019 1230 2062 vero

219 2085 442 2145 innumerabiles
468 2095 534 2146 sunt
557 2086 635 2146 modi
662 2086 862 2164 plurimaeque
888 2086 992 2146 eodem
1021 2088 1085 2146 viae
1112 2086 1229 2146 ducunt.

192 2168 278 2229 &Sua
293 2167 427 2230 brevitati
444 2172 538 2248 gratia
554 2189 606 2230 sua
623 2171 737 2248 copiae,
757 2169 813 2231 alia
825 2169 971 2230 translatis
982 2171 1073 2229 virtus
1091 2168 1146 2229 alia
1162 2186 1231 2247 pro-

219 2253 301 2331 priis,
314 2253 372 2313 boc
388 2255 480 2314 oratio
496 2263 579 2315 recta
590 2254 661 2314 illud
674 2254 767 2332 ligura
784 2253 928 2314 declinata
942 2253 1131 2315 commendat.
1163 2251 1231 2331 Ipsa

220 2335 344 2415 denique
365 2337 516 2399 utilissima
538 2347 584 2398 est
605 2339 807 2398 exercitationi
832 2336 997 2398 difficultas.
1035 2336 1127 2414 Quid,
1152 2337 1231 2414 quod

219 2430 355 2480 auctores
378 2423 492 2482 maximi
520 2422 564 2483 sic
594 2421 760 2500 diligentius
788 2423 1025 2498 cognoscuntur?
1065 2420 1131 2481 Non
1155 2423 1230 2480 enim

219 2505 329 2584 scripta
350 2504 482 2565 :lectione
503 2523 608 2565 secura
630 2507 853 2566 transcurrimus
873 2505 927 2566 sed
941 2513 1099 2565 tractamus
1115 2505 1229 2582 singula

220 2597 250 2647 et
266 2589 436 2649 necessario
454 2591 668 2667 introspicimus
686 2598 725 2664 et,
743 2598 878 2667 quantum
893 2590 1007 2649 virtutis
1026 2588 1162 2664 habeant,
1181 2589 1230 2648 vel

219 2671 276 2732 hoc
292 2674 358 2751 ipso
374 2674 590 2750 cognoscimus,
608 2673 685 2752 quod
700 2674 803 2734 imitar-i
817 2690 875 2733 non
889 2689 1055 2751 possumus.

190 2762 207 2818 9
304 2755 368 2816 Nec
383 2756 477 2818 aliena
495 2766 605 2818 tantum
620 2757 779 2818 transferre
799 2756 852 2817 sed
876 2758 961 2816 etiam
983 2765 1083 2816 nostra
1098 2755 1228 2834 pluribus

219 2840 312 2900 modis
328 2849 454 2901 tractare
469 2841 615 2919 proderit:
637 2851 668 2902 ut
693 2860 731 2901 ex
751 2841 889 2901 industria
910 2858 1054 2901 sumamus
1070 2841 1230 2900 sententias

221 2922 357 3001 quasdam
377 2942 488 3004 easque
502 2943 654 2986 versemus
671 2943 755 3004 quam
769 2926 1016 3000 numerosissime,
1032 2923 1113 2984 velut
1128 2922 1230 2983 eadem

178 3014 212 3068 lo
222 3024 289 3066 cera
305 3007 377 3068 alias
393 3008 524 3088 aliasque
538 3010 647 3070 formas
663 3010 728 3071 duci
742 3008 829 3069 solet.
858 3008 1010 3070 Plurimum
1026 3017 1119 3068 autem
1132 3007 1230 3083 parari

220 3090 366 3152 facultatis
382 3095 514 3153 existimo
527 3113 566 3154 ex
581 3094 794 3173 simplicissima
808 3111 923 3172 quaque
934 3093 1064 3152 materia.
1091 3089 1163 3149 Nam
1179 3089 1230 3149 illa

219 3173 372 3254 multiplici
386 3194 587 3256 personarum,
604 3195 765 3253 causarum,
784 3186 957 3256 temporum,
975 3175 1118 3251 locorum,
1137 3173 1229 3234 dicto·

221 3275 303 3335 rum,
322 3259 464 3322 factorum
479 3261 647 3323 diversitate
663 3262 751 3322 facile
772 3261 928 3322 delitescet
951 3260 1115 3334 infirmitas,
1132 3267 1176 3318 tot
1196 3276 1229 3317 se

221 3341 346 3420 undique
362 3344 465 3422 rebus,
482 3365 519 3406 ex
535 3345 638 3425 quibus
652 3346 778 3424 aliquam
794 3345 1008 3424 apprehendas,
1027 3342 1228 3404 offerentibus.

180 3422 293 3485 lllllud
307 3429 420 3488 virtutis
437 3430 571 3490 indicium
584 3441 639 3507 est,
655 3430 777 3491 fundere
793 3447 868 3509 quae
879 3439 978 3490 natura
992 3436 1140 3489 contracta
1152 3433 1228 3501 sunt,
