2566 4026
526 199 563 245 Μ.
575 197 654 248 FAB.
670 197 888 256 QUINTILIANI

484 420 538 469 ott
572 419 944 471 PERSPIGUITATE.

295 516 331 576 11.
363 517 558 594 Perspicuitas
579 518 608 575 in
622 515 721 576 verbis
736 516 923 594 praecipuam
939 514 1027 574 habet
1049 518 1216 594 proprie·

212 610 340 675 tatem,
358 600 410 660 sed
425 602 589 678 proprietas
605 602 669 678 ipsa
681 616 738 658 non
754 599 924 677 simpliciter
937 599 1087 676 accipitur.
1107 599 1217 661 Primus

214 686 288 745 eninr
310 684 478 743 intellectus
501 693 546 742 est
568 702 620 744 sua
642 685 781 761 cuiusque
807 684 851 742 rei
873 681 1050 761 appellatio,
1080 701 1137 761 qua
1159 702 1218 744 non

184 784 330 846 asemper
341 777 462 827 utemur.
490 766 562 827 Nam
584 777 613 826 et
630 767 759 827 obscena
775 765 925 826 vitabimus
945 775 973 824 et
989 765 1105 827 sordida
1121 776 1151 827 et
1165 768 1217 828 hu·

213 853 301 911 milia.
332 851 403 910 Sunt
419 859 513 910 autem
524 851 638 910 humilia
654 851 727 910 inlra
743 850 908 927 dignitatem
923 868 1019 909 rerum
1030 859 1078 909 eut
1096 851 1215 911 ordinis.

213 935 246 996 In
263 952 320 1015 quo
340 936 416 993 vitio*
428 934 558 993 cavendo
583 952 640 994 non
657 934 844 994 mediocriter
860 950 959 992 errare
975 934 1091 1012 quidam
1108 934 1217 1011 solent,

215 1021 263 1097 qui
278 1019 386 1093 omnia,
404 1026 556 1095 quaesunt
571 1019 678 1095 inusu,
695 1019 805 1078 etiamsi
821 1035 927 1077 causae
941 1019 1102 1077 necessitas
1118 1028 1218 1097 postu·

214 1103 272 1178 let,
301 1101 505 1162 reformident:
530 1111 561 1161 ut
584 1103 653 1177 ille,
678 1103 773 1181 quiin
798 1102 913 1161 actione
931 1099 1073 1163 Ibetu'cos
1095 1103 1220 1178 berbas,

214 1205 247 1246 se
271 1185 336 1244 solo
352 1187 544 1264 nequicquam
559 1185 758 1263 intelligente,
781 1183 915 1260 dicebat,
931 1186 985 1243 nisi
1005 1185 1128 1244 irridens
1146 1186 1222 1246 hanc

213 1272 367 1330 vanitatem
390 1267 507 1329 Cassius
530 1269 657 1330 Severus
679 1276 819 1348 spartum
840 1268 939 1328 dicere
961 1286 1026 1327 eum
1044 1269 1125 1329 velle
1150 1269 1222 1330 indi-

184 1363 321 1418 acasset.
367 1352 430 1413 Nec
457 1353 560 1430 video,
592 1371 681 1431 quare
712 1353 806 1413 clarus
835 1360 934 1411 orator
960 1355 1088 1413 duratos
1119 1355 1223 1415 mutio

211 1440 316 1516 pisces
336 1437 451 1496 nitidius
470 1455 537 1496 esse
555 1437 711 1497 crediderit
727 1454 811 1515 quam
828 1437 921 1513 ipsum
930 1436 980 1510 id,
1002 1435 1078 1514 quod
1099 1438 1220 1498 vitabat.

214 1520 247 1580 In
263 1520 319 1581 bac
330 1529 425 1580 autem
439 1522 626 1599 proprietatis
638 1521 757 1599 specie,
777 1537 851 1598 quae
862 1519 1022 1579 nominibus
1037 1521 1109 1598 ipsis
1126 1523 1221 1581 ouius·

215 1623 272 1682 que
288 1605 331 1663 rei
351 1606 455 1679 utitur,
478 1603 556 1663 nulla
571 1606 660 1664 virtus
679 1613 740 1680 est,
758 1612 802 1679 at,
825 1603 903 1681 quod
923 1605 950 1662 ei
966 1604 1157 1681 contrarium,
1175 1613 1221 1664 est

214 1688 322 1746 vitium.
363 1686 396 1746 Id
417 1688 493 1765 apud
513 1704 567 1746 nos
588 1689 839 1765 improprium,
868 1680 981 1767 ἄκυρον
996 1686 1072 1765 apud
1087 1686 1220 1748 Graecos

187 1779 353 1841 4vocatur:
375 1770 461 1848 quale
484 1780 545 1845 est,
568 1804 612 1818 -
632 1804 674 1820 -η
694 1780 809 1832 tantum
829 1789 960 1848 merore
982 1770 1137 1840 dolorem
1160 1781 1219 1847 aut,

216 1853 294 1934 quod
309 1855 337 1913 in
353 1855 483 1914 oratione
495 1853 669 1914 Dolabellae
686 1854 866 1914 emendatum
882 1872 899 1914 a
915 1853 1058 1914 Cicerone
1074 1857 1220 1930 annotavi,
1280 1880 1281 1884 ¹

215 1946 340 2001 mortem
352 1939 456 2016 ferre;
472 1947 535 2014 aut,
553 1939 647 2015 qualia
664 1956 739 1998 nuno
755 1937 905 1998 laudantur
921 1956 937 1996 a
953 1937 1131 2015 quibusdam,
1149 1956 1220 2016 quo·

216 2039 277 2080 rum
293 2030 353 2096 est,
378 2023 418 2082 de
435 2041 529 2082 cruce
546 2023 643 2084 verbo
666 2023 853 2083 ceciderunt.
886 2020 951 2080 Non
967 2031 1062 2081 tamen
1084 2022 1221 2100 quidquid

216 2122 274 2164 non
289 2105 343 2163 erit
358 2106 522 2183 proprium,
539 2107 668 2183 protinus
684 2115 713 2165 ει
727 2105 876 2183 improprii
889 2106 959 2164 vitio
973 2104 1133 2180 laborabit,
1155 2107 1222 2183 quia

216 2191 338 2267 primum
353 2191 476 2248 omnium
496 2189 585 2250 multa
599 2198 664 2248 sunt
685 2199 714 2249 et
729 2188 841 2250 Graece
857 2197 886 2247 ει
900 2187 1000 2248 Latine
1016 2207 1073 2249 non
1094 2189 1221 2249 denomi-

188 2282 292 2343 nnata.
329 2272 402 2332 Nam
429 2282 474 2348 et,
501 2274 549 2351 qui
575 2273 699 2333 iaculum
726 2274 843 2347 emittit,
868 2273 1006 2333 ioculari
1026 2274 1145 2341 dicitur;
1173 2274 1222 2350 qui

216 2356 306 2436 pilum
321 2365 369 2416 aut
381 2356 499 2433 sudem,
521 2357 718 2436 appellatione
733 2357 865 2434 privatim
885 2355 940 2415 sibi
963 2358 1108 2433 assignata
1125 2364 1220 2424 caret;

218 2451 247 2500 et
263 2449 308 2516 ut,
325 2442 470 2519 lapidare
486 2441 554 2519 quid
569 2443 620 2516 sit,
638 2440 819 2500 manifestum
835 2448 894 2498 est:
911 2441 950 2499 ita
965 2440 1117 2516 glebarum
1132 2447 1221 2499 testa·

218 2541 338 2601 rumque
354 2526 445 2584 iactus
461 2541 519 2583 non
539 2524 627 2584 habet
642 2541 755 2584 nomen.
793 2522 875 2583 Unde
901 2522 1018 2599 abusio,
1040 2542 1115 2600 quae
1131 2516 1221 2583 κατά-

189 2623 318 2685 θχρησις
335 2608 454 2682 dicitur,
480 2609 658 2667 necessaria.
704 2608 866 2667 Translatio
889 2624 1024 2686 quoque,
1045 2609 1074 2666 in
1095 2625 1150 2685 qua
1172 2606 1221 2665 vel

217 2692 356 2750 maximus
375 2699 419 2750 est
435 2693 574 2750 orationis
594 2700 731 2766 ornatus,
749 2690 839 2750 verba
853 2707 910 2749 non
926 2691 985 2749 suis
1002 2690 1089 2749 rebus
1106 2707 1221 2749 accom-

217 2773 325 2833 modat.
371 2774 468 2848 Quare
490 2776 655 2853 proprietas
670 2791 728 2833 non
745 2774 899 2834 adnomen
918 2774 972 2833 sed
990 2774 1025 2834 ad
1040 2776 1097 2833 vim
1113 2774 1220 2850 signifi-

219 2857 302 2917 candi
323 2857 465 2933 refertur,
487 2877 543 2920 nec
568 2858 664 2918 auditu
691 2859 743 2918 sed
763 2858 914 2917 intellectu
938 2858 1144 2936 perpendenda
1166 2865 1220 2917 εει.

190 2942 354 3012 {Secundo
369 2941 455 3000 modo
472 2941 576 3002 dicitur
590 2944 738 3020 proprium
758 2944 833 3001 inter
846 2941 946 3020 plura,
970 2959 1043 3018 quae
1065 2949 1130 3000 sunt
1146 2943 1221 2999 eius·

219 3025 283 3084 dem
298 3026 435 3102 nominis,
452 3025 497 3101 id,
516 3025 591 3085 unde
608 3035 707 3085 cetera
725 3026 810 3086 ducta
823 3034 901 3093 sunt;
923 3034 954 3084 ut
967 3035 1075 3086 vertex
1092 3033 1136 3084 est
1152 3042 1222 3084 con·

219 3117 295 3169 torta
320 3111 349 3167 in
374 3126 407 3168 se
429 3127 503 3188 aqua
524 3109 574 3168 vel
595 3110 732 3188 quidquid
754 3109 830 3169 aliud
853 3109 985 3169 similiter
999 3111 1136 3183 vertitur,
1155 3107 1222 3167 inde

159 3226 162 3232 ·
218 3202 340 3270 propter
361 3192 467 3252 llexum
489 3193 660 3271 capillorum
684 3211 751 3272 pars
772 3211 880 3252 summa
904 3194 1025 3270 capitis,
1052 3211 1089 3252 ex
1114 3192 1171 3252 boc
1194 3190 1223 3251 id

220 3275 296 3352 quod
311 3278 339 3335 in
354 3275 496 3335 montibus
514 3277 775 3336 eminentissimum.
804 3276 897 3335 Recte
915 3275 1022 3336 dixeris
1038 3276 1112 3336 haec
1128 3276 1222 3335 omnia

190 3359 361 3428 8vertices;
390 3362 509 3439 proprie
534 3369 644 3437 tamen,
673 3361 748 3421 unde
774 3362 881 3420 initium
906 3369 960 3420 est.
1003 3361 1052 3420 Sic
1070 3361 1173 3421 soleae
1192 3367 1222 3418 et

219 3442 304 3502 turdi
325 3444 433 3520 pisces.
472 3442 510 3504 Et
528 3446 630 3504 tertius
653 3454 698 3506 εει
717 3445 784 3505 huic
806 3443 936 3506 diversus
952 3444 1071 3522 modus,
1094 3460 1157 3506 cum
1171 3458 1221 3503 res
