2566 4026
214 137 272 196 104
533 147 896 207 rr.rnn.quruu1n1nu1

213 299 341 364 sabituri
358 303 485 363 dicamus
500 302 552 362 has
564 303 744 379 geometriae
757 320 824 363 esse
838 311 947 381 partes.
969 301 1109 380 Equidem
1123 308 1216 367 omnia

213 388 277 447 fere
300 387 389 446 credo
414 404 504 465 posse
531 403 600 446 casu
626 386 723 464 aliquo
744 389 845 446 venire
871 389 900 444 in
923 386 1049 446 officium
1075 391 1213 456 cratoris:

215 471 292 550 quod
308 471 333 529 si
349 488 406 530 non
422 470 551 545 accidet,
572 487 630 529 non
646 478 729 530 erunt
744 473 771 530 ei
788 470 928 530 subiecta.

170 562 206 615 20
298 553 340 613 lta
356 556 399 613 sic
415 569 532 632 qnoque
548 562 629 613 recte
646 554 784 629 diximus,
799 555 984 614 materiam
1001 554 1216 615 rhetorices

216 656 300 697 esse
327 654 446 697 omnes
474 654 534 696 res
559 637 599 697 ad
624 638 814 698 dicendum
841 640 874 698 ei
901 638 1109 706 subiectas;
1140 641 1217 717 quod

215 720 330 800 quidem
352 722 457 798 probat
479 723 564 780 etiam
588 738 683 781 sermo
707 724 874 781 communis.
913 721 984 780 Nam
1010 740 1073 781 curn
1098 723 1216 800 aliquid,

215 806 251 865 de
276 820 334 883 quo
358 805 501 880 dicamus,
524 808 703 884 accepimns,
729 807 853 884 positam
874 805 958 865 nobis
981 824 1048 865 esse
1070 809 1217 867 materiam

173 898 206 950 21
214 890 385 966 frequenter
400 891 484 950 etiam
499 891 680 968 praefatione
695 898 842 950 testamur.
871 889 993 966 Gorgias
1010 889 1125 966 quidem
1143 891 1217 951 adeo

215 972 326 1032 rhetori
347 972 383 1032 de
405 973 535 1033 omnihus
557 973 645 1034 rebus
665 975 776 1051 putavit
797 991 864 1033 esse
886 973 1057 1048 dicendum,
1079 983 1109 1033 ut
1134 993 1166 1032 se
1189 976 1217 1032 in

216 1056 365 1116 auditoriis
387 1058 561 1136 interrogari
581 1066 749 1138 pateretur,
777 1075 832 1136 qua
855 1059 978 1135 quisque
1002 1055 1091 1116 dere
1114 1057 1215 1116 vellet.

215 1139 411 1217 Hermagoras
433 1159 565 1220 quoque,
589 1141 712 1203 dicendo
735 1143 882 1201 materiam
900 1158 967 1200 esse
983 1141 1011 1199 in
1033 1157 1121 1200 causa
1139 1149 1168 1199 et
1189 1142 1216 1198 in

174 1224 450 1303 hiquaestionibus‚
480 1243 580 1285 omnes
603 1245 652 1287 res
679 1226 825 1286 subiectas
848 1234 909 1285 erat
931 1223 1111 1302 complexus.
1158 1224 1217 1283 Sed

218 1311 405 1387 quaestiones
427 1312 451 1369 si
469 1319 556 1388 negat
572 1310 607 1370 ad
622 1311 788 1370 rhetoricen
803 1311 967 1388 pertinere,
987 1307 1119 1367 dissentit
1135 1326 1150 1367 a
1166 1325 1217 1367 no·

216 1392 276 1459 bis;
297 1394 321 1453 si
338 1401 432 1452 antem
454 1394 489 1453 ad
506 1394 673 1454 rhetoricen
690 1396 849 1472 pertinent,
871 1393 906 1453 ab
928 1393 985 1452 hoc
1007 1407 1124 1470 qnoque
1140 1391 1217 1450 adiu·

216 1492 324 1534 vamur.
356 1474 434 1535 Nihil
451 1485 496 1535 est
510 1480 599 1552 enirn,
619 1479 697 1557 quod
710 1495 768 1537 non
783 1479 811 1536 in
828 1494 944 1537 causam
956 1484 1004 1536 ant
1019 1478 1218 1553 quaestionem

173 1558 309 1620 saeuum.
340 1557 516 1619 Aristoteles
534 1569 594 1619 tres
611 1561 744 1620 iaciendo
762 1570 861 1639 partes
877 1561 1026 1634 orationis,
1044 1560 1217 1634 iudicialem,

217 1640 450 1717 deliberativam,
475 1643 745 1720 demonstrativam,
765 1663 860 1723 paene
882 1653 912 1704 et
935 1646 999 1722 ipse
1022 1645 1131 1702 oratori
1153 1642 1217 1702 sub-

217 1725 286 1784 iecit
303 1727 410 1792 omnia:
432 1727 501 1787 nihil
519 1730 594 1787 enim
611 1730 711 1787 nonin
727 1728 801 1789 haec
819 1728 905 1788 cadit.

174 1814 209 1869 Ἃ
300 1808 468 1882 Quaesitum
485 1829 500 1870 a
516 1813 697 1890 paucissimis
709 1821 743 1871 et
758 1813 794 1872 de
811 1814 999 1871 instrumento
1018 1819 1072 1869 est.
1111 1809 1217 1868 instru-

217 1900 341 1952 mentum
355 1909 449 1969 voco,
473 1897 534 1956 sine
551 1912 608 1973 qno
627 1896 744 1956 formari
760 1896 879 1956 materia
897 1897 925 1954 in
940 1895 984 1969 id,
1006 1893 1083 1972 qnod
1096 1893 1218 1953 velimus

218 1974 313 2051 effici,
339 1993 413 2054 opns
434 1995 493 2037 non
513 1981 616 2058 possit.
649 1979 758 2038 Verum
782 1980 839 2040 hoc
861 1995 918 2057 ego
940 1995 997 2039 non
1020 1986 1112 2037 artem
1130 1976 1219 2036 credo

218 2076 309 2134 egere
324 2061 376 2120 sed
397 2061 544 2122 artificem.
581 2061 685 2141 Neque
709 2065 783 2121 enim
805 2065 926 2123 scientia
948 2063 1095 2122 desiderat
1116 2063 1219 2120 instru-

216 2151 356 2218 mentum,
378 2163 452 2222 qnae
468 2155 567 2224 potest
585 2164 651 2206 esse
671 2156 882 2222 consummata,
904 2146 1016 2206 etiamsi
1033 2143 1102 2203 nihii
1120 2144 1218 2218 iaciat,

217 2224 270 2284 sed
297 2226 347 2285 iile
375 2229 494 2305 artifex,
528 2239 559 2289 nt
587 2230 719 2291 caelator
747 2231 858 2290 caelum
885 2240 915 2290 et
946 2231 1042 2308 pictor
1070 2226 1217 2305 penicilla.

216 2306 317 2451 qtaffque
339 2309 413 2370 haec
435 2314 462 2373 in
484 2331 549 2374 eum
570 2313 682 2390 locum,
707 2330 764 2393 quo
788 2314 824 2375 de
846 2324 963 2375 oratore
983 2312 1085 2373 dicturi
1110 2329 1217 2385 sumus,

236 2411 243 2450 r
268 2410 390 2453 eramus.

127 2560 309 2745 qam.

158 2814 164 2842 .¹
