2566 4026
343 186 432 235 ruso.
454 187 604 236 onssoa.
627 188 696 235 usn.
712 189 764 255 111,
775 184 802 240 a.
1017 179 1074 240 143

69 349 137 424 lilii,
154 354 313 426 parentes,
330 343 451 419 divites,
470 360 574 418 senes,
591 344 703 420 asperi,
722 342 820 420 lenes,
841 348 932 423 avari,
948 348 1073 427 denique

68 430 284 511 superstitiosi,
307 426 412 501 timidi,
441 427 588 487 derisores
615 426 700 495 liunt;
728 436 758 486 ut
783 429 832 486 vix
859 432 1074 492 comoediarum

68 513 219 577 actoribus
246 511 347 591 plures
375 510 488 571 babitus
515 513 542 569 in
570 511 781 589 pronuntiando
809 515 992 592 concipiendi
1018 517 1073 575 sint

69 617 156 679 quam
175 597 265 659 bisin
281 595 415 655 dicendo.
456 594 538 668 Quae
554 596 649 654 omnia
670 604 793 674 possunt
813 597 906 657 rideri
929 615 1118 677 prosopo·52

70 685 195 762 pociae,
215 698 299 759 quam
316 697 373 756 ego
389 681 528 739 suasoriis
545 677 672 754 subieci,
694 681 761 758 quia
776 679 856 739 nullo
871 681 957 741 modo
974 681 1010 742 ab
1030 683 1075 743 bis

69 785 157 848 quam
179 769 308 845 persona
331 764 426 824 distat.
474 762 644 842 Quanquam
666 763 740 823 baec
760 764 915 842 aliquando
938 767 1023 825 etiam
1046 768 1076 825 in

71 849 293 912 controversias
314 847 443 922 ducitur,
467 863 542 924 quae
566 865 604 905 ex
628 847 757 907 historiis
783 852 963 927 compositae
986 852 1075 909 certis

70 935 219 1014 agentium
236 930 398 991 nominibus
416 933 606 991 continentur.
641 929 744 1009 Neque
760 933 880 1009 ignoro,
904 933 1119 1013 plerumque53

70 1017 293 1079 exercitationis
307 1016 402 1093 gratia
417 1016 486 1093 poni
499 1024 528 1075 et
543 1016 676 1093 poeticas
689 1023 718 1074 et
733 1015 900 1093 historicas,
917 1026 947 1077 nt
959 1015 1079 1079 Priami

70 1103 168 1166 cerba
185 1101 273 1181 apud
287 1097 435 1161 Achillem
453 1108 502 1158 aut
516 1098 626 1162 Sullae
642 1100 830 1161 dictaturam
848 1102 1077 1180 deponentium

71 1188 220 1249 contione.
262 1182 321 1244 Sed
341 1183 415 1243 baec
440 1184 469 1241 in
494 1192 605 1261 partem
631 1182 736 1243 cedent
757 1185 839 1243 trium
862 1202 1019 1262 generum,
1048 1187 1076 1245 in

71 1289 148 1350 quae
165 1287 269 1330 causas
285 1269 442 1328 divisimus.
479 1266 552 1327 Nam
573 1275 602 1327 et
617 1283 741 1344 rogare,
763 1268 909 1343 indicare,
933 1271 1076 1330 rationem

70 1354 198 1416 reddere
212 1362 241 1413 et
256 1352 329 1427 alia,
352 1351 389 1411 de
412 1351 514 1429 quibus
531 1350 739 1429 supradictum
761 1361 822 1428 est,
845 1354 926 1412 varie
942 1361 1029 1431 atque
1045 1361 1075 1412 ut

70 1456 120 1499 res
148 1437 262 1498 tulitin
290 1437 410 1496 materia
431 1435 576 1510 iudiciali,
607 1433 812 1512 deliberativa,
837 1435 1073 1513 demonstrativa,

71 1522 211 1583 solemus.
249 1519 496 1598 Frequentissime
517 1537 589 1579 vero
611 1519 639 1577 in
660 1518 704 1578 bis
724 1521 829 1579 utimur
849 1520 917 1588 licta
935 1530 1119 1599 persona-54

71 1625 151 1681 rum,
176 1623 247 1684 quas
270 1606 326 1683 ipsi
348 1603 562 1679 substituimus,
586 1604 734 1678 oratione,
757 1613 788 1663 ut
809 1605 884 1681 apud
903 1603 1076 1665 Ciceronem

72 1708 127 1769 pro
145 1688 246 1750 Caelio
264 1686 394 1748 Clodiam
410 1696 440 1746 et
456 1705 562 1746 caecus
580 1687 692 1765 Appius
711 1696 741 1746 et
757 1685 876 1748 Clodius
894 1688 1001 1766 irater,
1024 1689 1076 1749 ille

72 1776 100 1833 in
118 1775 339 1851 castigationem
360 1772 408 1831 bic
429 1772 457 1829 in
480 1771 709 1831 exhortationem
726 1773 860 1832 vitiorum
884 1775 1074 1851 compositus,

71 1858 131 1918 allo
155 1860 238 1917 uitur.

134 1876 260 2001 qSolent
283 1940 311 1997 in
332 1938 442 1999 scholis
464 1939 532 2016 fingi
555 1941 693 1998 materiae
710 1940 745 1999 ad
762 1939 980 2001 deliberandum
998 1941 1074 1999 simi·
1084 1954 1119 2007 55

72 2027 163 2086 liores
184 2024 393 2085 controversiis
414 2040 451 2082 ex
472 2032 596 2101 utroque
612 2041 723 2100 genere
746 2025 935 2100 commixtae,
958 2033 989 2083 ut
1011 2042 1076 2085 curn

72 2109 148 2187 apud
170 2106 203 2168 C.
227 2105 384 2167 Caesarem
407 2106 581 2166 consultatio
603 2108 638 2167 de
662 2125 757 2185 poena
781 2108 925 2169 Theodoti
948 2111 1073 2187 ponitur.

74 2191 195 2252 Constat
211 2193 286 2250 enim
301 2192 488 2250 accusatione
505 2199 534 2249 et
549 2191 720 2251 defensione
737 2210 824 2252 causa
840 2195 919 2269 eius,
937 2192 1014 2271 quod
1030 2202 1076 2253 est

73 2276 249 2348 iudicialium
264 2276 422 2354 proprium.
455 2274 600 2333 Permixta
615 2284 711 2335 tamen
729 2286 773 2335 est
793 2286 821 2336 et
835 2277 967 2337 utilitatis
985 2279 1119 2345 ratiozso

71 2357 119 2420 An
138 2378 199 2440 pro
221 2358 360 2420 Caesare
380 2359 475 2438 suerit
488 2360 591 2420 occidi
612 2357 809 2437 Pompeiam?
844 2359 892 2421 An
911 2363 1076 2422 timendam

73 2464 95 2506 a
115 2464 190 2523 repe
211 2445 336 2520 bellam,
358 2445 387 2503 si
407 2441 575 2504 Theodotus
598 2444 636 2501 sit
654 2444 797 2504 occisas?
830 2441 879 2503 An
900 2446 935 2505 id
955 2445 1076 2504 minime

72 2537 276 2607 opportunam
298 2527 354 2588 boc
376 2534 509 2605 tempore
530 2533 559 2586 et
577 2527 784 2604 periculosam
806 2535 834 2587 et
855 2537 939 2590 certe
956 2528 1077 2606 tanqam

72 2614 112 2673 sit
125 2613 286 2691 fatorum?
311 2610 465 2685 Quaeritur
481 2619 510 2669 et
526 2609 561 2669 de
578 2610 719 2670 honesto:
740 2608 897 2673 Deceatne
910 2608 1118 2678 Caesaremt'l

73 2697 148 2758 altio
163 2694 321 2774 Pompeii?
350 2692 399 2756 Aa
416 2698 456 2755 sit
471 2697 654 2769 verendam,
676 2715 715 2756 ne
724 2695 863 2774 peiorem
881 2696 983 2774 factat
1002 2712 1076 2755 sua-

73 2800 144 2841 ram
161 2781 301 2859 partiam
324 2796 469 2854 causam,
489 2781 517 2839 si
538 2777 711 2857 Pompeiam
734 2781 892 2858 indiacum
910 2787 1005 2840 morte
1025 2778 1076 2857 sa-

75 2865 200 2925 teator?
237 2862 323 2937 Quod
337 2881 430 2940 genus
446 2862 581 2923 accidere
598 2865 683 2923 etiam
698 2864 812 2924 veritati
827 2872 934 2941 potest.
1085 2874 1120 2929 58

158 2946 224 3008 Non
244 2946 369 3026 simplex
389 2954 484 3007 autem
507 2950 584 3006 eirca
609 2948 756 3006 suasorias
780 2964 863 3008 error
883 2950 911 3007 in
927 2947 1077 3025 plerisque

74 3030 321 3092 declamatoribus
344 3030 412 3106 luit,
443 3031 490 3109 qui
512 3030 657 3091 dicendi
679 3049 796 3108 genus
819 3033 846 3091 in
864 3032 907 3091 bis
932 3031 1078 3090 diversum

75 3126 164 3195 atque
180 3117 208 3174 in
230 3124 321 3176 totum
341 3115 383 3173 illi
404 3114 531 3174 iudiciali
547 3117 720 3174 contrarium
742 3134 809 3175 esse
830 3117 1076 3175 existimaverunt.

74 3198 148 3259 Nam
164 3209 193 3259 et
209 3200 351 3278 principia
367 3197 489 3276 abrupta
505 3208 534 3258 et
550 3201 723 3259 concitatam
739 3218 856 3278 semper
872 3201 1032 3260 orationem
1048 3208 1078 3260 et

74 3285 103 3343 in
122 3284 220 3344 verbis
243 3283 434 3366 effusiorem,
455 3291 486 3341 ut
502 3284 559 3362 ipsi
578 3292 700 3359 vocant,
725 3286 837 3345 cultrum
857 3284 1076 3358 allectaverunt,

75 3377 105 3427 et
121 3385 220 3428 earum
235 3366 388 3427 breviores
410 3367 509 3444 utique
526 3368 748 3428 commentarios
765 3385 850 3446 quam
865 3369 972 3446 legalis
987 3376 1076 3430 mate-

74 3453 137 3512 riae
155 3453 256 3513 laoere
278 3450 472 3510 elaborarunt.
508 3451 572 3529 Ego
589 3468 678 3530 porro
699 3460 730 3510 nt
746 3455 898 3530 prooemio
915 3453 1001 3513 video
1019 3459 1121 3512 nonttt
