2566 4026
208 145 268 207 136
522 158 559 204 nr.
575 157 654 204 sun.
673 156 894 216 ouiummnm

206 314 305 392 potior
326 313 431 374 fuisset
452 311 528 390 apud
549 329 596 370 me
620 309 771 371 Ciceronis
792 312 951 386 sententia,
977 313 1026 390 qui
1042 312 1100 372 hoc
1121 323 1207 373 mete·

206 400 268 458 riae
289 415 383 475 genus
407 396 546 473 dignitate
569 397 692 455 maxime
714 395 855 456 contineri
871 403 961 474 putat.
1006 394 1070 456 Nec
1098 396 1209 474 dubito,

207 484 275 561 quin
299 481 344 556 hi,
368 481 415 559 qui
438 488 503 538 sunt
526 481 553 538 in
575 479 625 539 illa
649 481 748 557 priore
772 481 932 554 sententia,
967 480 1124 541 secundum
1147 485 1209 560 opi-

206 567 322 625 nionem
345 563 567 642 pulcherrimam
585 581 621 622 ne
643 563 713 623 utile
733 562 862 642 quidem,
879 564 933 623 nisi
956 564 1034 642 quod
1057 564 1211 626 honestum

176 658 302 726 flesset,
327 648 525 708 existimarint.
558 647 595 707 Et
617 657 662 707 est
683 647 757 708 haec
779 648 852 707 ratio
875 649 1043 722 verissima,
1067 650 1091 707 si
1114 652 1210 709 consi-

206 733 274 794 lium
300 733 449 809 oontingat
470 749 587 810 semper
610 731 752 791 bonorum
776 741 863 808 atque
885 732 1066 810 sapientium.
1102 733 1211 793 Verum

206 817 282 896 apud
299 817 467 895 imperitos,
486 816 562 893 apud
580 833 653 893 quos
670 815 840 893 frequenter
855 815 977 877 dicenda
996 817 1138 877 sententia
1154 827 1209 893 est,

205 901 403 981 populumque
431 902 608 979 praecipue,
634 901 682 979 qui
709 918 747 960 ex
773 899 904 978 pluribus
933 909 1047 960 constat
1074 900 1209 976 indoctis,

206 984 398 1046 discernenda
417 992 482 1043 sunt
504 983 578 1043 haec
601 993 629 1042 et
651 983 809 1043 secundum
832 1001 999 1044 communes
1016 986 1109 1061 magis
1127 985 1210 1044 intel·

176 1069 300 1133 tlectus
323 1068 507 1147 loquendum.
551 1069 622 1128 Sunt
644 1070 718 1127 enim
740 1068 835 1143 multi,
860 1070 908 1147 qui
930 1070 1031 1143 etiam,
1056 1087 1130 1146 quae
1147 1087 1210 1128 cre·

205 1154 274 1214 dunt
295 1153 436 1228 honesta,
460 1169 518 1211 non
538 1160 634 1211 tamen
651 1153 722 1212 satis
741 1152 843 1212 eadem
867 1152 947 1213 utilia
970 1170 1087 1231 quoque
1111 1154 1209 1212 existi-

205 1247 300 1313 ment,
325 1247 354 1298 et
376 1254 450 1315 quae
474 1237 568 1314 turpia
590 1254 656 1296 esse
680 1235 811 1297 dubitare
835 1253 892 1295 non
913 1246 1051 1314 possunt,
1080 1237 1210 1296 utilitatis

205 1323 307 1400 specie
326 1322 405 1383 ducti
422 1319 564 1400 probent,
582 1330 613 1380 ut
631 1319 735 1380 foedus
752 1319 952 1381 Numantinum
966 1322 1122 1399 iugumque
1136 1319 1208 1379 Ceu-

176 1407 309 1467 4dinum.
346 1404 391 1464 Ne
414 1405 558 1483 qualitatis
583 1402 698 1482 quidem
721 1413 814 1480 statu,
838 1407 947 1484 inquo
974 1414 1003 1465 et
1022 1405 1211 1465 honestorum

207 1498 236 1550 et
261 1488 372 1549 utilium
390 1489 522 1566 quaestio
541 1497 601 1563 est,
626 1487 782 1566 complecti
802 1507 853 1548 eas
876 1492 946 1549 satis
970 1499 1024 1549 est.
1058 1488 1131 1549 Nam
1151 1489 1208 1548 lre-

207 1581 330 1651 quenter
352 1573 381 1631 in
408 1571 452 1631 lris
483 1573 568 1631 etiam
592 1574 778 1633 coniecturae
806 1573 890 1632 locus
916 1583 979 1650 est,
1010 1590 1210 1651 nonnunquam

205 1664 347 1715 tractatur
364 1655 461 1733 aliqua
483 1656 588 1732 linitio,
612 1656 766 1734 aliquando
785 1659 871 1717 etiam
888 1657 1002 1735 legales
1025 1667 1147 1735 possunt
1169 1658 1209 1715 in·

207 1740 306 1799 cidere
324 1748 479 1815 tractatus,
503 1740 531 1798 in
549 1741 662 1817 privata
680 1742 802 1801 maxime
823 1742 960 1817 consilia,
980 1742 1004 1800 si
1022 1743 1136 1819 quando
1152 1759 1209 1799 em·

178 1823 316 1901 abigitur
339 1840 374 1883 an
395 1823 494 1883 liceat.
531 1823 577 1883 De
593 1826 760 1885 coniectura
788 1824 876 1902 paulo
897 1834 964 1904 post
984 1824 1124 1903 pluribus.
1165 1824 1208 1882 In·

206 1907 290 1967 terim
321 1915 366 1967 est
394 1908 522 1968 delinitio
552 1909 629 1986 opud
653 1909 888 1983 Demosthenen,
917 1908 977 1970 Det
1002 1906 1209 1969 Halonnesum

205 1989 376 2070 Philippus,
392 2011 433 2053 ou
449 1991 585 2055 reddat?
601 1993 676 2071 apud
695 1990 868 2052 Ciceronem
884 1994 912 2051 in
928 1991 1108 2070 Philippicis,
1128 1990 1210 2064 Quid

205 2076 245 2136 sit
258 2076 425 2137 tumultus?
459 2073 555 2150 Quid?
573 2094 630 2136 non
645 2077 695 2137 illa
713 2077 813 2136 similis
829 2076 1002 2137 iudicialium
1024 2078 1156 2153 quaestio
1173 2076 1209 2134 de

206 2168 300 2218 statua
319 2159 414 2220 Servii
437 2160 576 2239 Sulpicii,
599 2180 642 2223 aa
656 2162 843 2223 diedemate
863 2162 1008 2239 ponenda
1029 2162 1086 2237 ae't,
1104 2162 1157 2239 qui
1177 2163 1209 2219 in

176 2244 355 2322 otepartone
377 2245 463 2322 ferro
484 2253 555 2306 sunt
574 2247 765 2325 interempti?
803 2243 884 2323 Ergo
913 2262 981 2323 pars
1008 2244 1207 2317 deliberativa,

207 2344 282 2406 quae
299 2326 400 2387 eedem
418 2330 589 2390 suasoria
607 2329 720 2407 dicitur,
739 2330 775 2391 de
789 2339 922 2409 ternpore
940 2330 1035 2390 tuturo
1054 2329 1208 2403 consultat,

206 2413 319 2491 quaerit
342 2413 428 2472 etiam
450 2412 486 2473 de
507 2416 678 2491 praeterito.
726 2413 837 2475 Olliciis
867 2423 981 2474 constat
1008 2413 1121 2473 duobus
1144 2430 1209 2471 sua-

205 2495 291 2557 dendi
314 2513 349 2556 ac
371 2495 565 2557 dissuadendi.

289 2579 461 2656 Prooemio,
485 2581 572 2658 quale
589 2583 677 2641 estin
699 2580 897 2655 iudicialibus,
921 2598 978 2639 non
995 2579 1102 2657 ubique
1128 2588 1207 2654 eget,

205 2665 272 2742 quio
298 2665 469 2724 conciliatus
488 2674 533 2724 est
550 2666 577 2724 ei
599 2666 738 2744 quisque,
759 2680 844 2740 quem
864 2662 998 2722 consulit.
1035 2662 1148 2722 Initium
1166 2669 1205 2717 ta-

204 2765 271 2807 men
294 2747 488 2826 quodcunque
509 2747 597 2808 debet
617 2747 725 2808 hebere
748 2746 872 2824 aliquam
894 2746 1038 2825 prooemii
1063 2745 1205 2822 speciem;

204 2832 393 2911 nequeenim
416 2831 539 2910 abrupte
560 2851 615 2892 nec
637 2831 713 2891 unde
736 2830 818 2889 libuit
842 2828 1050 2908 incipiendum,
1074 2829 1140 2906 quia
1163 2836 1207 2887 est

176 2920 192 2976 'l
205 2915 312 2995 aliquid
341 2916 369 2975 iu
397 2916 473 2975 omui
495 2917 614 2976 materie
636 2914 805 2974 naturaliter
825 2915 955 2992 primum.
994 2911 1026 2971 ln
1050 2922 1151 2972 senatu
1179 2921 1208 2971 et

205 3000 304 3078 utique
322 3000 351 3058 in
371 2999 553 3059 contionibus
570 2999 672 3060 eedem
691 2999 765 3058 ratio
784 3014 858 3075 quae
874 2997 949 3076 apud
963 2995 1085 3070 iudices,
1109 2996 1207 3073 acqui·

205 3083 313 3143 rendae
331 3083 386 3143 sibi
400 3083 572 3162 plerumque
585 3100 696 3158 eorum,
715 3081 790 3160 apud
809 3097 882 3158 quos
898 3079 1049 3140 dicendum
1061 3081 1108 3155 sit,
1128 3079 1207 3139 beni·

205 3166 362 3227 volentiae.
409 3167 472 3227 Nec
495 3169 612 3242 mirum,
636 3185 699 3225 cum
721 3166 806 3224 etiam
827 3166 855 3223 in
876 3164 1064 3241 Panegyricis
1092 3172 1208 3242 petatur

206 3249 379 3309 audientium
400 3251 501 3327 lavor,
524 3249 573 3309 ubi
596 3250 818 3311 emolumentum
839 3264 896 3307 non
918 3249 947 3307 in
967 3248 1090 3308 utilitate
1112 3247 1208 3325 aliqua

149 3326 258 3395 'used
280 3335 308 3392 in
332 3333 396 3393 sola
419 3333 505 3394 laude
528 3334 670 3394 consistit.
717 3332 894 3393 Aristoteles
921 3332 1036 3411 quidem
1063 3350 1119 3391 nec
1145 3332 1208 3390 sine

205 3433 294 3477 causa
318 3425 398 3497 putat
418 3427 446 3477 et
464 3435 480 3477 e
497 3426 597 3477 nostra
613 3426 642 3476 et
664 3417 699 3478 ab
719 3419 797 3489 eius,
817 3417 865 3494 qui
884 3415 1052 3491 dissentiet,
1069 3431 1207 3494 persona,
