2566 4026
200 177 262 239 270
518 188 554 234 u.
570 187 648 234 aaa.
666 187 886 244 qunamcmrn

199 362 278 420 mus,
302 342 380 422 quod
400 340 550 401 veteribus
565 342 784 421 praecipueque
801 342 920 403 Graecis
942 344 970 402 in
991 361 1047 403 usu
1070 344 1215 416 nonfuit,

201 427 294 508 (apud
314 424 488 487 Ciceronem
510 427 584 485 enim
606 427 738 506 invenio)
765 427 831 487 dum
851 445 913 486 rena
929 429 1100 489 contineant
1117 436 1148 488 et
1166 445 1214 488 co·

200 512 248 591 pia
264 529 322 571 non
336 509 498 570 redundent
513 517 543 568 et
553 509 588 569 ad
603 511 754 570 victoriam
770 519 916 589 spectent,
934 512 998 590 quis
1012 513 1087 572 utile
1101 508 1215 589 neget?

198 595 317 656 Feriunt
345 595 466 655 animum
496 601 526 652 et
554 610 610 652 uno
638 595 695 653 ictu
722 594 893 674 frequenter
914 594 1067 673 impellunt
1094 598 1214 675 etipsa

198 679 342 740 brevitate
358 679 449 756 magis
465 676 588 737 haerent
605 685 636 736 et
652 677 848 738 delectatione
865 678 1053 756 persuadent.

157 775 193 831 49
283 762 323 822 At
349 770 413 822 sunt
439 763 487 841 qui
515 761 590 820 baec
618 763 789 822 excitatiora
817 763 937 837 lumina,
967 763 1082 823 etiamsi
1112 763 1214 823 dicere

201 848 383 927 permittant,
413 864 430 906 a
459 844 667 923 componendis
694 855 790 907 tamen
818 844 997 907 orationibus
1024 846 1213 908 excludenda

200 931 384 993 arbitrentur.
427 927 573 1002 Quocirca
599 929 667 989 mibi
692 949 729 990 ne
758 931 806 990 hic
831 931 947 1010 quidem
972 930 1057 991 locus
1085 932 1213 992 intactus

201 1024 247 1075 est
264 1014 454 1090 omittendus,
477 1013 554 1093 quod
577 1013 676 1092 plures
697 1013 874 1075 eruditorum
892 1014 975 1076 aliam
1000 1032 1070 1074 esse
1096 1014 1214 1076 dicendi

199 1100 340 1160 rationem
357 1097 441 1158 aliam
457 1097 605 1158 scribendi
620 1107 805 1176 putaverunt;
828 1099 955 1177 ideoque
969 1101 998 1158 in
1016 1099 1137 1176 agendo
1154 1098 1212 1159 cla·

199 1184 331 1243 rissimos
356 1180 495 1260 quosdam
519 1180 588 1241 nihil
611 1183 775 1260 posteritati
797 1185 997 1262 mansurisque
1016 1200 1088 1243 mox
1105 1183 1213 1243 litteris

135 1343 137 1346 y
200 1267 368 1346 reliquisse,
387 1273 417 1324 ut
432 1264 587 1341 Periclem,
605 1275 635 1325 ut
652 1264 812 1342 Demaden,
829 1284 929 1326 rursus
946 1266 1020 1327 alios
1036 1267 1073 1328 ad
1090 1283 1212 1345 compo·

201 1350 324 1411 nendum
340 1351 466 1428 optimos
482 1350 644 1410 actionibus
660 1350 782 1410 idoneos
799 1368 857 1410 non
873 1351 980 1427 luisse,
997 1360 1028 1410 ut
1040 1350 1212 1419 Isocratem

158 1444 358 1515 topraeterea
381 1434 409 1492 in
425 1433 540 1510 agendo
562 1434 627 1512 plus
649 1436 772 1513 impetus
795 1435 967 1515 plerumque
984 1443 1013 1494 et
1029 1437 1138 1514 petitas
1162 1433 1213 1494 vel

202 1519 287 1601 paulo
311 1519 445 1580 licentius
466 1517 651 1596 voluptates,
672 1520 898 1580 commovendos
922 1520 997 1579 enirn
1014 1536 1083 1578 esse
1101 1519 1210 1578 ducen-

202 1606 315 1684 dosque
339 1604 448 1664 animos
469 1603 680 1680 imperitorum
704 1611 732 1662 at
754 1603 832 1682 quod
853 1603 935 1663 libris
958 1602 1111 1664 dedicatur
1133 1611 1163 1662 et
1184 1602 1212 1660 in

202 1688 367 1767 exemplum
383 1686 486 1762 editur,
502 1695 611 1745 tersum
627 1705 662 1746 ac
677 1687 803 1748 limatum
819 1696 850 1748 et
864 1688 900 1748 ad
915 1687 1012 1765 legem
1027 1704 1062 1747 ao
1075 1685 1212 1763 regulam

203 1772 393 1849 compositum
417 1786 485 1828 esse
509 1779 665 1848 oportere,
688 1772 753 1848 quia
771 1773 869 1832 veniat
890 1772 918 1831 iu
933 1788 1032 1831 manus
1054 1770 1212 1831 doctorum

160 1870 192 1923 51
202 1866 232 1916 et
247 1854 359 1914 iudices
374 1853 443 1914 artis
465 1851 571 1913 habeat
594 1853 730 1913 artifices.
764 1853 839 1927 Quin
862 1855 904 1915 illi
928 1854 1049 1915 subtiles
1067 1853 1116 1932 (ut
1132 1855 1199 1914 simi

201 1939 276 2000 libus
294 1937 388 1998 multis
405 1940 628 2017 persuaserunt)
644 1939 774 2015 magistri
788 1931 976 2020 παράδειγμα
996 1938 1141 2014 dicendo,
1163 1936 1211 1998 ἐν-

200 2016 328 2100 θύμημα
343 2018 497 2080 scribendo
515 2039 583 2080 esse
599 2023 702 2101 aptius,
719 2023 905 2084 tradiderunt.
934 2023 1003 2084 illibi
1018 2040 1104 2081 unum
1121 2031 1210 2102 atque

201 2106 276 2167 idem
291 2105 406 2166 videtur
421 2103 498 2164 bene
514 2105 613 2166 dicere
630 2125 665 2168 ac
680 2106 756 2167 bene
772 2107 915 2183 scribere,
931 2125 1027 2186 neque
1044 2105 1123 2166 aliud
1140 2122 1210 2166 esse

202 2191 294 2251 oratio
321 2190 431 2268 scripta
457 2206 542 2267 quam
566 2199 778 2251 monumentum
802 2193 924 2252 actionis
945 2192 1071 2252 habitae.
1105 2188 1210 2269 Itaque

202 2274 297 2335 nullas
312 2291 379 2351 non,
396 2284 426 2334 nt
442 2275 556 2352 opinor,
574 2275 663 2335 debet
677 2275 797 2352 habere,
813 2276 935 2336 virtutes
952 2275 1035 2351 dico,
1053 2290 1113 2333 non
1128 2274 1209 2333 vitia.

202 2357 274 2419 Nam
289 2359 428 2437 imperitis
441 2358 560 2436 placere
576 2359 730 2438 aliquando
745 2378 819 2439 quae
835 2361 940 2420 vitiosa
955 2360 1021 2435 sint,
1038 2358 1113 2418 scio.
1141 2355 1210 2431 Quo

162 2443 337 2503 tidilierent
353 2438 460 2519 igitur?
497 2442 609 2517 Quodsi
624 2443 691 2503 mihi
710 2443 762 2503 des
785 2444 936 2504 consilium
950 2443 1074 2503 iudicum
1091 2441 1210 2519 sapien-

204 2536 278 2602 tum,
302 2544 441 2605 perquam
465 2527 553 2588 multa
573 2528 700 2588 recidam
724 2546 762 2587 ex
785 2527 963 2588 orationibus
980 2544 1040 2586 non
1055 2523 1210 2585 Ciceronis

205 2610 291 2670 modo
308 2609 463 2672 sedetiam
480 2612 559 2687 eius,
586 2614 634 2691 qui
654 2620 699 2671 est
714 2613 842 2672 strictior
860 2612 965 2688 multo,
989 2609 1209 2671 Demosthenis.

204 2692 308 2771 Neque
325 2695 399 2754 enim
416 2695 536 2754 allectus
554 2697 667 2755 omnino
684 2696 819 2756 movendi
836 2704 934 2772 erunt,
951 2713 1006 2755 nec
1022 2711 1108 2754 aures
1127 2691 1209 2753 dele·

206 2779 330 2839 clatione
355 2778 541 2854 mulcendae,
567 2798 630 2839 cum
651 2781 736 2840 etiam
756 2782 907 2859 prooemia
932 2795 1115 2858 supervacua
1139 2795 1209 2836 esse

205 2861 280 2940 apud
299 2861 375 2921 tales
396 2862 573 2923 Aristoteles
596 2864 754 2932 existimet;
777 2882 835 2924 non
851 2865 926 2924 enim
941 2863 1090 2923 trahentur
1104 2860 1150 2920 bis
1167 2859 1211 2919 illi

205 2947 368 3024 sapientem
393 2947 512 3024 proprie
537 2956 566 3006 et
588 2948 783 3025 significanter
804 2966 865 3007 rem
887 2948 1032 3022 indicare,
1058 2943 1209 3024 probatio·

164 3036 259 3091 tanes
277 3028 436 3106 colligere,
461 3032 530 3090 satis
549 3041 603 3091 est.
638 3030 707 3092 Cum
728 3049 800 3091 vero
817 3031 905 3092 iudex
920 3031 1066 3091 deturant
1081 3027 1211 3108 populus

206 3122 254 3174 aut
276 3132 314 3173 ex
334 3113 462 3193 populo,
489 3115 632 3194 laturique
659 3118 829 3176 sententiam
853 3115 962 3175 indocti
986 3113 1101 3191 saepius
1121 3120 1228 3191 atque,

205 3198 318 3257 interim
332 3199 448 3258 rustici:
477 3201 587 3277 omnia,
612 3219 686 3278 quae
709 3199 744 3260 ad
766 3198 968 3275 obtinendum,
992 3196 1070 3276 quod
1086 3195 1210 3257 intendi·

206 3300 284 3357 mus,
303 3281 446 3360 prodesse
463 3283 631 3359 credemus,
654 3283 816 3344 adhibenda
832 3292 907 3351 sunt:
928 3299 1022 3362 eaque
1039 3289 1151 3340 etcum
1167 3279 1209 3340 di·

207 3367 296 3424 cimus
311 3365 471 3444 promenda
489 3376 518 3426 et
534 3385 597 3427 cum
613 3367 763 3428 scribimus
780 3366 958 3428 ostendenda
973 3373 1053 3441 sunt,
1077 3365 1102 3423 si
1120 3363 1210 3423 modo

165 3447 272 3510 elideo
294 3449 462 3527 scribimus,
489 3460 519 3511 ut
548 3452 705 3513 doceamus
731 3452 875 3532 quomodo
899 3452 956 3512 dici
981 3456 1126 3528 oporteat.
1161 3444 1208 3506 An
