2566 4026
216 132 274 197 138
531 146 567 194 u.
585 146 663 193 ιιι.
679 145 898 206 ιιιιιιιιιιι

213 303 314 365 ιιιιιι
349 310 450 377 erunt,
485 301 571 380 quid
601 300 650 359 sii
684 299 726 360 de
755 318 825 379 quo
860 301 1117 377 deliberetur,
1152 304 1215 382 qui

172 389 282 455 lbsint
305 388 364 465 qui
387 385 619 461 deliberent,
645 385 706 462 qui
727 386 776 443 sit
798 387 858 463 qui
879 385 1043 446 suadeat.
1074 385 1157 462 Rern,
1177 386 1213 446 de

212 490 267 550 qua
290 469 485 545 deliberatur,
510 478 558 530 ιιι
588 477 697 528 certum
721 477 765 527 esi
787 486 876 547 posse
899 469 962 529 lieri
991 479 1039 530 aut
1063 472 1213 530 incertum.

212 558 242 616 Si
260 557 410 630 incertum,
429 553 504 614 baec
521 555 576 613 erit
595 553 727 630 quaestio
744 552 808 612 sola
824 562 871 613 aui
889 555 1104 632 potentissima3
1124 574 1214 634 saepe

212 641 287 699 enim
309 638 439 714 accidet,
463 646 494 697 ut
515 639 594 716 prius
619 637 763 712 dicamus,
787 656 823 696 ιι
846 640 871 696 si
892 640 986 716 possit
1003 639 1118 716 quidem
1140 640 1214 715 lueri,

212 741 280 784 esse
301 722 482 799 faciendum,
506 720 626 796 deinde,
655 720 718 780 lieri
741 738 798 780 non
820 740 920 800 posse.
961 719 1032 782 Cum
1056 732 1151 782 autem
1179 723 1215 783 de

211 807 268 867 hoc
298 808 462 884 quaeritur,
493 807 660 865 coniectura
684 812 742 863 est:
777 803 826 866 An
840 804 971 867 isthmos
991 808 1153 886 intercidi,
1173 827 1216 868 un

211 892 329 953 siccmi
354 891 447 970 palus
474 887 648 968 Pomptina,
675 907 717 949 an
742 899 853 967 portus
871 890 941 968 fieri
969 887 1074 952 Ostiae
1095 894 1216 970 possit?

170 973 258 1041 trau
277 971 458 1037 Alexander
474 981 577 1035 terras
593 973 675 1033 ultra
696 969 853 1035 Oceanum
867 976 907 1035 sit
920 977 1121 1037 inventurus?
1157 975 1216 1036 Sed

210 1063 239 1120 in
260 1060 304 1120 his
330 1076 464 1138 quoque,
490 1076 564 1136 quae
592 1055 736 1117 constabit
758 1074 848 1134 posse
870 1059 949 1133 lieri,
974 1060 1141 1118 coniectura
1165 1059 1215 1119 ali-

211 1143 325 1223 quando
338 1144 403 1218 erit,
418 1143 443 1200 si
457 1150 623 1219 quaeretur,
646 1138 695 1200 Au
706 1143 810 1219 utique
825 1143 964 1221 futurum
975 1145 1024 1221 sit,
1042 1151 1075 1203 ιιι
1086 1140 1216 1204 Cartba-

210 1230 312 1307 9inem
340 1234 487 1305 superent
507 1225 656 1296 Romani,·
677 1233 710 1286 ut
731 1227 842 1288 redeat
861 1225 1034 1302 Hannibal,
1060 1229 1088 1287 si
1109 1225 1216 1306 Scipio

211 1313 382 1373 exercitum
392 1312 425 1371 in
435 1306 577 1389 Africam
588 1311 779 1370 transtulerit
784 1333 798 1378 ,·
813 1319 847 1372 ut
856 1318 979 1372 seruent
992 1310 1086 1388 fidem
1096 1309 1216 1372 Samni·

211 1405 266 1468 tes,
282 1395 454 1456 siliomani
468 1411 559 1455 arma
574 1393 792 1472 deposuerint?
827 1393 976 1467 Quaedam
995 1403 1024 1453 et
1041 1394 1103 1454 lieri
1125 1412 1215 1473 posse

211 1488 240 1538 et
262 1479 357 1540 futura
380 1496 448 1537 esse
467 1475 608 1536 credibile
632 1485 693 1552 est,
719 1478 771 1537 sed
789 1485 837 1538 aut
858 1476 916 1538 alio
935 1487 1068 1556 ternpore
1090 1488 1138 1539 aut
1159 1479 1216 1538 alio

211 1563 279 1622 loco
296 1571 343 1622 aut
359 1561 417 1622 alio
434 1561 531 1622 modo.

169 1657 204 1712 18
295 1644 351 1705 Ubi
369 1646 555 1706 coniecturae
574 1660 632 1702 non
651 1645 706 1702 erit
723 1643 817 1720 locus,
843 1645 899 1706 alia
920 1654 985 1705 sunt
1002 1647 1146 1706 intuenda.
1179 1645 1216 1707 lit

214 1731 335 1808 primum
363 1737 411 1789 aut
434 1737 556 1807 propter
577 1728 669 1805 ipsam
691 1746 763 1803 rem,
786 1727 822 1788 de
846 1746 901 1806 qua
925 1730 1086 1789 sententiae
1110 1747 1214 1807 rogan·

212 1823 274 1890 tur,
300 1811 525 1887 consultabitur,
550 1819 597 1871 aut
619 1821 741 1889 propter
763 1811 833 1871 alias
857 1813 1083 1873 intervenientes
1108 1815 1215 1872 extrin-

212 1916 298 1958 secus
323 1914 437 1956 causas.
472 1895 595 1973 Propter
616 1896 709 1974 ipsam
735 1895 897 1957 deliberant
920 1895 1021 1956 Patres
1045 1899 1214 1975 conscripti,

169 1989 253 2045 19an
274 1982 457 2061 stipendium
476 1980 563 2040 militi
587 1981 791 2041 constituant?
834 1980 914 2040 llaec
943 1982 1062 2040 materia
1092 1981 1217 2058 simplex

213 2066 277 2125 erit.
319 2064 471 2125 Accedunt
498 2080 605 2123 causae
635 2072 682 2122 aut
705 2063 847 2140 faciendi,
876 2073 907 2123 ut
929 2063 1092 2125 deliberant
1114 2065 1144 2126 P.
1170 2063 1214 2139 0.,

211 2145 260 2209 An
283 2146 397 2210 Fabios
410 2147 526 2209 dedunt
540 2147 637 2208 Gallis
650 2148 762 2213 bellum
777 2149 1007 2210 minitantibus?
1029 2157 1076 2207 aut
1099 2165 1156 2208 non
1174 2149 1188 2207 f
1205 2180 1216 2189 ·

213 2231 316 2292 ciendi.
350 2231 502 2292 Deliberat
524 2227 556 2290 G.
582 2227 702 2308 Caesar,
715 2228 764 2292 An
780 2241 959 2311 perseueret
974 2235 1006 2294 in
1021 2233 1216 2294 Germaniam

210 2318 268 2393 ire,
293 2336 362 2378 aum
376 2317 485 2377 milites
495 2316 615 2395 passim
634 2323 814 2377 testamenta
833 2317 995 2396 facerent?
1034 2317 1095 2376 Hae
1115 2333 1216 2377 suaso-

168 2401 272 2463 2oriae
294 2400 427 2479 duplices
446 2408 520 2458 suni.
549 2397 622 2458 Nam
638 2408 667 2458 ιι
683 2399 743 2460 illic
762 2418 849 2460 causa
871 2401 1050 2462 deliberandi
1068 2410 1123 2478 est,
1140 2400 1217 2481 quod

212 2483 322 2544 bellum
345 2482 419 2545 Galli
441 2485 620 2551 minitentur;
649 2502 716 2544 esse
738 2492 833 2544 tamen
855 2494 955 2562 potest
979 2487 1127 2563 quaestio,
1156 2485 1216 2546 De·

212 2570 346 2631 demaine
354 2569 471 2648 fuerint
481 2570 572 2629 etiam
585 2568 664 2628 citra
676 2568 757 2629 banc
768 2570 1036 2644 denuntiationem,
1052 2571 1217 2645 quicontra

210 2653 273 2732 sas,
282 2672 350 2714 cum
361 2652 457 2731 lopati
467 2651 553 2713 missi
565 2658 675 2727 esseut,
685 2653 836 2729 proelium
847 2653 980 2727 inierint,
989 2667 1160 2729 repemque,
1174 2651 1217 2710 ati

169 2738 463 2815 ornnem-munaum
478 2742 677 2812 acceperant,
690 2737 901 2797 inacidarinti
934 2744 963 2794 ιι
981 2734 1028 2793 ιιι
1050 2733 1119 2793 nilril
1142 2729 1215 2792 Cae-

213 2838 261 2881 sar
283 2823 345 2880 sine
373 2818 460 2880 dubio
483 2817 660 2880 deliberaret
687 2819 741 2877 nisi
769 2828 891 2897 propter
913 2819 986 2879 bano
1008 2816 1127 2876 militum
1149 2835 1215 2895 per-

212 2905 418 2973 turbationem
449 2912 494 2964 est
523 2911 617 2962 tamen
649 2900 732 2961 locus
756 2902 930 2982 quaerendi,
960 2898 1010 2962 An
1033 2902 1113 2963 citra
1136 2903 1217 2962 bunc

213 3005 333 3068 quoque
354 3007 460 3050 cusum
478 2986 705 3066 penetrandum
722 2988 756 3046 iu
771 2987 968 3049 Germaniam
981 2987 1097 3065 fuerit?
1135 2986 1215 3045 Sern-

212 3090 267 3150 per
289 3081 385 3134 autern
407 3072 443 3132 de
467 3089 503 3132 eo
527 3071 606 3147 prius
629 3069 793 3148 loquemur,
818 3070 932 3149 dequo
953 3069 1109 3131 deliberari
1131 3071 1214 3129 etiarn

212 3155 351 3216 detractis
372 3154 560 3234 sequentibus
586 3154 689 3230 possit.

168 3251 203 3304 ιι
295 3239 423 3300 Ριιιιι
448 3235 587 3300 suadendi
610 3237 724 3315 quidam
742 3246 916 3316 putaverunt
940 3237 1109 3313 honestum,
1133 3238 1215 3313 utile,

210 3325 416 3382 necessarium.
459 3322 524 3400 Ego
547 3336 604 3379 non
626 3321 741 3380 invenio
765 3321 831 3380 lruic
853 3323 956 3382 tertiae
978 3321 1083 3381 locum.
1120 3321 1215 3395 Quan-

210 3405 312 3466 talibet
335 3408 408 3467 enim
430 3407 474 3466 vis
495 3407 624 3484 ingruat,
646 3403 754 3482 aliquid
777 3404 904 3464 sortasse
922 3408 981 3485 pati
1003 3424 1128 3466 necesse
1149 3406 1214 3482 erit,
