2566 4026
157 157 219 220 260
474 169 839 230 commemorandum

155 345 256 388 mores
272 326 472 404 appellantur,
488 334 575 402 atque
589 325 655 384 iude
671 342 738 402 pars
754 341 870 403 qnoque
888 325 939 385 illa
954 325 1161 406 philosophiae

127 399 252 490 bibrata
270 409 388 469 moralis
410 418 455 467 est
473 409 559 468 dicta.
603 409 696 468 Sed
688 427 780 487 ipsam
800 410 843 468 rei
864 418 993 469 naturam
1015 413 1161 489 spectanti

155 496 222 555 mibi
240 503 369 554 nontam
383 510 480 552 mores
499 492 655 570 significari
675 493 810 552 videntur
828 510 912 571 quam
929 512 1047 556 morum
1062 511 1161 573 qaae·

156 579 229 640 dom
246 579 442 657 proprictos;
469 593 534 635 nam
560 578 631 653 ipsis
662 576 776 652 quidem
797 578 888 635 omnis
913 575 1026 637 babitus
1055 582 1160 640 mentis

157 664 328 723 continetur.
371 657 522 720 cautiores
549 659 726 719 voluntatem
755 660 911 738 complecti
938 679 1022 739 quam
1045 664 1160 724 nomina

155 746 340 824 interpretari
363 745 533 805 maluerunt.
573 741 705 803 Allectus
720 745 807 822 igitur
822 743 876 804 bos
893 746 1071 823 concitatos,
1090 745 1160 806 illos

155 831 243 890 nutes
257 838 343 907 atque
357 829 537 907 compositos
559 844 626 886 esse
646 826 794 895 dixerunt;
814 829 843 886 in
863 827 957 888 aiteio
971 827 1160 890 vehementer

156 922 332 987 commotos,
355 913 490 973 inaltero
508 911 606 979 lencs;
622 910 747 988 denique
762 911 840 969 hos
831 929 990 989 imperare,
1011 913 1160 992 illosper·

156 996 295 1064 suadere;
313 996 367 1055 bos
383 996 418 1055 ad
434 995 641 1074 perlationem,
659 994 727 1054 illos
742 995 778 1054 ad
794 994 1017 1056 benivolentiam
1037 1014 1165 1075 praeva-

114 1095 148 1147 10
156 1081 228 1141 lere
266 1079 411 1140 Adliciunt
434 1079 546 1157 qnidam
570 1079 742 1156 peritorum,
766 1072 866 1151 πάθος
892 1079 1054 1157 temporale
1080 1097 1159 1140 esse

156 1163 242 1238 Quod
265 1173 295 1223 ut
315 1164 450 1223 accidere
476 1163 656 1240 frequentius
684 1161 794 1221 iateor:
821 1164 860 1222 ita
887 1163 1039 1224 nonnullas
1069 1164 1160 1224 credo

157 1265 225 1307 esse
243 1249 388 1324 materias,
406 1265 481 1325 quae
496 1248 660 1307 continuum
675 1245 842 1307 desiderent
863 1245 1006 1307 allectum.
1038 1245 1102 1307 Nec
1117 1257 1160 1308 ta·

155 1350 222 1391 men
244 1334 335 1392 minus
358 1334 428 1391 artis
450 1339 498 1391 aut
519 1349 588 1388 usus
607 1328 636 1389 hi
656 1328 784 1389 leniores
805 1329 926 1399 babent;
946 1332 1048 1390 virium
1069 1339 1158 1409 atqua

156 1416 279 1494 impetus
295 1431 352 1475 non
368 1414 531 1475 tantundem
548 1416 676 1490 exigunt.
713 1412 744 1472 Ιιι
767 1415 861 1473 causis
881 1430 954 1473 vero
970 1415 1055 1474 etiam
1070 1413 1161 1492 pluri·

156 1499 210 1559 bns
225 1508 388 1572 versantur,
404 1500 488 1556 immo
505 1497 662 1556 secundum
677 1496 819 1574 quendam
834 1497 1013 1558 intellectum
1026 1498 1055 1556 in
1070 1499 1160 1557 omni-

115 1582 219 1648 11bus.
250 1580 321 1641 Nam
339 1600 402 1641 cum
419 1600 456 1640 ex
467 1581 522 1642 illo
540 1589 568 1638 et
590 1580 647 1639 boc
668 1579 736 1638 loco
759 1579 828 1640 nibil
842 1599 900 1640 non
915 1581 951 1640 ab
970 1591 1087 1641 oratore
1102 1590 1160 1641 tra·

157 1674 267 1725 otetur:
290 1663 427 1743 quidquid
453 1664 489 1723 dc
505 1663 636 1722 honestis
654 1672 683 1722 et
697 1663 814 1723 utilibus
830 1665 955 1743 denique
971 1663 1112 1726 iaciendis
1131 1673 1161 1724 et

156 1765 215 1808 non
229 1748 369 1808 iaciendis
386 1747 498 1823 dicitur,
515 1734 593 1824 ἦθος
613 1749 713 1806 vocari
730 1756 837 1846 potest
876 1747 997 1822 Quidam
1015 1764 1160 1808 commen·

157 1833 300 1892 dationem
314 1840 400 1909 atque
417 1833 635 1890 excusationem
646 1832 763 1909 propria
776 1831 858 1890 huius
874 1832 963 1891 cilicii
975 1840 1158 1909 putaverunt,

157 1934 212 1976 nec
228 1915 321 1975 abnuo
340 1934 406 1975 esse
420 1918 475 1974 ista
493 1917 521 1973 in
537 1913 592 1973 bac
604 1922 701 1991 parte:
725 1916 777 1975 sed
800 1932 858 1974 non
874 1915 1022 2016 concedo,
1049 1925 1081 1975 ut
1095 1915 1160 1975 sola

117 2001 221 2065 insint.
255 1998 330 2073 Quin
348 1999 419 2059 illud
443 1997 536 2057 adbuc
555 1998 676 2074 adiicio,
697 1992 797 2068 πάθος
824 2007 911 2076 atque
930 1985 1007 2076 ἦθος
1030 2016 1098 2058 esse
1118 2000 1159 2058 in·

157 2086 240 2143 terim
261 2100 298 2141 ex
314 2082 414 2142 eadem
429 2092 545 2185 natura,
567 2083 606 2141 ita
627 2091 657 2141 nt
684 2081 755 2141 illud
770 2084 859 2141 malus
876 2080 986 2142 sithoc
1003 2085 1106 2158 minus,
1130 2090 1161 2141 ut

158 2183 238 2226 amor
253 2160 362 2240 πάθος,
384 2168 488 2226 caritas
504 2127 596 2266 ridor,
621 2166 761 2225 interdum
783 2165 922 2225 diversa
913 2175 989 2225 mter
1009 2184 1062 2241 se,
1085 2166 1161 2225 sicut

156 2252 185 2310 in
201 2249 337 2328 epilogis,
355 2267 419 2308 nam
437 2267 510 2327 quae
526 2243 626 2320 πάθος
641 2250 813 2348 concitavit,
832 2236 909 2327 ἦθος
923 2250 1000 2309 solet
1014 2251 1159 2326 mitigare

157 2333 277 2412 Proprie
298 2343 392 2394 tamen
413 2333 480 2393 mibi
508 2333 590 2392 huius
615 2333 737 2393 nominis
764 2332 950 2410 exprimenda
976 2341 1076 2393 natura
1103 2341 1159 2408 est,

152 2426 300 2518 quatenus
330 2416 568 2495 appellatione
559 2435 623 2495 ipsa
662 2433 720 2476 non
748 2419 817 2476 satis
849 2417 1005 2500 significari
1034 2415 1158 2476 videtur

116 2512 150 2566 13
152 2489 260 2578 Heca,
284 2502 360 2579 quod
376 2501 560 2598 intelligimps
578 2501 713 2579 quodque
731 2519 748 2560 a
768 2501 929 2560 dicentibus
950 2493 1160 2574 desideramus,

158 2585 186 2644 id
207 2587 271 2660 erit,
289 2585 365 2662 quod
380 2593 446 2644 ante
462 2585 555 2643 omnia
572 2583 700 2644 bonitate
715 2584 976 2659 commendabitur
992 2601 1050 2642 non
1066 2581 1161 2642 solum

158 2668 226 2727 mite
247 2685 282 2726 ac
303 2668 448 2744 placidum
468 2667 520 2725 sed
547 2666 717 2745 plerumque
738 2667 872 2727 blandum
900 2676 929 2726 et
954 2666 1106 2726 humanum
1132 2673 1161 2724 et

159 2750 339 2809 audientibus
365 2749 487 2810 amabile
517 2758 603 2826 atque
630 2751 797 2824 iucundum,
832 2753 860 2810 in
887 2767 944 2828 quo
971 2747 1160 2828 exprimendo

159 2851 267 2893 summa
284 2835 374 2892 virtus
391 2851 425 2892 ea
443 2841 504 2906 est,
529 2841 560 2891 ut
572 2831 663 2915 liuere
682 2835 774 2893 omnia
790 2851 828 2892 cx
842 2843 944 2893 natura
959 2851 1055 2893 rerum
1070 2832 1160 2893 homi·

158 2935 284 2996 numque
295 2916 456 2992 videantur,
472 2933 528 2993 quo
540 2932 637 2976 mores
653 2917 774 2976 dicentis
792 2918 973 2976 exoratione
988 2916 1161 2994 perluceant

118 3009 189 3068 14et
204 2998 413 3079 quodammodo
431 3009 634 3077 agnoscantur.
666 3000 749 3073 Quod
767 3002 888 3059 estsine
903 3000 989 3059 dubio
1004 3002 1079 3059 inter
1092 3015 1160 3059 con·

159 3086 270 3144 iunctas
286 3085 408 3144 maxime
423 3100 582 3162 personas,
608 3085 740 3162 quotiens
755 3083 890 3158 ierimus,
908 3084 1097 3160 ignoscimus,
1115 3099 1161 3142 sa·

161 3167 333 3243 tisiacimus,
359 3185 524 3242 monemus,
548 3167 651 3244 procul
674 3167 709 3226 ab
732 3169 790 3243 ira,
813 3167 916 3246 procul
931 3167 967 3226 ab
985 3168 1062 3227 odio.
1102 3164 1162 3227 Sed

161 3258 255 3308 tamen
272 3251 327 3310 alia
342 3253 433 3330 patris
449 3250 588 3310 adversus
608 3249 712 3326 lilium,
732 3253 834 3311 tutoris
857 3250 996 3311 adversus
1009 3249 1161 3329 pupillum,

160 3335 253 3392 mariti
274 3333 414 3394 adversus
437 3351 557 3394 uxorem
580 3333 739 3394 moderatio
763 3344 826 3402 est;
848 3333 877 3394 hi
900 3336 974 3394 enim
992 3334 1162 3412 praeierunt

163 3433 261 3476 eorum
281 3419 425 3496 ipsorum,
450 3437 466 3478 a
490 3416 592 3496 quibus
613 3416 780 3495 laeduntur,
805 3421 972 3493 caritatem,
994 3436 1089 3496 neque
1104 3415 1157 3476 alit
