<?xml version="1.0" encoding="UTF-8"?>
<!DOCTYPE html PUBLIC "-//W3C//DTD XHTML 1.0 Transitional//EN"
    "http://www.w3.org/TR/xhtml1/DTD/xhtml1-transitional.dtd">
<html xmlns="http://www.w3.org/1999/xhtml" xml:lang="en" lang="en">
 <head>
  <title>
</title>
<meta http-equiv="Content-Type" content="text/html;charset=utf-8" />
  <meta name='ocr-system' content='tesseract 3.04.00' />
  <meta name='ocr-capabilities' content='ocr_page ocr_carea ocr_par ocr_line ocrx_word'/>
</head>
<body>
  <div class='ocr_page' id='page_1' title='image "./mfabiiquintilia00bonngoog/mfabiiquintilia00bonngoog_0606.png"; bbox 0 0 2566 4026; ppageno 0'>
   <div class='ocr_carea' id='block_1_1' title="bbox 368 164 1125 242">
    <p class='ocr_par' dir='ltr' id='par_1_1' title="bbox 368 164 1125 242">
     <span class='ocr_line' id='line_1_1' title="bbox 368 164 1125 242; baseline 0.005 -20"><span class='ocrx_word' id='word_1_1' title='bbox 368 174 839 242; x_wconf 79' lang='lat' dir='ltr'><strong>msu.oannon.ure.x11‚1o.</strong></span> <span class='ocrx_word' id='word_1_2' title='bbox 1066 164 1125 226; x_wconf 82' lang='lat'><strong>271</strong></span> 
     </span>
    </p>
   </div>
   <div class='ocr_carea' id='block_1_2' title="bbox 112 304 1197 410">
    <p class='ocr_par' dir='ltr' id='par_1_2' title="bbox 112 304 1197 410">
     <span class='ocr_line' id='line_1_2' title="bbox 112 304 1197 410; baseline 0.002 -18"><span class='ocrx_word' id='word_1_3' title='bbox 112 329 330 392; x_wconf 77' lang='lat' dir='ltr'><strong>Demosthenes</strong></span> <span class='ocrx_word' id='word_1_4' title='bbox 347 329 422 390; x_wconf 91' lang='lat' dir='ltr'><strong>male</strong></span> <span class='ocrx_word' id='word_1_5' title='bbox 438 331 481 390; x_wconf 89' lang='lat' dir='ltr'><strong>sic</strong></span> <span class='ocrx_word' id='word_1_6' title='bbox 498 330 628 407; x_wconf 75' lang='lat' dir='ltr'><strong>egisset,</strong></span> <span class='ocrx_word' id='word_1_7' title='bbox 653 339 682 389; x_wconf 95' lang='lat' dir='ltr'><strong>ut</strong></span> <span class='ocrx_word' id='word_1_8' title='bbox 697 333 829 410; x_wconf 81' lang='lat' dir='ltr'><strong>scripsit,</strong></span> <span class='ocrx_word' id='word_1_9' title='bbox 855 341 905 393; x_wconf 91' lang='lat' dir='ltr'><strong>aut</strong></span> <span class='ocrx_word' id='word_1_10' title='bbox 920 330 1049 395; x_wconf 79' lang='lat' dir='ltr'><strong>Cicero?</strong></span> <span class='ocrx_word' id='word_1_11' title='bbox 1077 343 1127 394; x_wconf 89' lang='lat' dir='ltr'><strong>aut</strong></span> <span class='ocrx_word' id='word_1_12' title='bbox 1194 304 1197 308; x_wconf 79' lang='lat'><em>.</em></span> 
     </span>
    </p>
   </div>
   <div class='ocr_carea' id='block_1_3' title="bbox 112 413 1186 3523">
    <p class='ocr_par' dir='ltr' id='par_1_3' title="bbox 112 413 1186 2091">
     <span class='ocr_line' id='line_1_3' title="bbox 115 413 1186 496; baseline 0.004 -22"><span class='ocrx_word' id='word_1_13' title='bbox 115 431 168 474; x_wconf 92' lang='lat' dir='ltr'><strong>eos</strong></span> <span class='ocrx_word' id='word_1_14' title='bbox 191 416 457 493; x_wconf 86' lang='lat' dir='ltr'><strong>praestantissimos</strong></span> <span class='ocrx_word' id='word_1_15' title='bbox 482 423 616 474; x_wconf 91' lang='lat' dir='ltr'><strong>oratores</strong></span> <span class='ocrx_word' id='word_1_16' title='bbox 632 413 690 475; x_wconf 91' lang='lat' dir='ltr'><strong>alia</strong></span> <span class='ocrx_word' id='word_1_17' title='bbox 711 434 745 475; x_wconf 93' lang='lat' dir='ltr'><strong>re</strong></span> <span class='ocrx_word' id='word_1_18' title='bbox 767 434 852 496; x_wconf 91' lang='lat' dir='ltr'><strong>quam</strong></span> <span class='ocrx_word' id='word_1_19' title='bbox 877 416 994 495; x_wconf 88' lang='lat' dir='ltr'><strong>scriptis</strong></span> <span class='ocrx_word' id='word_1_20' title='bbox 1014 433 1126 494; x_wconf 86' lang='lat' dir='ltr'><strong>cogno·</strong></span> <span class='ocrx_word' id='word_1_21' title='bbox 1184 427 1186 431; x_wconf 86' lang='grc'><strong>’</strong></span> 
     </span>
     <span class='ocr_line' id='line_1_4' title="bbox 114 495 1127 579; baseline 0.001 -21"><span class='ocrx_word' id='word_1_22' title='bbox 114 495 244 558; x_wconf 75' lang='lat' dir='ltr'><strong>scimus?</strong></span> <span class='ocrx_word' id='word_1_23' title='bbox 275 496 380 558; x_wconf 85' lang='lat' dir='ltr'><strong>Melius</strong></span> <span class='ocrx_word' id='word_1_24' title='bbox 397 507 522 576; x_wconf 90' lang='lat' dir='ltr'><strong>egerunt</strong></span> <span class='ocrx_word' id='word_1_25' title='bbox 538 499 626 576; x_wconf 91' lang='lat' dir='ltr'><strong>igitur</strong></span> <span class='ocrx_word' id='word_1_26' title='bbox 644 516 680 558; x_wconf 92' lang='lat' dir='ltr'><strong>an</strong></span> <span class='ocrx_word' id='word_1_27' title='bbox 695 497 802 578; x_wconf 82' lang='lat' dir='ltr'><strong>peius?</strong></span> <span class='ocrx_word' id='word_1_28' title='bbox 834 499 907 561; x_wconf 90' lang='lat' dir='ltr'><strong>Nam</strong></span> <span class='ocrx_word' id='word_1_29' title='bbox 923 502 948 560; x_wconf 88' lang='lat' dir='ltr'><strong>si</strong></span> <span class='ocrx_word' id='word_1_30' title='bbox 963 501 1064 579; x_wconf 91' lang='lat' dir='ltr'><strong>peius:</strong></span> <span class='ocrx_word' id='word_1_31' title='bbox 1082 501 1127 560; x_wconf 92' lang='lat' dir='ltr'><strong>sic</strong></span> 
     </span>
     <span class='ocr_line' id='line_1_5' title="bbox 113 582 1127 663; baseline 0.001 -21"><span class='ocrx_word' id='word_1_32' title='bbox 113 585 212 662; x_wconf 87' lang='lat' dir='ltr'><strong>potius</strong></span> <span class='ocrx_word' id='word_1_33' title='bbox 232 584 361 661; x_wconf 92' lang='lat' dir='ltr'><strong>oportuit</strong></span> <span class='ocrx_word' id='word_1_34' title='bbox 382 582 455 658; x_wconf 91' lang='lat' dir='ltr'><strong>dici,</strong></span> <span class='ocrx_word' id='word_1_35' title='bbox 478 590 509 641; x_wconf 92' lang='lat' dir='ltr'><strong>nt</strong></span> <span class='ocrx_word' id='word_1_36' title='bbox 524 583 722 660; x_wconf 88' lang='lat' dir='ltr'><strong>scripserunt;</strong></span> <span class='ocrx_word' id='word_1_37' title='bbox 749 585 775 643; x_wconf 95' lang='lat' dir='ltr'><strong>si</strong></span> <span class='ocrx_word' id='word_1_38' title='bbox 791 584 911 645; x_wconf 88' lang='lat' dir='ltr'><strong>melius:</strong></span> <span class='ocrx_word' id='word_1_39' title='bbox 935 586 978 643; x_wconf 91' lang='lat' dir='ltr'><strong>sio</strong></span> <span class='ocrx_word' id='word_1_40' title='bbox 996 585 1127 663; x_wconf 91' lang='lat' dir='ltr'><strong>oportuit</strong></span> 
     </span>
     <span class='ocr_line' id='line_1_6' title="bbox 114 663 1168 747; baseline 0.003 -22"><span class='ocrx_word' id='word_1_41' title='bbox 114 666 219 741; x_wconf 84' lang='lat' dir='ltr'><strong>scribi,</strong></span> <span class='ocrx_word' id='word_1_42' title='bbox 236 675 267 726; x_wconf 93' lang='lat' dir='ltr'><strong>ut</strong></span> <span class='ocrx_word' id='word_1_43' title='bbox 281 665 425 726; x_wconf 83' lang='lat' dir='ltr'><strong>dixerunt.</strong></span> <span class='ocrx_word' id='word_1_44' title='bbox 457 664 533 739; x_wconf 81' lang='lat' dir='ltr'><strong>Quid</strong></span> <span class='ocrx_word' id='word_1_45' title='bbox 550 663 644 743; x_wconf 80' lang='lat' dir='ltr'><strong>ergo?</strong></span> <span class='ocrx_word' id='word_1_46' title='bbox 673 667 797 747; x_wconf 85' lang='lat' dir='ltr'>Semper</span> <span class='ocrx_word' id='word_1_47' title='bbox 814 669 857 728; x_wconf 90' lang='lat' dir='ltr'><strong>sic</strong></span> <span class='ocrx_word' id='word_1_48' title='bbox 872 678 942 746; x_wconf 88' lang='lat' dir='ltr'><strong>aget</strong></span> <span class='ocrx_word' id='word_1_49' title='bbox 957 678 1073 744; x_wconf 88' lang='lat' dir='ltr'><strong>orator,</strong></span> <span class='ocrx_word' id='word_1_50' title='bbox 1096 677 1127 728; x_wconf 95' lang='lat' dir='ltr'><strong>ut</strong></span> <span class='ocrx_word' id='word_1_51' title='bbox 1134 681 1168 734; x_wconf 83' lang='lat'><strong>55</strong></span> 
     </span>
     <span class='ocr_line' id='line_1_7' title="bbox 114 747 1126 831; baseline 0.002 -21"><span class='ocrx_word' id='word_1_52' title='bbox 114 747 246 810; x_wconf 84' lang='lat' dir='ltr'><strong>scribetl</strong></span> <span class='ocrx_word' id='word_1_53' title='bbox 282 750 313 810; x_wconf 92' lang='lat' dir='ltr'><strong>Si</strong></span> <span class='ocrx_word' id='word_1_54' title='bbox 340 750 457 825; x_wconf 80' lang='lat' dir='ltr'><strong>licebit,</strong></span> <span class='ocrx_word' id='word_1_55' title='bbox 487 768 614 829; x_wconf 83' lang='lat' dir='ltr'><strong>semper.</strong></span> <span class='ocrx_word' id='word_1_56' title='bbox 656 749 769 824; x_wconf 81' lang='lat' dir='ltr'><strong>Quodsi</strong></span> <span class='ocrx_word' id='word_1_57' title='bbox 797 753 955 831; x_wconf 83' lang='lat' dir='ltr'><strong>impediant</strong></span> <span class='ocrx_word' id='word_1_58' title='bbox 980 751 1126 813; x_wconf 90' lang='lat' dir='ltr'><strong>brevitate</strong></span> 
     </span>
     <span class='ocr_line' id='line_1_8' title="bbox 113 834 1125 916; baseline 0 -21"><span class='ocrx_word' id='word_1_59' title='bbox 113 843 248 913; x_wconf 92' lang='lat' dir='ltr'><strong>tempora</strong></span> <span class='ocrx_word' id='word_1_60' title='bbox 265 853 282 895; x_wconf 86' lang='lat' dir='ltr'><strong>a</strong></span> <span class='ocrx_word' id='word_1_61' title='bbox 297 834 393 896; x_wconf 89' lang='lat' dir='ltr'><strong>iudice</strong></span> <span class='ocrx_word' id='word_1_62' title='bbox 410 834 491 895; x_wconf 91' lang='lat' dir='ltr'><strong>data:</strong></span> <span class='ocrx_word' id='word_1_63' title='bbox 508 834 626 895; x_wconf 87' lang='lat' dir='ltr'><strong>multum</strong></span> <span class='ocrx_word' id='word_1_64' title='bbox 643 852 680 894; x_wconf 87' lang='lat' dir='ltr'><strong>ex</strong></span> <span class='ocrx_word' id='word_1_65' title='bbox 697 853 752 912; x_wconf 91' lang='lat' dir='ltr'><strong>eo,</strong></span> <span class='ocrx_word' id='word_1_66' title='bbox 779 837 857 916; x_wconf 95' lang='lat' dir='ltr'><strong>quod</strong></span> <span class='ocrx_word' id='word_1_67' title='bbox 872 836 966 916; x_wconf 92' lang='lat' dir='ltr'><strong>potuit</strong></span> <span class='ocrx_word' id='word_1_68' title='bbox 982 836 1055 913; x_wconf 89' lang='lat' dir='ltr'><strong>dici,</strong></span> <span class='ocrx_word' id='word_1_69' title='bbox 1078 854 1125 895; x_wconf 91' lang='lat' dir='ltr'><strong>re·</strong></span> 
     </span>
     <span class='ocr_line' id='line_1_9' title="bbox 115 916 1126 991; baseline 0.001 -13"><span class='ocrx_word' id='word_1_70' title='bbox 115 919 242 988; x_wconf 92' lang='lat' dir='ltr'><strong>cidetur;</strong></span> <span class='ocrx_word' id='word_1_71' title='bbox 267 918 356 979; x_wconf 90' lang='lat' dir='ltr'><strong>editio</strong></span> <span class='ocrx_word' id='word_1_72' title='bbox 372 917 492 978; x_wconf 91' lang='lat' dir='ltr'><strong>babebit</strong></span> <span class='ocrx_word' id='word_1_73' title='bbox 507 920 612 991; x_wconf 89' lang='lat' dir='ltr'><strong>omnia.</strong></span> <span class='ocrx_word' id='word_1_74' title='bbox 650 916 800 991; x_wconf 84' lang='lat' dir='ltr'><strong>Quaedam</strong></span> <span class='ocrx_word' id='word_1_75' title='bbox 819 922 979 982; x_wconf 90' lang='lat' dir='ltr'><strong>seeundum</strong></span> <span class='ocrx_word' id='word_1_76' title='bbox 995 930 1126 980; x_wconf 90' lang='lat' dir='ltr'><strong>naturam</strong></span> 
     </span>
     <span class='ocr_line' id='line_1_10' title="bbox 113 1002 1125 1082; baseline 0.001 -20"><span class='ocrx_word' id='word_1_77' title='bbox 113 1002 298 1064; x_wconf 91' lang='lat' dir='ltr'><strong>iudicantium</strong></span> <span class='ocrx_word' id='word_1_78' title='bbox 313 1003 391 1063; x_wconf 91' lang='lat' dir='ltr'><strong>dicta</strong></span> <span class='ocrx_word' id='word_1_79' title='bbox 406 1011 481 1079; x_wconf 90' lang='lat' dir='ltr'><strong>sunt,</strong></span> <span class='ocrx_word' id='word_1_80' title='bbox 497 1021 555 1064; x_wconf 95' lang='lat' dir='ltr'><strong>non</strong></span> <span class='ocrx_word' id='word_1_81' title='bbox 572 1004 610 1063; x_wconf 91' lang='lat' dir='ltr'><strong>ita</strong></span> <span class='ocrx_word' id='word_1_82' title='bbox 626 1006 753 1081; x_wconf 90' lang='lat' dir='ltr'><strong>posteris</strong></span> <span class='ocrx_word' id='word_1_83' title='bbox 770 1005 937 1082; x_wconf 90' lang='lat' dir='ltr'><strong>tradentur,</strong></span> <span class='ocrx_word' id='word_1_84' title='bbox 953 1024 990 1065; x_wconf 92' lang='lat' dir='ltr'><strong>ne</strong></span> <span class='ocrx_word' id='word_1_85' title='bbox 1006 1004 1125 1064; x_wconf 84' lang='lat' dir='ltr'><strong>videan-</strong></span> 
     </span>
     <span class='ocr_line' id='line_1_11' title="bbox 113 1087 1167 1170; baseline 0.006 -23"><span class='ocrx_word' id='word_1_86' title='bbox 113 1096 160 1148; x_wconf 87' lang='lat' dir='ltr'><strong>tur</strong></span> <span class='ocrx_word' id='word_1_87' title='bbox 176 1087 321 1167; x_wconf 90' lang='lat' dir='ltr'><strong>propositi</strong></span> <span class='ocrx_word' id='word_1_88' title='bbox 337 1087 428 1146; x_wconf 86' lang='lat' dir='ltr'><strong>iuisse</strong></span> <span class='ocrx_word' id='word_1_89' title='bbox 446 1104 504 1147; x_wconf 94' lang='lat' dir='ltr'><strong>non</strong></span> <span class='ocrx_word' id='word_1_90' title='bbox 519 1088 670 1166; x_wconf 88' lang='lat' dir='ltr'><strong>temporis.</strong></span> <span class='ocrx_word' id='word_1_91' title='bbox 701 1087 774 1150; x_wconf 91' lang='lat' dir='ltr'><strong>Nam</strong></span> <span class='ocrx_word' id='word_1_92' title='bbox 790 1090 818 1150; x_wconf 94' lang='lat' dir='ltr'><strong>id</strong></span> <span class='ocrx_word' id='word_1_93' title='bbox 835 1107 954 1170; x_wconf 93' lang='lat' dir='ltr'><strong>quoque</strong></span> <span class='ocrx_word' id='word_1_94' title='bbox 971 1089 1167 1168; x_wconf 73' lang='lat' dir='ltr'><strong>plurimumtd</strong></span> 
     </span>
     <span class='ocr_line' id='line_1_12' title="bbox 112 1171 1125 1253; baseline 0 -21"><span class='ocrx_word' id='word_1_95' title='bbox 112 1172 221 1247; x_wconf 82' lang='lat' dir='ltr'><strong>refert,</strong></span> <span class='ocrx_word' id='word_1_96' title='bbox 240 1171 387 1251; x_wconf 93' lang='lat' dir='ltr'><strong>quomodo</strong></span> <span class='ocrx_word' id='word_1_97' title='bbox 404 1172 503 1232; x_wconf 89' lang='lat' dir='ltr'><strong>audire</strong></span> <span class='ocrx_word' id='word_1_98' title='bbox 518 1171 606 1231; x_wconf 87' lang='lat' dir='ltr'><strong>iudex</strong></span> <span class='ocrx_word' id='word_1_99' title='bbox 620 1172 708 1249; x_wconf 90' lang='lat' dir='ltr'><strong>velit,</strong></span> <span class='ocrx_word' id='word_1_100' title='bbox 734 1182 821 1253; x_wconf 92' lang='lat' dir='ltr'><strong>atque</strong></span> <span class='ocrx_word' id='word_1_101' title='bbox 837 1175 901 1234; x_wconf 91' lang='lat' dir='ltr'><strong>eius</strong></span> <span class='ocrx_word' id='word_1_102' title='bbox 916 1172 1013 1234; x_wconf 84' lang='lat' dir='ltr'><strong>vultus</strong></span> <span class='ocrx_word' id='word_1_103' title='bbox 1032 1190 1125 1250; x_wconf 87' lang='lat' dir='ltr'><strong>saepe</strong></span> 
     </span>
     <span class='ocr_line' id='line_1_13' title="bbox 112 1253 1124 1336; baseline 0 -20"><span class='ocrx_word' id='word_1_104' title='bbox 112 1257 179 1335; x_wconf 91' lang='lat' dir='ltr'><strong>ipse</strong></span> <span class='ocrx_word' id='word_1_105' title='bbox 201 1265 300 1316; x_wconf 88' lang='lat' dir='ltr'><strong>rector</strong></span> <span class='ocrx_word' id='word_1_106' title='bbox 322 1264 368 1315; x_wconf 91' lang='lat' dir='ltr'><strong>est</strong></span> <span class='ocrx_word' id='word_1_107' title='bbox 391 1256 530 1330; x_wconf 85' lang='lat' dir='ltr'><strong>dicentis,</strong></span> <span class='ocrx_word' id='word_1_108' title='bbox 558 1265 589 1315; x_wconf 95' lang='lat' dir='ltr'><strong>ut</strong></span> <span class='ocrx_word' id='word_1_109' title='bbox 612 1253 717 1317; x_wconf 82' lang='lat' dir='ltr'><strong>Cicero</strong></span> <span class='ocrx_word' id='word_1_110' title='bbox 739 1258 892 1336; x_wconf 85' lang='lat' dir='ltr'><strong>praecipit.</strong></span> <span class='ocrx_word' id='word_1_111' title='bbox 928 1256 1061 1336; x_wconf 91' lang='lat' dir='ltr'><strong>Ideoque</strong></span> <span class='ocrx_word' id='word_1_112' title='bbox 1083 1258 1124 1316; x_wconf 94' lang='lat' dir='ltr'><strong>in-</strong></span> 
     </span>
     <span class='ocr_line' id='line_1_14' title="bbox 113 1339 1124 1419; baseline -0.002 -19"><span class='ocrx_word' id='word_1_113' title='bbox 113 1339 245 1400; x_wconf 93' lang='lat' dir='ltr'><strong>standum</strong></span> <span class='ocrx_word' id='word_1_114' title='bbox 265 1341 317 1416; x_wconf 76' lang='lat' dir='ltr'><strong>iis,</strong></span> <span class='ocrx_word' id='word_1_115' title='bbox 341 1357 417 1419; x_wconf 90' lang='lat' dir='ltr'><strong>quae</strong></span> <span class='ocrx_word' id='word_1_116' title='bbox 440 1339 561 1419; x_wconf 88' lang='lat' dir='ltr'><strong>placere</strong></span> <span class='ocrx_word' id='word_1_117' title='bbox 583 1340 783 1417; x_wconf 83' lang='lat' dir='ltr'><strong>intellexeris,</strong></span> <span class='ocrx_word' id='word_1_118' title='bbox 808 1341 998 1402; x_wconf 88' lang='lat' dir='ltr'><strong>resiliendum</strong></span> <span class='ocrx_word' id='word_1_119' title='bbox 1020 1340 1056 1401; x_wconf 91' lang='lat' dir='ltr'><strong>ab</strong></span> <span class='ocrx_word' id='word_1_120' title='bbox 1077 1341 1124 1416; x_wconf 88' lang='lat' dir='ltr'><strong>iis,</strong></span> 
     </span>
     <span class='ocr_line' id='line_1_15' title="bbox 114 1425 1125 1505; baseline 0 -21"><span class='ocrx_word' id='word_1_121' title='bbox 114 1442 189 1505; x_wconf 90' lang='lat' dir='ltr'><strong>quae</strong></span> <span class='ocrx_word' id='word_1_122' title='bbox 215 1441 273 1484; x_wconf 94' lang='lat' dir='ltr'><strong>non</strong></span> <span class='ocrx_word' id='word_1_123' title='bbox 298 1425 487 1502; x_wconf 83' lang='lat' dir='ltr'><strong>recipientur.</strong></span> <span class='ocrx_word' id='word_1_124' title='bbox 522 1425 624 1485; x_wconf 89' lang='lat' dir='ltr'><strong>Sermo</strong></span> <span class='ocrx_word' id='word_1_125' title='bbox 648 1425 730 1502; x_wconf 92' lang='lat' dir='ltr'><strong>ipse,</strong></span> <span class='ocrx_word' id='word_1_126' title='bbox 761 1426 809 1503; x_wconf 94' lang='lat' dir='ltr'><strong>qui</strong></span> <span class='ocrx_word' id='word_1_127' title='bbox 834 1425 973 1486; x_wconf 81' lang='lat' dir='ltr'><strong>facillime</strong></span> <span class='ocrx_word' id='word_1_128' title='bbox 999 1425 1125 1485; x_wconf 90' lang='lat' dir='ltr'><strong>iudicem</strong></span> 
     </span>
     <span class='ocr_line' id='line_1_16' title="bbox 113 1506 1123 1586; baseline 0 -18"><span class='ocrx_word' id='word_1_129' title='bbox 113 1508 229 1583; x_wconf 89' lang='lat' dir='ltr'><strong>doceat,</strong></span> <span class='ocrx_word' id='word_1_130' title='bbox 247 1507 400 1586; x_wconf 88' lang='lat' dir='ltr'><strong>optandus.</strong></span> <span class='ocrx_word' id='word_1_131' title='bbox 429 1506 494 1568; x_wconf 91' lang='lat' dir='ltr'><strong>Nec</strong></span> <span class='ocrx_word' id='word_1_132' title='bbox 510 1509 538 1568; x_wconf 94' lang='lat' dir='ltr'><strong>id</strong></span> <span class='ocrx_word' id='word_1_133' title='bbox 553 1510 652 1568; x_wconf 91' lang='lat' dir='ltr'><strong>mirum</strong></span> <span class='ocrx_word' id='word_1_134' title='bbox 667 1510 719 1584; x_wconf 89' lang='lat' dir='ltr'><strong>sit,</strong></span> <span class='ocrx_word' id='word_1_135' title='bbox 739 1526 803 1568; x_wconf 91' lang='lat' dir='ltr'><strong>cum</strong></span> <span class='ocrx_word' id='word_1_136' title='bbox 821 1511 907 1570; x_wconf 91' lang='lat' dir='ltr'><strong>etiam</strong></span> <span class='ocrx_word' id='word_1_137' title='bbox 925 1509 1041 1569; x_wconf 93' lang='lat' dir='ltr'><strong>testium</strong></span> <span class='ocrx_word' id='word_1_138' title='bbox 1056 1526 1123 1586; x_wconf 89' lang='lat' dir='ltr'><strong>per-</strong></span> 
     </span>
     <span class='ocr_line' id='line_1_17' title="bbox 114 1592 1167 1672; baseline 0.003 -20"><span class='ocrx_word' id='word_1_139' title='bbox 114 1593 194 1652; x_wconf 92' lang='lat' dir='ltr'><strong>sonis</strong></span> <span class='ocrx_word' id='word_1_140' title='bbox 217 1592 314 1671; x_wconf 91' lang='lat' dir='ltr'><strong>aliqua</strong></span> <span class='ocrx_word' id='word_1_141' title='bbox 337 1601 489 1653; x_wconf 88' lang='lat' dir='ltr'><strong>mutentur.</strong></span> <span class='ocrx_word' id='word_1_142' title='bbox 529 1592 691 1653; x_wconf 89' lang='lat' dir='ltr'><strong>Prudenter</strong></span> <span class='ocrx_word' id='word_1_143' title='bbox 714 1593 806 1669; x_wconf 90' lang='lat' dir='ltr'><strong>enim,</strong></span> <span class='ocrx_word' id='word_1_144' title='bbox 836 1595 885 1672; x_wconf 95' lang='lat' dir='ltr'><strong>qui</strong></span> <span class='ocrx_word' id='word_1_145' title='bbox 913 1611 977 1653; x_wconf 92' lang='lat' dir='ltr'><strong>cum</strong></span> <span class='ocrx_word' id='word_1_146' title='bbox 999 1594 1167 1655; x_wconf 79' lang='lat' dir='ltr'><strong>interro-57</strong></span> 
     </span>
     <span class='ocr_line' id='line_1_18' title="bbox 113 1673 1122 1757; baseline 0.001 -23"><span class='ocrx_word' id='word_1_147' title='bbox 113 1684 215 1754; x_wconf 87' lang='lat' dir='ltr'><strong>gasset</strong></span> <span class='ocrx_word' id='word_1_148' title='bbox 232 1678 370 1736; x_wconf 90' lang='lat' dir='ltr'><strong>rusticum</strong></span> <span class='ocrx_word' id='word_1_149' title='bbox 387 1685 507 1753; x_wconf 90' lang='lat' dir='ltr'><strong>testem,</strong></span> <span class='ocrx_word' id='word_1_150' title='bbox 526 1695 562 1738; x_wconf 86' lang='lat' dir='ltr'><strong>an</strong></span> <span class='ocrx_word' id='word_1_151' title='bbox 578 1673 775 1757; x_wconf 72' lang='lat' dir='ltr'><strong>Amphionem</strong></span> <span class='ocrx_word' id='word_1_152' title='bbox 792 1687 911 1754; x_wconf 90' lang='lat' dir='ltr'><strong>nosset,</strong></span> <span class='ocrx_word' id='word_1_153' title='bbox 928 1685 1055 1754; x_wconf 78' lang='lat' dir='ltr'><strong>negante</strong></span> <span class='ocrx_word' id='word_1_154' title='bbox 1074 1693 1122 1752; x_wconf 90' lang='lat' dir='ltr'><strong>eo,</strong></span> 
     </span>
     <span class='ocr_line' id='line_1_19' title="bbox 113 1760 1123 1840; baseline -0.001 -20"><span class='ocrx_word' id='word_1_155' title='bbox 113 1761 240 1820; x_wconf 88' lang='lat' dir='ltr'><strong>detraxit</strong></span> <span class='ocrx_word' id='word_1_156' title='bbox 265 1760 471 1839; x_wconf 85' lang='lat' dir='ltr'><strong>aspirationem</strong></span> <span class='ocrx_word' id='word_1_157' title='bbox 498 1761 699 1840; x_wconf 88' lang='lat' dir='ltr'><strong>breviavitque</strong></span> <span class='ocrx_word' id='word_1_158' title='bbox 726 1763 884 1824; x_wconf 89' lang='lat' dir='ltr'><strong>secundam</strong></span> <span class='ocrx_word' id='word_1_159' title='bbox 911 1764 973 1822; x_wconf 91' lang='lat' dir='ltr'><strong>eius</strong></span> <span class='ocrx_word' id='word_1_160' title='bbox 1000 1761 1123 1820; x_wconf 91' lang='lat' dir='ltr'><strong>nominis</strong></span> 
     </span>
     <span class='ocr_line' id='line_1_20' title="bbox 112 1844 1123 1924; baseline -0.001 -19"><span class='ocrx_word' id='word_1_161' title='bbox 112 1844 273 1922; x_wconf 75' lang='lat' dir='ltr'><strong>syllabam,</strong></span> <span class='ocrx_word' id='word_1_162' title='bbox 302 1853 331 1905; x_wconf 92' lang='lat' dir='ltr'><strong>et</strong></span> <span class='ocrx_word' id='word_1_163' title='bbox 355 1845 406 1906; x_wconf 90' lang='lat' dir='ltr'><strong>ille</strong></span> <span class='ocrx_word' id='word_1_164' title='bbox 433 1864 498 1906; x_wconf 94' lang='lat' dir='ltr'><strong>eum</strong></span> <span class='ocrx_word' id='word_1_165' title='bbox 521 1848 565 1906; x_wconf 92' lang='lat' dir='ltr'><strong>sio</strong></span> <span class='ocrx_word' id='word_1_166' title='bbox 588 1848 697 1924; x_wconf 93' lang='lat' dir='ltr'><strong>optime</strong></span> <span class='ocrx_word' id='word_1_167' title='bbox 718 1855 813 1908; x_wconf 90' lang='lat' dir='ltr'><strong>norat.</strong></span> <span class='ocrx_word' id='word_1_168' title='bbox 843 1845 1015 1908; x_wconf 92' lang='lat' dir='ltr'><strong>Huiusmodi</strong></span> <span class='ocrx_word' id='word_1_169' title='bbox 1037 1862 1123 1906; x_wconf 89' lang='lat' dir='ltr'><strong>casus</strong></span> 
     </span>
     <span class='ocr_line' id='line_1_21' title="bbox 113 1928 1122 2010; baseline -0.002 -20"><span class='ocrx_word' id='word_1_170' title='bbox 113 1931 259 2005; x_wconf 88' lang='lat' dir='ltr'><strong>eitioiunt,</strong></span> <span class='ocrx_word' id='word_1_171' title='bbox 283 1939 314 1990; x_wconf 92' lang='lat' dir='ltr'><strong>ut</strong></span> <span class='ocrx_word' id='word_1_172' title='bbox 330 1930 484 2009; x_wconf 90' lang='lat' dir='ltr'><strong>aliquando</strong></span> <span class='ocrx_word' id='word_1_173' title='bbox 500 1930 613 1991; x_wconf 88' lang='lat' dir='ltr'><strong>dicatur</strong></span> <span class='ocrx_word' id='word_1_174' title='bbox 628 1932 714 1993; x_wconf 91' lang='lat' dir='ltr'><strong>aliter</strong></span> <span class='ocrx_word' id='word_1_175' title='bbox 729 1949 815 2010; x_wconf 92' lang='lat' dir='ltr'><strong>quam</strong></span> <span class='ocrx_word' id='word_1_176' title='bbox 831 1930 982 2007; x_wconf 87' lang='lat' dir='ltr'><strong>scribitur,</strong></span> <span class='ocrx_word' id='word_1_177' title='bbox 1001 1948 1066 1992; x_wconf 89' lang='lat' dir='ltr'><strong>oum</strong></span> <span class='ocrx_word' id='word_1_178' title='bbox 1082 1928 1122 1989; x_wconf 95' lang='lat' dir='ltr'><strong>di-</strong></span> 
     </span>
     <span class='ocr_line' id='line_1_22' title="bbox 113 2013 813 2091; baseline 0.003 -19"><span class='ocrx_word' id='word_1_179' title='bbox 113 2031 200 2089; x_wconf 91' lang='lat' dir='ltr'><strong>cere,</strong></span> <span class='ocrx_word' id='word_1_180' title='bbox 218 2013 363 2090; x_wconf 93' lang='lat' dir='ltr'><strong>quomodo</strong></span> <span class='ocrx_word' id='word_1_181' title='bbox 380 2013 564 2074; x_wconf 88' lang='lat' dir='ltr'><strong>scribendum</strong></span> <span class='ocrx_word' id='word_1_182' title='bbox 580 2022 642 2091; x_wconf 91' lang='lat' dir='ltr'><strong>est,</strong></span> <span class='ocrx_word' id='word_1_183' title='bbox 659 2032 717 2075; x_wconf 93' lang='lat' dir='ltr'><strong>non</strong></span> <span class='ocrx_word' id='word_1_184' title='bbox 732 2016 813 2076; x_wconf 88' lang='lat' dir='ltr'><strong>licet.</strong></span> 
     </span>
    </p>

    <p class='ocr_par' dir='ltr' id='par_1_4' title="bbox 114 2095 1169 3523">
     <span class='ocr_line' id='line_1_23' title="bbox 201 2095 1168 2177; baseline 0.001 -23"><span class='ocrx_word' id='word_1_185' title='bbox 201 2095 366 2155; x_wconf 80' lang='lat' dir='ltr'><strong>Alteraest</strong></span> <span class='ocrx_word' id='word_1_186' title='bbox 381 2098 502 2171; x_wconf 90' lang='lat' dir='ltr'><strong>divisio,</strong></span> <span class='ocrx_word' id='word_1_187' title='bbox 525 2114 600 2175; x_wconf 90' lang='lat' dir='ltr'><strong>quae</strong></span> <span class='ocrx_word' id='word_1_188' title='bbox 619 2098 647 2156; x_wconf 92' lang='lat' dir='ltr'><strong>in</strong></span> <span class='ocrx_word' id='word_1_189' title='bbox 669 2107 730 2158; x_wconf 92' lang='lat' dir='ltr'><strong>tres</strong></span> <span class='ocrx_word' id='word_1_190' title='bbox 746 2107 846 2177; x_wconf 89' lang='lat' dir='ltr'><strong>partes</strong></span> <span class='ocrx_word' id='word_1_191' title='bbox 863 2108 893 2158; x_wconf 88' lang='lat' dir='ltr'><strong>et</strong></span> <span class='ocrx_word' id='word_1_192' title='bbox 907 2100 972 2176; x_wconf 92' lang='lat' dir='ltr'><strong>ipsa</strong></span> <span class='ocrx_word' id='word_1_193' title='bbox 988 2097 1123 2172; x_wconf 89' lang='lat' dir='ltr'><strong>discedit,</strong></span> <span class='ocrx_word' id='word_1_194' title='bbox 1133 2110 1168 2165; x_wconf 76' lang='lat'><strong>53</strong></span> 
     </span>
     <span class='ocr_line' id='line_1_24' title="bbox 115 2179 1123 2260; baseline -0.001 -20"><span class='ocrx_word' id='word_1_195' title='bbox 115 2198 172 2260; x_wconf 91' lang='lat' dir='ltr'><strong>qua</strong></span> <span class='ocrx_word' id='word_1_196' title='bbox 190 2179 315 2239; x_wconf 92' lang='lat' dir='ltr'><strong>discerni</strong></span> <span class='ocrx_word' id='word_1_197' title='bbox 337 2195 429 2256; x_wconf 90' lang='lat' dir='ltr'><strong>posse</strong></span> <span class='ocrx_word' id='word_1_198' title='bbox 453 2180 538 2238; x_wconf 91' lang='lat' dir='ltr'><strong>etiam</strong></span> <span class='ocrx_word' id='word_1_199' title='bbox 560 2188 643 2239; x_wconf 90' lang='lat' dir='ltr'><strong>recte</strong></span> <span class='ocrx_word' id='word_1_200' title='bbox 669 2180 784 2240; x_wconf 92' lang='lat' dir='ltr'><strong>dicendi</strong></span> <span class='ocrx_word' id='word_1_201' title='bbox 805 2199 916 2257; x_wconf 90' lang='lat' dir='ltr'><strong>genera</strong></span> <span class='ocrx_word' id='word_1_202' title='bbox 938 2182 1013 2240; x_wconf 89' lang='lat' dir='ltr'><strong>inter</strong></span> <span class='ocrx_word' id='word_1_203' title='bbox 1029 2198 1062 2240; x_wconf 88' lang='lat' dir='ltr'><strong>se</strong></span> <span class='ocrx_word' id='word_1_204' title='bbox 1081 2182 1123 2239; x_wconf 93' lang='lat' dir='ltr'><strong>vi·</strong></span> 
     </span>
     <span class='ocr_line' id='line_1_25' title="bbox 114 2256 1124 2343; baseline -0.003 -18"><span class='ocrx_word' id='word_1_205' title='bbox 114 2266 228 2325; x_wconf 85' lang='lat' dir='ltr'><strong>dentur.</strong></span> <span class='ocrx_word' id='word_1_206' title='bbox 260 2262 391 2341; x_wconf 90' lang='lat' dir='ltr'><strong>Namque</strong></span> <span class='ocrx_word' id='word_1_207' title='bbox 408 2280 493 2322; x_wconf 93' lang='lat' dir='ltr'><strong>unum</strong></span> <span class='ocrx_word' id='word_1_208' title='bbox 510 2261 676 2339; x_wconf 87' lang='lat' dir='ltr'><strong>subtile,</strong></span> <span class='ocrx_word' id='word_1_209' title='bbox 702 2263 780 2343; x_wconf 93' lang='lat' dir='ltr'><strong>quod</strong></span> <span class='ocrx_word' id='word_1_210' title='bbox 796 2256 897 2342; x_wconf 78' lang='grc' dir='ltr'><strong><em>ἰσχνὸν</em></strong></span> <span class='ocrx_word' id='word_1_211' title='bbox 910 2272 1034 2339; x_wconf 89' lang='lat' dir='ltr'><strong>vocant,</strong></span> <span class='ocrx_word' id='word_1_212' title='bbox 1051 2263 1124 2322; x_wconf 87' lang='lat' dir='ltr'><strong>alte·</strong></span> 
     </span>
     <span class='ocr_line' id='line_1_26' title="bbox 114 2339 1124 2427; baseline -0.003 -19"><span class='ocrx_word' id='word_1_213' title='bbox 114 2367 178 2408; x_wconf 88' lang='lat' dir='ltr'><strong>rum</strong></span> <span class='ocrx_word' id='word_1_214' title='bbox 193 2350 334 2426; x_wconf 90' lang='lat' dir='ltr'><strong>grande</strong></span> <span class='ocrx_word' id='word_1_215' title='bbox 351 2355 437 2425; x_wconf 91' lang='lat' dir='ltr'><strong>atque</strong></span> <span class='ocrx_word' id='word_1_216' title='bbox 453 2345 660 2422; x_wconf 87' lang='lat' dir='ltr'><strong>robustum,</strong></span> <span class='ocrx_word' id='word_1_217' title='bbox 686 2347 764 2426; x_wconf 94' lang='lat' dir='ltr'><strong>quod</strong></span> <span class='ocrx_word' id='word_1_218' title='bbox 780 2339 875 2427; x_wconf 74' lang='lat' dir='ltr'><strong>cidpdb</strong></span> <span class='ocrx_word' id='word_1_219' title='bbox 891 2347 998 2422; x_wconf 92' lang='lat' dir='ltr'><strong>dicunt,</strong></span> <span class='ocrx_word' id='word_1_220' title='bbox 1017 2346 1124 2406; x_wconf 90' lang='lat' dir='ltr'><strong>consti·</strong></span> 
     </span>
     <span class='ocr_line' id='line_1_27' title="bbox 115 2430 1125 2508; baseline -0.004 -15"><span class='ocrx_word' id='word_1_221' title='bbox 115 2440 211 2499; x_wconf 89' lang='lat' dir='ltr'><strong>tuunt;</strong></span> <span class='ocrx_word' id='word_1_222' title='bbox 229 2433 345 2492; x_wconf 92' lang='lat' dir='ltr'><strong>tertium</strong></span> <span class='ocrx_word' id='word_1_223' title='bbox 360 2431 409 2492; x_wconf 92' lang='lat' dir='ltr'><strong>alii</strong></span> <span class='ocrx_word' id='word_1_224' title='bbox 423 2431 575 2491; x_wconf 89' lang='lat' dir='ltr'><strong>medium</strong></span> <span class='ocrx_word' id='word_1_225' title='bbox 592 2449 630 2491; x_wconf 85' lang='lat' dir='ltr'><strong>ex</strong></span> <span class='ocrx_word' id='word_1_226' title='bbox 645 2431 757 2491; x_wconf 94' lang='lat' dir='ltr'><strong>duobus</strong></span> <span class='ocrx_word' id='word_1_227' title='bbox 773 2430 822 2492; x_wconf 88' lang='lat' dir='ltr'><strong>alii</strong></span> <span class='ocrx_word' id='word_1_228' title='bbox 838 2431 1015 2491; x_wconf 89' lang='lat' dir='ltr'><strong>iloridum</strong></span> <span class='ocrx_word' id='word_1_229' title='bbox 1031 2430 1125 2508; x_wconf 87' lang='lat' dir='ltr'><strong>(nam-</strong></span> 
     </span>
     <span class='ocr_line' id='line_1_28' title="bbox 115 2506 1167 2598; baseline -0.002 -22"><span class='ocrx_word' id='word_1_230' title='bbox 115 2515 223 2598; x_wconf 88' lang='lat' dir='ltr'><strong>quaid</strong></span> <span class='ocrx_word' id='word_1_231' title='bbox 247 2506 386 2596; x_wconf 75' lang='grc' dir='ltr'><em>ἀνθηρὸν</em></span> <span class='ocrx_word' id='word_1_232' title='bbox 408 2515 571 2596; x_wconf 90' lang='lat' dir='ltr'><strong>appellant)</strong></span> <span class='ocrx_word' id='word_1_233' title='bbox 596 2515 777 2577; x_wconf 91' lang='lat' dir='ltr'><strong>addiderunt.</strong></span> <span class='ocrx_word' id='word_1_234' title='bbox 815 2514 943 2588; x_wconf 82' lang='lat' dir='ltr'><strong>Quorum</strong></span> <span class='ocrx_word' id='word_1_235' title='bbox 968 2523 1064 2574; x_wconf 90' lang='lat' dir='ltr'><strong>tamen</strong></span> <span class='ocrx_word' id='word_1_236' title='bbox 1091 2530 1167 2585; x_wconf 67' lang='lat' dir='ltr'><strong>eaeo</strong></span> 
     </span>
     <span class='ocr_line' id='line_1_29' title="bbox 114 2598 1124 2679; baseline -0.004 -18"><span class='ocrx_word' id='word_1_237' title='bbox 114 2601 179 2661; x_wconf 85' lang='lat' dir='ltr'><strong>iere</strong></span> <span class='ocrx_word' id='word_1_238' title='bbox 193 2603 266 2661; x_wconf 91' lang='lat' dir='ltr'><strong>ratio</strong></span> <span class='ocrx_word' id='word_1_239' title='bbox 283 2610 346 2676; x_wconf 89' lang='lat' dir='ltr'><strong>est,</strong></span> <span class='ocrx_word' id='word_1_240' title='bbox 370 2609 401 2660; x_wconf 94' lang='lat' dir='ltr'><strong>ut</strong></span> <span class='ocrx_word' id='word_1_241' title='bbox 416 2601 537 2679; x_wconf 93' lang='lat' dir='ltr'><strong>primum</strong></span> <span class='ocrx_word' id='word_1_242' title='bbox 553 2600 696 2676; x_wconf 91' lang='lat' dir='ltr'><strong>docendi,</strong></span> <span class='ocrx_word' id='word_1_243' title='bbox 722 2600 882 2660; x_wconf 87' lang='lat' dir='ltr'><strong>seeundum</strong></span> <span class='ocrx_word' id='word_1_244' title='bbox 897 2598 1049 2673; x_wconf 89' lang='lat' dir='ltr'><strong>movendi,</strong></span> <span class='ocrx_word' id='word_1_245' title='bbox 1066 2607 1124 2658; x_wconf 91' lang='lat' dir='ltr'><strong>ter·</strong></span> 
     </span>
     <span class='ocr_line' id='line_1_30' title="bbox 115 2681 1126 2763; baseline -0.004 -19"><span class='ocrx_word' id='word_1_246' title='bbox 115 2686 184 2744; x_wconf 91' lang='lat' dir='ltr'><strong>tium</strong></span> <span class='ocrx_word' id='word_1_247' title='bbox 211 2685 283 2746; x_wconf 95' lang='lat' dir='ltr'><strong>illud</strong></span> <span class='ocrx_word' id='word_1_248' title='bbox 311 2693 493 2763; x_wconf 91' lang='lat' dir='ltr'><strong>utrocunque</strong></span> <span class='ocrx_word' id='word_1_249' title='bbox 519 2686 634 2745; x_wconf 90' lang='lat' dir='ltr'><strong>nomine</strong></span> <span class='ocrx_word' id='word_1_250' title='bbox 664 2684 829 2744; x_wconf 91' lang='lat' dir='ltr'><strong>delectandi</strong></span> <span class='ocrx_word' id='word_1_251' title='bbox 860 2684 923 2745; x_wconf 87' lang='lat' dir='ltr'><strong>sive</strong></span> <span class='ocrx_word' id='word_1_252' title='bbox 950 2681 1126 2744; x_wconf 90' lang='lat' dir='ltr'><strong>conciliandi</strong></span> 
     </span>
     <span class='ocr_line' id='line_1_31' title="bbox 115 2767 1126 2847; baseline -0.002 -20"><span class='ocrx_word' id='word_1_253' title='bbox 115 2776 268 2847; x_wconf 90' lang='lat' dir='ltr'><strong>praestare</strong></span> <span class='ocrx_word' id='word_1_254' title='bbox 289 2769 422 2830; x_wconf 85' lang='lat' dir='ltr'><strong>videatur</strong></span> <span class='ocrx_word' id='word_1_255' title='bbox 446 2769 588 2838; x_wconf 67' lang='lat' dir='ltr'><strong>officium</strong></span> <span class='ocrx_word' id='word_1_256' title='bbox 611 2770 640 2829; x_wconf 95' lang='lat' dir='ltr'><strong>in</strong></span> <span class='ocrx_word' id='word_1_257' title='bbox 662 2768 797 2829; x_wconf 87' lang='lat' dir='ltr'><strong>docendo</strong></span> <span class='ocrx_word' id='word_1_258' title='bbox 819 2776 922 2829; x_wconf 91' lang='lat' dir='ltr'><strong>autem</strong></span> <span class='ocrx_word' id='word_1_259' title='bbox 938 2785 1075 2844; x_wconf 90' lang='lat' dir='ltr'><strong>acumen,</strong></span> <span class='ocrx_word' id='word_1_260' title='bbox 1097 2767 1126 2826; x_wconf 91' lang='lat' dir='ltr'><strong>in</strong></span> 
     </span>
     <span class='ocr_line' id='line_1_32' title="bbox 116 2850 1125 2930; baseline -0.002 -18"><span class='ocrx_word' id='word_1_261' title='bbox 116 2852 299 2914; x_wconf 87' lang='lat' dir='ltr'><strong>conciliando</strong></span> <span class='ocrx_word' id='word_1_262' title='bbox 322 2853 443 2928; x_wconf 92' lang='lat' dir='ltr'><strong>lenitas,</strong></span> <span class='ocrx_word' id='word_1_263' title='bbox 467 2854 495 2911; x_wconf 90' lang='lat' dir='ltr'><strong>in</strong></span> <span class='ocrx_word' id='word_1_264' title='bbox 515 2852 659 2913; x_wconf 88' lang='lat' dir='ltr'><strong>movendo</strong></span> <span class='ocrx_word' id='word_1_265' title='bbox 680 2855 724 2912; x_wconf 85' lang='lat' dir='ltr'><strong>vis</strong></span> <span class='ocrx_word' id='word_1_266' title='bbox 747 2854 826 2930; x_wconf 83' lang='lat' dir='ltr'><strong>exigi</strong></span> <span class='ocrx_word' id='word_1_267' title='bbox 849 2852 991 2913; x_wconf 89' lang='lat' dir='ltr'><strong>videatur.</strong></span> <span class='ocrx_word' id='word_1_268' title='bbox 1022 2850 1125 2930; x_wconf 89' lang='lat' dir='ltr'><strong>ltaque</strong></span> 
     </span>
     <span class='ocr_line' id='line_1_33' title="bbox 115 2936 1124 3017; baseline -0.003 -21"><span class='ocrx_word' id='word_1_269' title='bbox 115 2936 168 2996; x_wconf 96' lang='lat' dir='ltr'><strong>illo</strong></span> <span class='ocrx_word' id='word_1_270' title='bbox 190 2937 288 2997; x_wconf 91' lang='lat' dir='ltr'><strong>subtili</strong></span> <span class='ocrx_word' id='word_1_271' title='bbox 309 2938 468 3016; x_wconf 90' lang='lat' dir='ltr'><strong>praecipue</strong></span> <span class='ocrx_word' id='word_1_272' title='bbox 490 2937 564 2997; x_wconf 91' lang='lat' dir='ltr'><strong>ratio</strong></span> <span class='ocrx_word' id='word_1_273' title='bbox 589 2937 723 2997; x_wconf 90' lang='lat' dir='ltr'><strong>narrandi</strong></span> <span class='ocrx_word' id='word_1_274' title='bbox 745 2936 948 3017; x_wconf 85' lang='lat' dir='ltr'><strong>probandique</strong></span> <span class='ocrx_word' id='word_1_275' title='bbox 971 2937 1124 3010; x_wconf 91' lang='lat' dir='ltr'><strong>consistet,</strong></span> 
     </span>
     <span class='ocr_line' id='line_1_34' title="bbox 116 3019 1125 3099; baseline 0 -20"><span class='ocrx_word' id='word_1_276' title='bbox 116 3019 169 3079; x_wconf 90' lang='lat' dir='ltr'><strong>sed</strong></span> <span class='ocrx_word' id='word_1_277' title='bbox 193 3020 271 3099; x_wconf 94' lang='lat' dir='ltr'><strong>quod</strong></span> <span class='ocrx_word' id='word_1_278' title='bbox 292 3023 378 3081; x_wconf 87' lang='lat' dir='ltr'><strong>etiam</strong></span> <span class='ocrx_word' id='word_1_279' title='bbox 399 3021 538 3082; x_wconf 88' lang='lat' dir='ltr'><strong>detractis</strong></span> <span class='ocrx_word' id='word_1_280' title='bbox 561 3023 669 3080; x_wconf 87' lang='lat' dir='ltr'><strong>ceteris</strong></span> <span class='ocrx_word' id='word_1_281' title='bbox 690 3021 845 3081; x_wconf 90' lang='lat' dir='ltr'><strong>virtutibus</strong></span> <span class='ocrx_word' id='word_1_282' title='bbox 863 3038 916 3081; x_wconf 87' lang='lat' dir='ltr'><strong>suo</strong></span> <span class='ocrx_word' id='word_1_283' title='bbox 933 3037 1046 3098; x_wconf 90' lang='lat' dir='ltr'><strong>genere</strong></span> <span class='ocrx_word' id='word_1_284' title='bbox 1062 3019 1125 3098; x_wconf 92' lang='lat' dir='ltr'><strong>ple·</strong></span> 
     </span>
     <span class='ocr_line' id='line_1_35' title="bbox 115 3101 1169 3180; baseline 0.002 -18"><span class='ocrx_word' id='word_1_285' title='bbox 115 3121 192 3162; x_wconf 92' lang='lat' dir='ltr'><strong>num.</strong></span> <span class='ocrx_word' id='word_1_286' title='bbox 224 3101 336 3165; x_wconf 85' lang='lat' dir='ltr'><strong>Medius</strong></span> <span class='ocrx_word' id='word_1_287' title='bbox 352 3105 400 3164; x_wconf 92' lang='lat' dir='ltr'><strong>bic</strong></span> <span class='ocrx_word' id='word_1_288' title='bbox 415 3104 518 3164; x_wconf 89' lang='lat' dir='ltr'><strong>modus</strong></span> <span class='ocrx_word' id='word_1_289' title='bbox 535 3112 564 3164; x_wconf 90' lang='lat' dir='ltr'><strong>et</strong></span> <span class='ocrx_word' id='word_1_290' title='bbox 578 3104 815 3165; x_wconf 90' lang='lat' dir='ltr'><strong>translationibus</strong></span> <span class='ocrx_word' id='word_1_291' title='bbox 832 3104 964 3166; x_wconf 88' lang='lat' dir='ltr'><strong>crebrior</strong></span> <span class='ocrx_word' id='word_1_292' title='bbox 981 3113 1009 3164; x_wconf 91' lang='lat' dir='ltr'><strong>et</strong></span> <span class='ocrx_word' id='word_1_293' title='bbox 1022 3103 1169 3180; x_wconf 81' lang='lat' dir='ltr'><strong>¹ligurisbo</strong></span> 
     </span>
     <span class='ocr_line' id='line_1_36' title="bbox 117 3187 1124 3268; baseline 0 -22"><span class='ocrx_word' id='word_1_294' title='bbox 117 3187 174 3246; x_wconf 92' lang='lat' dir='ltr'><strong>erit</strong></span> <span class='ocrx_word' id='word_1_295' title='bbox 188 3187 358 3263; x_wconf 88' lang='lat' dir='ltr'><strong>iucundior,</strong></span> <span class='ocrx_word' id='word_1_296' title='bbox 384 3188 603 3266; x_wconf 79' lang='lat' dir='ltr'><strong>egressionibus</strong></span> <span class='ocrx_word' id='word_1_297' title='bbox 620 3206 775 3266; x_wconf 87' lang='lat' dir='ltr'><strong>amoenus,</strong></span> <span class='ocrx_word' id='word_1_298' title='bbox 798 3191 1012 3268; x_wconf 89' lang='lat' dir='ltr'><strong>compositione</strong></span> <span class='ocrx_word' id='word_1_299' title='bbox 1028 3196 1124 3265; x_wconf 90' lang='lat' dir='ltr'><strong>aptus,</strong></span> 
     </span>
     <span class='ocr_line' id='line_1_37' title="bbox 117 3270 1126 3352; baseline -0.001 -21"><span class='ocrx_word' id='word_1_300' title='bbox 117 3272 269 3331; x_wconf 88' lang='lat' dir='ltr'><strong>sententiis</strong></span> <span class='ocrx_word' id='word_1_301' title='bbox 288 3271 398 3347; x_wconf 88' lang='lat' dir='ltr'><strong>duleis,</strong></span> <span class='ocrx_word' id='word_1_302' title='bbox 425 3272 520 3333; x_wconf 91' lang='lat' dir='ltr'><strong>lenior</strong></span> <span class='ocrx_word' id='word_1_303' title='bbox 541 3281 636 3333; x_wconf 90' lang='lat' dir='ltr'><strong>tamen</strong></span> <span class='ocrx_word' id='word_1_304' title='bbox 657 3282 689 3334; x_wconf 92' lang='lat' dir='ltr'><strong>ut</strong></span> <span class='ocrx_word' id='word_1_305' title='bbox 705 3274 795 3334; x_wconf 91' lang='lat' dir='ltr'><strong>amnis</strong></span> <span class='ocrx_word' id='word_1_306' title='bbox 811 3273 923 3334; x_wconf 90' lang='lat' dir='ltr'><strong>lucidus</strong></span> <span class='ocrx_word' id='word_1_307' title='bbox 940 3273 1057 3352; x_wconf 93' lang='lat' dir='ltr'><strong>quidem</strong></span> <span class='ocrx_word' id='word_1_308' title='bbox 1072 3270 1126 3331; x_wconf 92' lang='lat' dir='ltr'><strong>sed</strong></span> 
     </span>
     <span class='ocr_line' id='line_1_38' title="bbox 116 3355 1163 3436; baseline 0.001 -20"><span class='ocrx_word' id='word_1_309' title='bbox 116 3355 277 3416; x_wconf 88' lang='lat' dir='ltr'><strong>virentibus</strong></span> <span class='ocrx_word' id='word_1_310' title='bbox 299 3356 433 3435; x_wconf 90' lang='lat' dir='ltr'><strong>utrinque</strong></span> <span class='ocrx_word' id='word_1_311' title='bbox 455 3358 576 3436; x_wconf 88' lang='lat' dir='ltr'><strong>sepibus</strong></span> <span class='ocrx_word' id='word_1_312' title='bbox 600 3357 786 3419; x_wconf 85' lang='lat' dir='ltr'><strong>inumbratos.</strong></span> <span class='ocrx_word' id='word_1_313' title='bbox 823 3358 862 3418; x_wconf 80' lang='lat' dir='ltr'><strong>At</strong></span> <span class='ocrx_word' id='word_1_314' title='bbox 884 3357 952 3434; x_wconf 87' lang='lat' dir='ltr'><strong>ille,</strong></span> <span class='ocrx_word' id='word_1_315' title='bbox 982 3359 1030 3436; x_wconf 92' lang='lat' dir='ltr'><strong>qui</strong></span> <span class='ocrx_word' id='word_1_316' title='bbox 1055 3364 1163 3420; x_wconf 80' lang='lat' dir='ltr'><strong>saxabl</strong></span> 
     </span>
     <span class='ocr_line' id='line_1_39' title="bbox 117 3439 1126 3523; baseline -0.003 -21"><span class='ocrx_word' id='word_1_317' title='bbox 117 3439 258 3502; x_wconf 86' lang='lat' dir='ltr'><strong>devolvat</strong></span> <span class='ocrx_word' id='word_1_318' title='bbox 275 3450 304 3500; x_wconf 90' lang='lat' dir='ltr'><strong>et</strong></span> <span class='ocrx_word' id='word_1_319' title='bbox 315 3450 437 3520; x_wconf 84' lang='lat' dir='ltr'><strong>pontem</strong></span> <span class='ocrx_word' id='word_1_320' title='bbox 451 3443 629 3523; x_wconf 76' lang='lat' dir='ltr'><strong>indignetur</strong></span> <span class='ocrx_word' id='word_1_321' title='bbox 644 3453 674 3504; x_wconf 92' lang='lat' dir='ltr'><strong>et</strong></span> <span class='ocrx_word' id='word_1_322' title='bbox 688 3445 767 3522; x_wconf 91' lang='lat' dir='ltr'><strong>ripas</strong></span> <span class='ocrx_word' id='word_1_323' title='bbox 783 3442 838 3503; x_wconf 92' lang='lat' dir='ltr'><strong>sibi</strong></span> <span class='ocrx_word' id='word_1_324' title='bbox 853 3442 958 3521; x_wconf 89' lang='lat' dir='ltr'><strong>iaciat,</strong></span> <span class='ocrx_word' id='word_1_325' title='bbox 974 3441 1081 3502; x_wconf 91' lang='lat' dir='ltr'><strong>multus</strong></span> <span class='ocrx_word' id='word_1_326' title='bbox 1096 3449 1126 3500; x_wconf 88' lang='lat' dir='ltr'><strong>et</strong></span> 
     </span>
    </p>
   </div>
   <div class='ocr_carea' id='block_1_4' title="bbox 0 0 1293 4026">
    <p class='ocr_par' dir='ltr' id='par_1_5' title="bbox 0 0 1293 4026">
     <span class='ocr_line' id='line_1_40' title="bbox 0 0 1293 4026; baseline 0 0"><span class='ocrx_word' id='word_1_327' title='bbox 0 0 1293 4026; x_wconf 95' lang='lat' dir='ltr'><strong> </strong></span> 
     </span>
    </p>
   </div>
  </div>
 </body>
</html>
