2566 4026
394 157 483 204 nasu.
497 156 646 204 onnron.
659 157 728 204 nro.
742 158 801 224 vn,
816 157 841 207 1.
1107 150 1128 211 7

118 314 236 394 publica
251 315 347 374 inerit.
392 309 599 371 Necessitate?
623 311 717 371 subita
732 311 819 388 igitur
833 330 945 390 pugna,
968 332 1026 375 uon
1041 335 1126 394 prac-

118 408 232 477 parata;
256 399 330 458 alter
351 398 439 474 igitur
460 396 609 456 insidiatus
633 404 687 455 est.
725 393 819 455 Uter?
838 395 976 457 Proiecto
994 397 1124 462 clodius.

117 483 264 558 Videsne,
286 493 317 542 ut
334 483 398 559 ipsa
419 498 515 539 rerum
532 481 695 540 necessitas
711 479 836 540 deducat
852 479 887 539 ad
904 481 1126 546 defensionem?

117 566 239 627 Adhuc:
262 566 320 627 Aut
335 567 434 643 utique
449 564 541 623 voluit
557 565 695 624 occidere
712 565 910 624 insidiatorem
926 562 1058 627 Glodium
1079 580 1171 637 aut36

117 668 185 709 non.
231 650 348 725 Tutius,
367 646 393 708 si
408 648 509 707 noluit.
554 646 700 708 Fecerunt
716 665 788 724 ergo
804 650 882 708 servi
898 647 1014 710 Milonis
1029 671 1125 731 neque

117 734 236 794 iubente
254 752 349 813 neque
368 734 479 792 sciente
497 731 615 792 Milone.
660 732 700 793 At
714 731 788 792 baec
804 740 860 793 tam
878 733 974 795 timida
992 735 1124 797 defensio

118 819 242 879 detrahit
271 820 472 878 auctoritatem
498 816 556 892 illi,
589 834 646 895 qua
675 825 757 876 recte
788 816 954 878 dicebamus
984 822 1123 881 occisum.

116 901 293 962 Adiicietur:
317 901 405 975 Quod
419 921 491 963 scos
507 903 635 979 quicque
651 920 757 963 aereos
777 904 810 963 in
829 902 884 965 tuti
902 921 937 963 rc
948 904 1058 981 facere
1072 915 1168 971 tto-8?

116 988 231 1048 luisset.
275 986 339 1050 Hoc
360 1004 395 1046 eo
415 995 460 1045 est
475 985 590 1061 utilius,
613 985 690 1064 quod
706 1003 796 1064 saepe
814 985 885 1046 nihil
902 986 1000 1064 placet
1021 999 1049 1048 et
1073 990 1124 1051 ali·

117 1071 185 1149 quid
208 1071 359 1131 dicendum
388 1079 441 1129 est.
487 1068 650 1129 intueamur
674 1087 746 1147 ergo
774 1071 883 1130 omnia:
913 1072 952 1131 ita
973 1074 1125 1151 apparebit

116 1155 225 1230 antid,
244 1156 321 1233 quod
338 1157 475 1234 optimum
492 1162 552 1229 est,
570 1162 617 1213 aut
631 1154 675 1229 id,
691 1155 768 1232 quod
783 1155 897 1213 minime
912 1155 1026 1215 malum.
1054 1157 1123 1218 Pro-

116 1239 262 1315 positione
287 1240 441 1317 aliquando
463 1239 622 1298 adversarii
636 1239 772 1298 utendum
788 1247 818 1298 et
839 1257 907 1298 esse
923 1257 1124 1320 nonnunquam

117 1340 296 1382 communem
315 1342 395 1399 eam,
413 1340 465 1381 suo
484 1322 552 1381 loco
568 1322 674 1382 dictum
691 1331 745 1381 est.

202 1407 299 1466 lllultis
315 1407 428 1467 milibus
444 1424 580 1465 versuum
596 1407 658 1465 scio
674 1406 750 1484 apud
768 1406 909 1484 quosdam
926 1426 993 1467 esse
1010 1413 1124 1487 quaesi·

117 1499 196 1566 tum,
215 1492 360 1569 quomodo
375 1491 583 1566 inveniremus,
606 1498 669 1549 utra
686 1508 754 1568 pars
772 1488 895 1550 deberet
912 1492 993 1569 prior
1008 1494 1122 1563 dicere;

116 1575 195 1654 quod
212 1576 240 1633 in
261 1575 327 1634 ioro
342 1576 392 1635 vel
410 1576 562 1634 atrocitate
583 1575 770 1634 formularum
785 1574 835 1634 vel
850 1575 937 1635 modo
953 1578 1124 1655 petitionum

115 1659 165 1718 vel
180 1660 336 1719 novissime
354 1669 433 1718 sorte
450 1658 628 1719 diiudicatur.
674 1658 706 1718 ln
723 1658 824 1719 schola
841 1662 941 1738 quaeri
965 1660 1035 1720 nihil
1061 1664 1168 1724 atti-38

116 1752 184 1818 net,
217 1762 281 1802 cum
309 1744 337 1802 in
367 1743 624 1803 declamationibus
649 1743 751 1803 iisdem
778 1760 896 1803 narrare
924 1754 954 1804 et
980 1746 1123 1806 contradi·

104 1820 229 1886 'ctiones
252 1827 369 1887 solvere
391 1837 448 1887 tam
472 1827 507 1887 ab
529 1836 630 1890 actore
654 1845 738 1905 quam
757 1847 773 1887 a
798 1845 976 1906 possessore
1000 1847 1122 1890 conces-

115 1913 244 1970 sumsit.
291 1911 349 1971 Sed
373 1913 401 1970 in
422 1912 552 1990 plurimis
577 1913 785 1972 controversiis
806 1931 843 1971 ne
865 1913 986 1972 inveniri
1008 1916 1123 1992 quidem

114 2003 227 2075 potest:
248 2004 279 2054 ut
294 1998 323 2054 in
338 1996 406 2072 illa,
425 1994 485 2068 Qut
499 1997 850 2073 pestilentisima,
869 2005 1041 2075 oratorem,
1054 2001 1123 2078 pbi-

113 2080 285 2157 tosoptam,
308 2080 477 2157 medicum,
510 2088 687 2141 testamento
711 2080 861 2159 quattuor?
877 2088 984 2160 paries
999 2083 1073 2161 fecit
1096 2093 1124 2145 ct

112 2164 252 2242 stapulas
266 2165 396 2243 ainpnlia
417 2165 518 2238 dedit,
544 2183 638 2225 unam
659 2165 725 2225 eitts
746 2184 813 2226 csse
829 2167 938 2240 coluit,
966 2169 1019 2244 qai
1044 2175 1124 2230 estet

113 2248 293 2309 utilissimus
316 2250 441 2309 civitati.
488 2244 685 2317 contendunt3
710 2249 773 2325 quis
790 2250 898 2326 primus
914 2249 1006 2327 dicat,
1027 2252 1166 2313 incer-*39

113 2341 172 2391 tum
192 2339 247 2407 est,
264 2333 427 2411 propositio
447 2341 542 2391 tamen
558 2339 648 2390 certa.
694 2330 792 2390 Abeo
811 2337 896 2408 enim,
921 2335 1001 2392 cuius
1019 2352 1122 2411 perso-

113 2433 179 2474 nam
201 2416 359 2492 tuebimur,
383 2416 575 2494 incipiendum
600 2417 663 2474 erit.
709 2414 746 2474 Et
769 2414 843 2474 haec
861 2417 976 2493 quidem
999 2417 1035 2476 de
1052 2417 1122 2477 divi-

113 2499 208 2559 dendo
223 2501 251 2559 in
266 2503 430 2560 universum
446 2500 577 2578 praecipi
595 2508 726 2577 possunt.

199 2583 238 2644 At
262 2587 406 2663 quomodo
432 2586 610 2644 inveniemus
632 2585 716 2642 etiam
740 2583 806 2643 illas
830 2583 1008 2643 occultiores
1035 2592 1167 2662 quae-40

113 2666 247 2727 stiones?
267 2670 398 2744 scilicet,
416 2668 561 2747 quomodo
579 2669 752 2744 sententias,
774 2667 880 2743 verba,
899 2667 1023 2745 figuras,
1041 2668 1122 2728 colo-

114 2770 179 2811 res:
202 2754 338 2829 iugenio,
356 2772 441 2829 cura,
459 2755 679 2812 exercitatione.
724 2752 790 2811 Nou
805 2762 900 2812 tamen
915 2753 978 2812 iere
999 2770 1122 2831 unquam

114 2837 169 2894 nisi
185 2837 393 2915 imprudentem
410 2839 553 2915 lugerint,
571 2839 612 2912 si,
632 2846 662 2896 ut
678 2837 752 2912 dixi,
770 2846 900 2897 naturam
920 2838 1004 2915 sequi
1020 2836 1122 2896 ducem

113 2919 194 2978 velit.
240 2922 299 2980 Sed
315 2921 450 3000 plerique
473 2922 659 2999 eloquentiae
681 2921 784 2981 famam
804 2921 976 2981 affectantes
995 2921 1122 2981 conteuti
1131 2928 1164 2983 41

114 3013 179 3063 sunt
197 3004 270 3064 locis
287 3007 430 3084 speciosis
446 3007 532 3066 modo
546 3005 596 3064 vel
611 3005 681 3065 nihil
697 3004 950 3084 adprobationem
969 3006 1121 3066 conferen-

113 3088 199 3147 tibus.
245 3089 319 3167 Alii,
345 3090 415 3149 nibil
436 3091 511 3150 ultra
533 3108 583 3165 ea,
610 3107 684 3167 quae
707 3090 735 3148 in
757 3089 859 3150 oculos
879 3091 1044 3165 incurrunt,
1072 3108 1122 3150 ex·

114 3173 300 3251 quirendum,
326 3183 435 3251 putant.
487 3173 572 3247 Quod
593 3191 651 3251 quo
674 3173 788 3233 iacilius
805 3183 963 3253 appareat:
986 3191 1070 3233 unam
1085 3175 1122 3234 de

114 3258 216 3317 schola
233 3259 479 3333 controversiam,
502 3275 560 3319 non
583 3260 622 3318 ita
638 3276 708 3318 sane
726 3258 923 3318 difficillimam
943 3267 991 3318 aut
1006 3275 1121 3334 novam,

114 3359 275 3421 proponam
295 3343 324 3400 in
349 3342 523 3420 exemplum.
584 3341 643 3415 Qui
668 3362 721 3404 reo
746 3344 931 3421 proditionis
951 3345 1038 3422 poni
1063 3349 1166 3405 aonii

114 3426 252 3508 efficerit,
275 3427 405 3489 caderes
419 3429 467 3488 sit.
507 3425 693 3489 Proditionis
707 3429 873 3489 damnatus
888 3447 957 3490 cam
972 3428 1124 3490 advocato
