2566 4026
212 184 271 276 188
520 199 557 246 n.
580 198 658 245 rna.
682 197 902 258 columnam

212 363 341 435 quartam
368 353 542 413 elocutionis
564 351 669 413 Cicero
698 353 894 428 demonstrat,
924 371 1058 432 quaeque
1083 362 1127 412 est
1150 371 1220 413 meo

182 438 330 519 equidem
356 438 462 497 iudicio
486 439 609 497 maxime
633 438 810 496 necessaria.
844 435 916 496 Nam
946 455 1009 496 cum
1036 437 1073 495 sit
1099 446 1220 497 ornatus

211 523 350 582 orationis
376 523 473 581 varius
501 529 529 580 et
555 521 706 600 multiplex
731 522 943 599 conveniatque
967 522 1040 581 alius
1067 520 1134 580 alii:
1162 521 1221 579 uisi

210 607 298 666 fuerit
321 605 557 665 accommodatus
578 605 667 664 rebus
688 613 774 683 atque
798 606 947 682 personis,
970 623 1028 664 non
1051 604 1137 663 modo
1159 623 1220 663 non

210 690 366 750 illustrabit
382 707 445 750 eam
458 689 509 748 sed
526 691 611 749 etiam
628 689 758 748 destruet
772 697 801 748 et
817 689 873 747 vim
889 707 985 748 rerum
998 691 1025 748 in
1043 691 1219 748 contrarium

210 783 315 834 vertet.
350 772 424 846 Quid
441 775 515 832 enim
533 773 670 851 prodest,
695 790 762 832 esse
785 773 876 834 verba
900 781 929 832 et
944 772 1042 832 Latina
1061 783 1090 832 et
1105 772 1217 849 siguifi-

212 859 316 930 cantia,
334 876 401 917 esse
418 866 446 916 et
461 857 549 917 nitida
565 857 665 936 liguris
681 858 767 917 etiam
781 858 966 936 numerisque
984 857 1145 932 elaborata,
1162 857 1219 914 nisi

211 960 275 1003 cum
293 943 344 1018 iis,
367 944 395 1000 in
411 959 485 1021 quae
501 941 626 1000 iudicem
643 940 708 1000 duci
724 940 901 1019 formarique
916 941 1066 1016 volumus,
1092 958 1218 1000 eonsen-

182 1027 295 1091 etiam:
331 1026 354 1084 si
379 1044 471 1103 genus
495 1024 617 1084 sublime
640 1024 754 1084 dicendi
782 1027 879 1104 parvis
904 1025 932 1084 in
958 1027 1068 1100 causis,
1096 1043 1218 1102 parvum

210 1111 395 1189 limatumque
411 1109 584 1186 grandibus,
601 1109 707 1169 laetum
723 1109 868 1184 tristibus,
884 1109 952 1169 lene
972 1110 1102 1186 asperis,
1120 1111 1218 1168 minax

210 1193 406 1272 supplicibus,
431 1195 611 1252 summissum
628 1193 796 1269 concitatis,
813 1202 879 1253 trux
895 1202 981 1272 atque
998 1192 1157 1252 violentum
1175 1195 1216 1251 iu·

211 1278 311 1336 cundis
339 1275 547 1338 adhibeamus?
580 1276 618 1337 Ut
643 1276 796 1336 monilibus
826 1285 855 1336 et
881 1278 1044 1353 margaritis
1070 1295 1105 1336 ac
1132 1285 1217 1334 veste

211 1363 313 1438 longa,
341 1380 415 1440 quae
441 1370 511 1421 sunt·
526 1370 693 1421 ornamenta
714 1361 899 1435 feminarum,
925 1361 1123 1420 deformentur
1145 1361 1216 1427 viri;

210 1464 266 1506 nec
280 1445 393 1505 habitus
408 1445 598 1524 triumphalia,
615 1462 673 1523 quo
688 1445 758 1505 nihil
771 1445 933 1522 excogitari
946 1453 1042 1523 potest
1055 1446 1216 1521 augustius,

181 1531 332 1590 dfeminas
356 1531 470 1589 deceat.
501 1529 583 1589 llune
609 1529 705 1589 locum
727 1526 833 1588 Cicero
861 1529 989 1587 breviter
1012 1531 1039 1587 in
1064 1529 1151 1587 tertio
1177 1527 1216 1586 de

211 1612 334 1673 Oratore
358 1613 433 1673 libro
460 1615 643 1692 perstringit,
670 1631 766 1693 neque
787 1622 883 1673 tamen
903 1613 996 1672 videri
1018 1620 1117 1691 potest
1134 1612 1216 1690 quid·

211 1715 295 1776 quam
312 1699 445 1756 omisisse
471 1699 614 1773 dicendo,
635 1717 695 1758 nore
719 1699 800 1758 omrai
827 1715 944 1759 eaesae
963 1715 1062 1775 neque
1079 1696 1218 1757 auditori

209 1798 308 1858 oeque
324 1799 479 1859 personae
499 1799 597 1860 oeque
616 1783 746 1860 tempori
766 1800 936 1859 congruere
956 1781 1106 1842 orationis
1121 1799 1217 1840 enum

209 1883 315 1944 peaes,
348 1863 411 1923 Nec
432 1865 497 1924 iere
523 1865 654 1944 pluribus
681 1867 709 1924 in
730 1864 854 1926 Oratore
882 1866 992 1925 eadem.
1024 1865 1084 1925 Sed
1105 1865 1167 1924 illic
1183 1863 1215 1922 L.

212 1945 352 2024 Crassus,
378 1966 442 2007 cum
465 1949 540 2027 apud
557 1967 683 2009 summos
700 1959 832 2010 oratores
848 1950 1038 2028 hominesque
1055 1948 1215 2008 eruditissi-

210 2050 273 2091 mos
290 2032 376 2108 dieat,
393 2033 464 2092 satis
478 2032 584 2109 habet,
603 2043 715 2112 partem
731 2034 805 2094 hanc
819 2034 901 2094 velut
915 2043 1017 2093 notare
1033 2035 1107 2091 inter
1125 2049 1216 2108 agno-

182 2122 343 2185 5soentes;
369 2125 398 2176 et
418 2116 466 2176 hic
489 2115 594 2177 Cicero
616 2118 770 2197 alloquens
785 2118 900 2178 Brutum
918 2126 1040 2178 testatur
1057 2134 1124 2175 esse
1141 2115 1217 2174 haec

212 2201 239 2260 ei
255 2209 322 2260 nota
343 2202 470 2280 ideoque
486 2202 603 2261 brevius
620 2220 635 2262 a
653 2221 686 2262 se
703 2203 776 2278 dici,
804 2221 965 2281 quanquam
983 2203 1019 2260 sit
1034 2201 1115 2260 lusus
1132 2200 1216 2258 locus

210 2293 407 2364 tracteturque
423 2304 439 2345 a
455 2286 638 2364 philosophis
654 2287 749 2346 latius.
782 2284 844 2344 Nos
867 2287 1072 2346 institutionem
1088 2284 1216 2362 professi

211 2385 269 2428 uon
295 2369 387 2428 solum
415 2370 573 2429 scientibus
598 2371 652 2429 ista
676 2369 729 2429 sed
757 2371 842 2428 etiam
865 2369 1044 2430 discentibus
1065 2368 1216 2443 tradimus,

210 2453 338 2532 ideoque
356 2453 444 2532 paulo
463 2453 594 2532 pluribus
610 2453 709 2513 verbis
726 2452 816 2512 debet
834 2453 935 2514 haberi
952 2454 1046 2513 venia.

183 2542 200 2596 6
297 2535 395 2609 Quare
416 2545 513 2596 uotum
536 2538 572 2596 sit
595 2537 679 2596 nobis
700 2545 765 2596 ante
789 2539 900 2613 omnia,
927 2537 995 2616 quid
1019 2536 1215 2612 conciliando,

212 2619 363 2696 docendo,
379 2621 523 2680 movendo
539 2621 624 2680 iudici
642 2621 811 2689 conveniat;
835 2621 902 2700 quid
919 2639 1033 2699 quaque
1050 2629 1133 2699 parte
1151 2638 1211 2680 ora·

210 2706 298 2764 tionis
325 2713 466 2783 petamus.
508 2703 550 2764 lta
581 2723 676 2783 neque
703 2714 804 2764 vetera
838 2713 885 2765 aut
912 2705 1051 2764 translata
1077 2713 1124 2763 aut
1149 2704 1213 2763 ficto

210 2789 302 2848 verba
330 2789 358 2846 in
384 2789 566 2867 incipiendo,
593 2789 752 2864 narrando,
781 2790 1007 2866 argumentando
1030 2788 1215 2848 tractabimus

211 2891 307 2953 neque
329 2872 519 2933 decurrentes
541 2882 679 2933 contexto
701 2875 795 2932 nitore
817 2875 969 2948 circuitus,
990 2872 1039 2931 ubi
1063 2871 1216 2933 dividenda

212 2958 267 3016 erit
288 2975 375 3017 causa
392 2965 421 3016 et
436 2958 464 3016 in
484 2966 584 3036 partes
602 2976 668 3017 suas
687 2958 862 3035 digerenda,
889 2975 985 3036 neque
1003 2956 1110 3016 humile
1129 2965 1216 3035 atque

212 3041 386 3101 cotidianum
409 3042 552 3101 sermonis
574 3060 668 3118 genus
693 3051 721 3101 et
739 3043 950 3119 compositione
966 3043 1029 3119 ipsa
1046 3039 1217 3100 dissolutum

213 3125 339 3203 epilogis
360 3125 489 3186 dabimus
510 3144 566 3185 uec
588 3126 661 3186 iocis
683 3126 832 3202 lacrimas,
859 3125 907 3185 ubi
931 3143 1006 3204 opus
1025 3127 1080 3184 erit
1096 3124 1216 3182 misera·

184 3209 301 3285 itione,
317 3210 501 3270 siccabimus.
525 3209 598 3269 Nam
615 3219 732 3269 ornatus
748 3210 841 3269 omnis
856 3226 914 3269 uon
929 3219 985 3269 tam
998 3227 1049 3269 sua
1065 3226 1150 3287 quam
1161 3207 1216 3282 rei,

213 3294 258 3351 cui
274 3292 436 3370 adhibetur,
454 3294 626 3354 condicione
642 3303 768 3363 constat;
785 3312 842 3353 nec
857 3294 922 3372 plus
934 3294 1038 3368 refert,
1057 3291 1124 3371 quid
1137 3291 1217 3350 dicas

212 3393 296 3454 quam
312 3394 369 3455 quo
385 3378 462 3438 loco.
496 3379 556 3438 Sed
571 3387 661 3438 totum
679 3378 736 3437 hoc
751 3387 818 3457 apte
841 3378 941 3438 dicere
962 3395 1019 3436 non
1042 3375 1218 3437 elocutionis

114 3542 117 3547 Ι
210 3467 317 3518 tantum
329 3478 440 3539 genere
454 3471 567 3522 constat
579 3462 631 3522 sed
647 3471 692 3522 est
707 3481 770 3521 cum
782 3463 949 3522 inventione
963 3478 1123 3521 commuue.
1146 3458 1217 3518 Nam
