2566 4026
142 153 203 214 226
464 165 825 224 m.rso.ourur1nmnr

141 323 292 401 pecuniam
306 337 385 381 suam
400 319 530 398 pluribus
546 319 683 397 largitur,
706 320 761 395 ita,
785 336 859 396 quae
878 320 1007 381 forman.
1045 322 1146 383 Verba

142 406 249 465 suntin
265 404 309 464 his
326 404 428 463 similia
443 406 601 465 uetustatis
616 412 645 462 et
661 403 845 482 lorpitiouis,
864 405 907 461 vis
924 406 1040 484 quidem
1055 406 1145 484 longe

99 499 132 555 27
140 490 256 550 diversa
269 488 431 568 [pecuniae
443 496 472 546 et
485 487 662 564 couciliuel.
686 484 787 564 ltaque
799 488 828 545 iu
839 486 1145 564 htcgeneremaxime

142 574 304 651 quaeritur,
328 589 363 631 an
380 571 474 631 simile
490 572 543 647 sit,
565 568 642 651 quod
657 569 788 629 infertur.
828 569 922 630 Etiam
938 573 1040 634 inillis
1056 575 1144 634 inter·

141 655 339 733 rogationibus
363 655 509 730 Socratis,
539 670 657 734 quarum
678 652 765 732 paulo
787 663 852 712 ante
876 655 934 714 ieci
957 658 1143 718 mentionem.

142 740 315 814 cavendum,
344 757 380 797 ne
403 740 518 798 incaute
541 737 736 817 respondeam
766 745 797 795 ut
816 738 892 816 apud
907 737 1075 802 Aeschinen
1090 743 1143 802 Su-

142 824 279 882 crutioum
300 821 375 882 male
396 822 546 900 respondit
565 821 709 899 Aspasiae
730 819 934 901 Xenophontis
950 842 1042 900 uxor,
1066 825 1143 904 quod

97 902 246 969 280icero
263 907 307 966 his
322 905 421 965 verbis
437 905 591 966 transfert:
613 904 673 966 Dic
687 906 777 981 mibi,
794 922 922 984 quaeso,
939 906 1145 986 Xenophontis

140 1008 229 1066 uuor,
246 993 274 1051 si
289 991 393 1051 ciciuu
410 999 463 1051 tuu
477 990 585 1051 melius
600 990 713 1050 iubeat
728 1008 855 1067 curum,
874 988 967 1067 quani
982 1002 1014 1054 tu
1028 993 1144 1054 iubes:

140 1082 280 1135 utrumne
303 1073 387 1135 illius
406 1092 447 1134 uu
470 1082 552 1135 tuum
572 1074 683 1134 mulis?
725 1071 829 1150 lilius,
859 1074 966 1152 iuquit.
1012 1073 1145 1149 Quidsi
1182 1072 1184 1076 '

140 1165 254 1219 certem
265 1165 293 1219 et
304 1165 439 1219 ceterum
449 1165 591 1220 crucium
601 1156 776 1218 muliebrem
782 1159 877 1236 pretii
886 1160 1144 1236 maiorisbcbect,

141 1258 233 1320 quum
253 1249 286 1302 tu
305 1242 417 1303 bobes:
441 1250 564 1303 tuumue
579 1258 621 1301 uu
636 1241 720 1302 illius
734 1243 846 1302 mulis?
879 1240 967 1304 lilius
981 1261 1070 1320 cero,
1093 1262 1144 1304 re-

139 1327 272 1406 spondit.
315 1322 356 1384 dt
377 1326 468 1403 cedo,
491 1326 605 1403 iuquit,
627 1325 768 1387 sicia-um
782 1326 837 1386 iliu
851 1328 1005 1388 meliorem
1020 1327 1144 1402 iubeat,

98 1417 132 1471 29
141 1427 233 1489 quum
248 1417 280 1471 tu
295 1407 405 1470 bubos:
427 1416 568 1469 utrumne
583 1415 664 1469 tuum
678 1410 777 1468 uirum
792 1411 881 1471 mulis
898 1429 939 1470 uu
955 1413 1059 1472 iliius?
1089 1409 1145 1469 llic

107 1535 110 1542 -
139 1493 242 1553 mulier
264 1491 394 1568 erubuit,
419 1493 536 1560 merito;
566 1493 641 1552 male
665 1492 740 1551 enim
761 1492 969 1570 responderat,
997 1513 1031 1556 ro
1052 1495 1145 1555 mulie

139 1578 274 1638 alionum
288 1596 399 1639 curum
417 1592 509 1656 quum
523 1594 629 1647 uuum;
651 1593 716 1634 uam
732 1583 777 1634 est
794 1576 821 1635 id
838 1577 1007 1655 improbum.
1044 1576 1099 1652 Ar,
1118 1579 1143 1636 si

139 1660 357 1739 respondisset,
382 1661 474 1723 malle
492 1678 525 1720 se
548 1677 659 1720 curum
674 1677 762 1719 suum
777 1660 838 1721 tole
855 1680 937 1737 esse,
960 1661 1052 1739 quale
1064 1661 1143 1722 iliud

140 1753 237 1822 erret,
260 1744 405 1822 potuisset
425 1742 530 1822 pudice
546 1742 743 1822 respondere,
773 1744 863 1804 mullo
883 1762 917 1805 se
935 1746 1034 1805 cirum
1054 1763 1143 1804 suum

140 1828 230 1888 talem
245 1847 329 1904 erse,
352 1828 452 1904 qualis
465 1828 571 1888 melior
586 1834 672 1889 eruet.

97 1914 132 1966 30
224 1911 292 1971 Soio
309 1911 448 1989 quosdam
465 1912 540 1969 inani
554 1910 703 1988 diligentia
720 1929 773 1990 per
788 1912 989 1970 minutissimas
1005 1912 1060 1971 ista
1075 1929 1140 1989 par·

139 2004 184 2054 tes
205 1996 354 2069 secuisse,
386 2004 415 2053 et
433 2012 500 2053 esse
520 1994 627 2072 aliquid
643 1996 734 2053 minus
756 1994 865 2069 simile,
888 2004 919 2053 ut
936 1997 1016 2054 simia
1033 1994 1140 2054 bomini

140 2086 169 2136 et
190 2094 333 2137 marmora
355 2078 513 2138 deformata
539 2079 629 2155 prima
650 2096 748 2152 manu,
778 2079 886 2156 aliquid
905 2073 987 2157 pius,
1011 2087 1042 2137 ut
1057 2078 1140 2152 illud,

138 2158 207 2222 Nom
227 2179 315 2223 ouum
336 2168 397 2222 lum
412 2163 509 2223 siutiie
525 2180 597 2230 ouo,·
620 2168 650 2220 et
664 2161 848 2221 dissimilibus
867 2163 964 2221 inesse
980 2160 1088 2235 simile,
1111 2169 1143 2219 ut

138 2244 277 2304 formicae
295 2253 324 2303 et
340 2244 619 2323 elephanto'genus,
639 2246 704 2322 quia
717 2254 783 2304 sunt
794 2245 941 2313 animalia;
960 2254 989 2304 et
1000 2243 1141 2303 similibus

138 2328 292 2403 dissimile,
314 2335 345 2386 ut
357 2363 399 2375 —
415 2326 550 2394 Canibus
567 2331 684 2391 catulos
698 2336 727 2389 ei
743 2331 893 2391 moltibus
908 2330 1036 2404 boedm,
1059 2327 1141 2386 dilie-

96 2419 202 2473 31runt
224 2413 298 2471 enim
318 2421 430 2480 aetate3
462 2415 670 2472 contrariorum
686 2430 805 2490 quoque
823 2413 907 2473 aliter
930 2413 1023 2490 accipi
1047 2428 1140 2490 oppo-

139 2497 209 2571 sita,
232 2505 263 2554 ut
278 2506 394 2555 noctem
409 2497 486 2572 luoi,
509 2496 594 2557 aliter
611 2498 716 2572 noxia,
738 2505 769 2554 ut
786 2496 1036 2574 aquamfrigidam
1054 2495 1140 2569 iebri,

138 2579 223 2639 aliter
239 2582 445 2657 repugnantia,
469 2589 500 2638 ut
513 2597 614 2638 verum
630 2578 724 2655 ialso,
748 2579 832 2639 aliter
847 2580 1009 2657 disparata,
1027 2588 1058 2637 ut
1071 2577 1141 2637 dura

138 2679 195 2721 non
217 2661 309 2729 duris;
337 2662 406 2737 scd,
436 2663 502 2739 quid
524 2662 598 2721 haec
620 2663 656 2721 ad
671 2681 811 2741 praesens
826 2664 1008 2740 propositum
1022 2677 1141 2738 magno·

137 2764 210 2824 pere
228 2747 404 2823 pertineant,
428 2763 486 2804 non
500 2746 628 2823 reperio.

95 2840 130 2893 32
222 2827 297 2887 lllud
318 2838 363 2888 est
384 2829 575 2889 annotandum
596 2829 705 2905 magis,
737 2838 904 2905 argumenta
926 2828 992 2888 duci
1015 2846 1052 2887 ex
1079 2829 1141 2887 iure

137 2913 236 2972 simili:
266 2920 297 2971 ut
312 2910 418 2972 Cicero
442 2914 471 2971 in
492 2911 626 2990 Topicis,
658 2908 716 2986 Ei,
743 2914 794 2972 eui
809 2913 916 2974 domur
932 2912 1143 2990 ususfructus

137 2997 264 3057 relictus
279 2997 333 3072 rit,
355 3014 416 3058 stom
430 2996 638 3057 restituturum
652 2995 813 3071 heredem,
835 2996 864 3055 si
880 2997 1050 3071 corruerit,
1069 2995 1142 3072 quic

136 3098 197 3140 uon
212 3081 352 3141 restituat
366 3098 506 3155 seruum,
527 3079 597 3139 siis
613 3079 800 3149 edecumarit,-
820 3096 858 3137 ex
874 3081 1034 3139 contrario:
1059 3076 1143 3138 Nibil

137 3163 252 3238 obstat,
269 3179 328 3242 quo
339 3165 438 3224 miuus
448 3165 559 3224 iustum
568 3164 790 3224 matrimonium
800 3164 840 3223 sit
851 3170 948 3224 mente
960 3164 1141 3238 coeuntium,

139 3246 257 3306 etiamsi
273 3248 397 3309 tabulae
411 3248 551 3326 sipuutue
565 3265 625 3307 uon
639 3247 766 3326 fuerim.
809 3243 893 3307 Nibil
909 3249 987 3307 euim
1000 3246 1143 3325 proderit

138 3327 280 3406 sipuusse
302 3332 441 3406 tubulus,
469 3333 498 3391 si
518 3339 645 3392 meutem
667 3330 852 3392 matrimonii
871 3349 935 3393 nou,
953 3331 1051 3408 fuisse
1068 3348 1141 3390 cou-

97 3411 245 3480 bbstubim
264 3430 302 3472 ex
317 3413 464 3491 dissimili,
483 3415 569 3494 quale
585 3423 631 3473 est
646 3411 795 3474 Ciceronis
812 3430 865 3492 pro
883 3411 1024 3474 Caecina:
1050 3412 1141 3489 Uiri
