2566 4026
348 196 437 242 rusa.
462 194 611 242 oanuon.
634 194 703 241 mn.
726 190 844 258 v111,3.
858 191 883 242 t.
1082 185 1122 244 65

119 358 214 412 tamen
229 350 291 409 eius
308 366 399 427 opera
417 348 548 419 δείνωσις
569 348 597 406 in
621 347 826 423 exaggeranda
845 346 1025 424 indignitate,
1051 359 1080 409 et
1094 352 1123 409 in

118 435 226 495 oeteris
242 433 363 493 altitudo
382 433 542 510 quaedam,
564 430 713 506 φαντασία
736 432 763 489 in
785 431 983 508 concipiendis
1005 433 1122 492 visioni·

117 516 190 593 bus,
211 516 362 597 ἐξεργασία
376 519 405 574 in
421 515 575 575 efficiendo
591 514 671 574 velut
689 531 781 592 opere
796 515 966 593 proposito,
990 517 1036 574 cui
1050 517 1123 576 adii-

118 603 192 662 citur
207 600 410 680 ἐπεξεργασία,
435 599 570 677 repetitio
591 596 770 676 probationis
797 598 926 657 eiusdem
947 606 976 657 et
993 600 1123 659 cumulus

117 703 156 744 ex
171 684 335 759 abundanti,
353 681 482 764 ἐνέργεια
498 683 618 743 confinis
634 682 679 741 his
694 682 756 759 (est
767 683 842 741 enim
854 681 890 741 ab
902 682 1016 758 agendo
1028 682 1120 764 dicta)
1130 692 1165 748 89

117 777 147 828 et
167 770 247 829 ouius
266 769 385 846 propria
401 768 503 843 virtus,
522 783 670 840 nonesse,
688 783 764 843 quae
778 766 921 842 dicuntur,
939 768 1042 826 otiosa.
1069 766 1124 827 Est

117 861 147 912 et
167 870 293 911 amarum
315 850 463 930 quiddam,
484 852 562 928 quod
581 851 644 910 iere
672 851 701 909 in
724 848 898 910 contumelia
919 858 964 909 est
984 852 1121 929 positum,

116 935 203 1015 quale
220 933 330 996 Cassii:
355 932 438 1006 octa
452 937 568 1014 facies,
585 955 652 996 cam
668 935 701 994 la
718 936 797 995 dona
812 942 865 995 tae
881 935 1042 1011 lavaeero,
1066 936 1124 997 doe

115 1029 171 1095 ert,
189 1039 255 1081 cam
273 1027 303 1081 le
317 1020 452 1081 deoaero
472 1019 679 1082 maledicere?
708 1016 746 1077 m
761 1035 846 1093 acre,
867 1025 898 1076 ut
920 1017 991 1078 iilud
1012 1014 1121 1096 Crassi,

116 1101 183 1182 Epo
199 1112 229 1166 te
244 1103 398 1165 corasalem
409 1113 523 1182 palem,
549 1121 618 1165 cam
633 1112 666 1163 ta
685 1120 734 1164 rae
748 1121 807 1163 nom
819 1109 910 1180 pates
925 1105 1123 1164 senatorem?

114 1186 175 1261 Sed
200 1189 244 1246 vis
272 1188 397 1247 oratoris
425 1188 516 1245 omnis
537 1188 564 1245 in
587 1186 720 1264 augendo
741 1185 954 1264 minuendoque
979 1187 1120 1247 consistit.

115 1270 238 1351 Utrane
263 1272 338 1349 parti
358 1270 479 1330 totidem
499 1271 592 1346 modi,
616 1288 653 1330 ex
676 1268 779 1348 quibus
801 1272 978 1349 praecipuos
1001 1271 1122 1347 attinge·

114 1371 192 1424 mus;
215 1354 321 1433 reliqui
342 1355 451 1415 similes
474 1364 565 1413 erunt.
614 1355 685 1414 Sunt
708 1362 802 1413 autem
820 1354 908 1433 positi
930 1355 959 1412 in
979 1352 1067 1412 rebus
1093 1363 1123 1414 et

115 1438 223 1499 verbis.
259 1440 334 1514 Sed,
357 1456 432 1517 quae
453 1439 490 1497 sit
512 1456 608 1498 rerum
623 1439 750 1497 inventio
766 1455 801 1498 ac
816 1439 906 1512 ratio,
923 1438 1165 1506 tractavimus;90

115 1541 202 1600 nuno,
219 1523 287 1602 quid
302 1522 431 1582 elocutio
447 1520 561 1582 attollat
577 1530 624 1583 aut
642 1521 792 1600 deprimat,
810 1520 971 1581 dicendum.

199 1689 249 1749 tv.
281 1690 374 1750 Prima
397 1698 443 1749 est
464 1691 551 1767 igitur
576 1689 832 1768 amplificandi
861 1690 910 1749 vel
938 1688 1122 1749 minuendi

116 1775 233 1852 species
248 1773 358 1852 inipso
374 1775 417 1833 rei
431 1775 563 1834 nomine:
587 1782 619 1832 ut
642 1791 706 1833 cum
722 1790 803 1849 eum,
820 1773 868 1851 qui
883 1774 920 1833 sit
936 1790 1051 1849 caesus,
1068 1791 1121 1835 oc·

115 1860 228 1933 aleam,
248 1875 331 1934 eum,
354 1858 402 1935 qui
427 1859 465 1916 sit
483 1857 648 1937 improbus,
670 1859 839 1928 lamonem,-
863 1865 1022 1935 contraque
1046 1875 1121 1934 eum,

116 1942 164 2018 qui
190 1940 331 2020 pulsavit,
359 1942 513 2020 atllqlsse,
545 1942 593 2019 qui
622 1941 802 2016 vulneravit,
835 1942 962 2002 laesisse
990 1941 1119 2000 dicimus.

115 2023 273 2103 Utriusque
294 2026 404 2102 pariter
426 2025 590 2103 exemplum
615 2034 659 2084 est
680 2041 734 2102 pro
757 2024 795 2084 Μ.
824 2022 946 2086 Caelio:
968 2023 1004 2085 Sl
1026 2027 1123 2086 eldaa

115 2109 222 2185 libere,
235 2118 384 2187 proteron
396 2111 589 2188 petulanter,
613 2110 699 2170 diaeo
720 2108 830 2192 effare,
846 2109 1011 2171 libidinosa
1025 2128 1122 2171 mere·

83 2192 86 2198 '
114 2194 205 2254 tacto
220 2212 303 2254 more
317 2195 451 2256 oioeret:
469 2195 644 2255 adulteram
666 2210 721 2271 epo
733 2200 894 2268 patorem,
910 2195 939 2254 α’
954 2195 1023 2271 qais
1041 2194 1124 2254 lane

114 2277 208 2355 paulo
230 2277 359 2338 liberius
384 2277 572 2339 salutasset?
597 2273 670 2334 Nam
691 2285 719 2334 et
739 2275 911 2353 impudicam
932 2279 1151 2340 meretricem

114 2362 247 2436 vocavit,
272 2369 302 2420 et
321 2378 402 2438 eum,
426 2361 472 2420 cui
493 2361 598 2437 longus
621 2377 684 2418 oum
706 2359 755 2419 illa
778 2359 873 2419 fuerat
890 2377 975 2435 usus,
996 2361 1124 2421 libertas

115 2445 280 2505 saturasse.
308 2443 373 2504 Hoc
388 2463 481 2522 genus
491 2444 628 2504 increscit
644 2460 679 2502 ao
692 2442 722 2501 iit
734 2444 923 2518 manifestius,
941 2443 966 2501 si
982 2443 1123 2522 ampliora

115 2527 205 2588 verba
229 2546 293 2588 cum
317 2531 388 2606 ipsis
409 2527 586 2604 nominibus,
609 2543 663 2605 pro
688 2526 792 2605 quibus
814 2545 849 2587 ea
870 2527 993 2605 posituri
1012 2545 1122 2602 sumus,

115 2611 316 2672 conferantur:
343 2622 374 2671 ut
400 2610 505 2674 Cicero
533 2614 562 2672 in
588 2610 728 2686 Verrem,
755 2609 824 2672 Non
844 2612 923 2673 enlm
948 2611 1050 2690 farem
1065 2610 1123 2672 sed

114 2704 295 2776 ereptorem,
319 2716 381 2759 noa
403 2699 579 2759 adulteram
599 2697 656 2757 secl
679 2704 920 2774 eapapaatorem
939 2697 1121 2774 padicitiae,

113 2799 176 2842 reon
191 2782 378 2860 eacrllepam
402 2783 459 2843 seul
479 2782 592 2843 lentem
613 2796 776 2841 sacrorum
788 2781 1037 2858 rellqloaamqae,
1061 2797 1122 2840 aaa

115 2866 263 2926 arariam
278 2866 335 2926 sed
352 2866 596 2926 crudelissimam
621 2863 797 2942 carnificem
822 2865 933 2926 cloiam
951 2866 1120 2926 socleram-

116 2966 175 3027 qae
189 2950 221 3009 la
242 2957 378 3011 vestram
398 2950 548 3011 indiciam
563 2948 760 3010 addaelmas.
796 2947 851 3008 illo
874 2949 948 3007 enim
966 2947 1065 3023 modo,
1089 2952 1148 3008 utl

117 3034 154 3092 sit
172 3032 299 3109 multum,
316 3031 373 3092 hoc
394 3035 489 3108 etiam,
507 3031 572 3111 plus
589 3041 620 3092 ut
632 3033 684 3108 sit,
702 3032 836 3091 eflicitur.
870 3032 1012 3106 Quattuor
1027 3041 1122 3091 tamen

116 3118 240 3176 maxime
263 3116 421 3194 generibus
448 3107 534 3177 video
564 3125 699 3176 constare
730 3116 997 3194 amplificationem,
1027 3117 1121 3175 inore·

84 3211 88 3219 ·
117 3210 225 3277 mento,
247 3203 473 3279 comparatione,
491 3201 723 3276 ratiocinatione,
740 3201 889 3278 congerie.

202 3283 396 3347 lucremen
406 3294 477 3345 tum
498 3295 544 3345 est
559 3285 804 3363 potentissimum,
826 3303 890 3345 cum
904 3301 1008 3361 magna
1021 3283 1121 3343 viden·

117 3378 173 3444 tur,
193 3370 279 3428 etiam
295 3387 369 3448 quae
381 3368 519 3430 inferiora
534 3377 608 3429 sunt.
646 3366 678 3428 ld
702 3378 751 3428 aut
769 3386 825 3428 uno
841 3368 931 3445 gradu
947 3367 978 3427 iit
994 3377 1042 3428 aut
1058 3368 1121 3446 plu·

117 3452 208 3513 ribus.
252 3452 309 3513 Per
336 3452 365 3512 id
390 3455 504 3513 venitur
530 3470 587 3512 non
611 3453 698 3513 modo
722 3452 758 3512 ad
778 3470 915 3512 summum
937 3453 989 3512 sed
1009 3454 1122 3513 interim

158 3557 189 3594 nr.
202 3557 227 3595 r.
241 3557 353 3606 pumma.
366 3541 400 3596 lt.
950 3537 969 3596 5
