2566 4026
144 158 163 220 8
466 171 502 216 m.
515 169 593 217 usn.
609 169 830 228 omnummru

229 326 260 386 Si
275 335 370 385 tamen
386 341 443 384 non
460 327 625 402 continget,
649 326 751 404 quales
767 327 890 386 maxime
907 329 995 389 velim
1008 330 1148 408 nutrices,

144 426 270 490 pueros,
292 409 482 487 paedagogos
504 409 629 470 babere:
652 419 681 469 at
701 427 774 468 unus
795 419 875 470 certe
896 414 933 472 sit
955 415 1089 474 assiduus
1106 415 1149 476 lo·

145 494 250 574 quendi
275 510 332 553 non
356 495 524 571 imperitus,
552 496 600 572 qui
608 539 616 570 ,
639 496 663 553 si
687 511 742 572 qua
765 503 848 554 erunt
870 494 905 555 ab
926 496 970 557 bis
992 508 1150 577 praesente

145 579 258 639 alumno
274 577 351 638 dicta
365 580 482 654 vitiose,
498 581 626 655 corrigat
641 580 771 655 protinus
787 597 842 639 neo
857 580 984 642 insidere
1000 582 1043 642 illi
1060 585 1148 650 sinat:

143 664 209 723 dum
224 671 318 722 tamen
334 662 527 739 intelligatur,
545 662 583 737 td,
600 664 678 740 quod
692 665 772 741 prius
787 663 857 739 dixi,
873 663 978 724 bonum
996 684 1075 743 esse,
1092 667 1150 727 boc

143 747 309 807 remedium.

103 845 135 897 12
228 831 255 890 A
279 847 414 891 sermone
438 829 551 890 Graeco
571 846 692 909 puerum
714 831 845 908 incipere
865 832 959 908 malo,
987 835 1054 911 quia
1074 833 1148 893 bati-

144 935 225 993 num,
249 917 297 994 qui
312 913 444 994 pluribus
460 916 489 973 in
503 933 556 973 usu
573 923 633 989 est,
651 912 701 974 vel
717 913 801 973 nobis
816 916 982 977 nolentibus
996 916 1148 995 perbibet;

145 1000 228 1060 simul
247 1001 313 1077 quia
335 998 495 1077 disciplinis
512 1016 629 1077 quoque
646 997 766 1058 Graecis
785 1001 864 1076 prius
886 1001 1076 1061 instituendus
1092 1010 1148 1076 est,

102 1097 136 1150 13
143 1085 219 1151 unde
235 1093 263 1142 et
278 1092 395 1142 nostrae
412 1082 565 1142 fluxerunt.
592 1083 658 1142 Non
672 1092 767 1142 tamen
781 1083 839 1142 boc
854 1085 927 1145 adeo
943 1087 1149 1163 superstitiose

144 1169 207 1229 lieri
222 1167 325 1244 velim,
349 1177 380 1226 ut
402 1166 448 1226 diu
469 1176 577 1227 tantum
594 1166 706 1227 Graece
726 1167 861 1245 loquatur
883 1178 931 1228 aut
946 1168 1055 1245 discat,
1074 1171 1150 1229 sicut

144 1253 296 1332 plerisque
311 1253 399 1310 moris
417 1260 471 1310 est.
501 1252 565 1311 Hoc
582 1254 656 1311 enim
674 1252 807 1311 accidunt
823 1261 852 1311 et
868 1255 926 1312 oris
943 1253 1064 1330 plurima
1079 1255 1150 1314 vitia

144 1340 172 1396 in
187 1338 373 1416 peregrinum
389 1353 490 1395 sonum
507 1339 636 1414 corrupti
652 1345 681 1394 et
696 1338 853 1404 sermonis;
876 1338 921 1397 cui
937 1355 1001 1396 cum
1017 1336 1149 1398 Graecae

144 1423 255 1498 figurae
277 1421 391 1480 assidua
413 1420 623 1479 consuetudine
647 1420 819 1497 haeserunt,
842 1421 1007 1481 indiverso
1032 1438 1150 1500 quoquc

105 1513 136 1567 14
145 1504 282 1583 loquendi
304 1506 415 1563 ratione
440 1505 671 1582 pertinacissime
691 1506 802 1565 durant.
848 1503 914 1564 Non
934 1505 1023 1582 longe
1050 1508 1149 1583 itaque

143 1588 243 1649 Latina
258 1587 398 1666 subsequi
417 1587 524 1647 debent
540 1597 569 1646 et
586 1590 643 1649 cito
660 1590 770 1666 pariter
784 1591 836 1647 ire.
869 1587 912 1649 lta
927 1588 993 1666 liet,
1015 1598 1062 1666 ut,
1085 1608 1149 1649 cum

145 1672 259 1751 aequali
286 1690 355 1732 cura
382 1672 507 1750 linguam
533 1681 683 1750 utramque
711 1674 785 1732 tueri
812 1675 1014 1751 coeperimus,
1047 1682 1149 1747 neutra

144 1757 229 1817 alteri
244 1757 363 1817 officiat.

104 1853 136 1906 15
230 1841 351 1915 Quidam
371 1841 475 1901 litteris
497 1839 704 1916 instituendos,
729 1843 777 1918 qui
792 1844 919 1901 minores
937 1851 1051 1921 septem
1067 1843 1149 1901 annis

146 1934 261 2000 essent,
284 1943 342 1984 non
363 1932 552 2003 putaverunt,
578 1924 655 2002 quod
678 1924 728 1984 illa
744 1927 864 2004 primurn
887 1935 968 1986 aetas
986 1936 1015 1986 ει
1033 1925 1148 1985 intelle·

146 2020 221 2070 ctum
238 2009 453 2088 disciplinarum
477 2025 584 2086 capere
607 2017 636 2067 et
659 2007 789 2068 laborem
813 2011 872 2087 pati
895 2019 1007 2088 posset.
1042 2009 1147 2088 Inque

145 2096 288 2153 sententia
302 2092 459 2153 Hesiodum
481 2110 548 2152 esse
570 2091 684 2170 plurimi
700 2093 829 2168 tradunt,
854 2096 902 2171 qui
924 2104 990 2154 ante
1009 2111 1149 2171 gramma-

145 2179 232 2237 ticum
241 2176 458 2254 Aristophanen
472 2177 603 2244 luerunt;
621 2193 684 2235 nam
700 2178 724 2235 is
740 2179 848 2255 primus
863 2171 1032 2256 ὑποθήκας,
1047 2180 1076 2238 iu
1091 2193 1144 2256 qus

145 2261 221 2320 libro
249 2263 387 2338 scriptum
414 2261 471 2320 hoc
497 2261 656 2335 invenitur,
683 2263 801 2338 negavit
828 2279 895 2321 esse
920 2263 1003 2322 buius
1030 2269 1147 2341 politae.

103 2345 204 2411 168cd
227 2343 275 2404 alii
299 2361 416 2423 quoque
439 2352 593 2419 auctores,
622 2346 697 2404 inter
721 2364 794 2424 quos
819 2345 1046 2422 Eratosthenes,
1073 2346 1150 2406 idern

145 2438 367 2507 praeceperunt.
400 2427 505 2488 Melius
521 2438 627 2506 autem,
643 2431 691 2507 qul
707 2431 815 2491 nullum
830 2440 942 2510 tempus
958 2447 1064 2490 vacare
1080 2448 1149 2490 cura

143 2512 261 2588 volunt,
285 2521 315 2573 ut
336 2511 527 2592 Chrysippus.
565 2512 637 2573 Nam
658 2517 699 2590 is,
729 2517 857 2593 quamvis
880 2513 1038 2572 nutricibus
1060 2515 1147 2570 trien-

145 2600 220 2658 nium
244 2597 373 2673 dederit,
399 2607 493 2658 tamen
516 2596 551 2656 ab
574 2597 631 2656 illis
652 2615 769 2674 quoque
792 2599 847 2656 ianr
866 2595 1042 2655 formandam
1064 2610 1148 2671 quam

103 2693 134 2747 17
145 2683 259 2762 optimis
281 2684 416 2741 institutis
434 2690 557 2740 mentem
578 2679 726 2738 infantium
740 2679 855 2738 iudicat.
896 2676 954 2736 Cur
974 2685 1069 2736 autem
1089 2694 1148 2736 non

144 2768 289 2843 pertineat
312 2766 348 2826 od
372 2765 483 2824 litteras
510 2771 607 2837 aetas,
633 2779 708 2840 quae
735 2762 771 2821 ad
797 2778 892 2821 mores
919 2762 974 2820 iam
1000 2757 1148 2839 pertinet?

144 2848 247 2926 Neque
271 2852 393 2926 ignoro,
415 2857 478 2907 toto
498 2846 566 2921 illo,
588 2846 625 2906 de
648 2862 705 2922 quc
727 2846 848 2923 loquor,
869 2854 1001 2924 tempore
1017 2848 1067 2906 vix
1086 2855 1163 2931 tan·-

144 2941 202 2991 tum
219 2933 313 3009 ellici,
336 2941 469 3011 quantum
487 2930 622 2991 conferre
637 2947 709 2988 unus
725 2939 830 3008 postea
850 2932 945 3008 possit
965 2948 1071 2998 annus;
1095 2931 1148 2991 sed

144 3024 238 3075 tamen
252 3017 335 3091 mibi,
359 3019 406 3095 qui
428 3017 642 3090 dissenserunt,
665 3013 799 3074 videntur
820 3032 878 3074 uon
896 3023 953 3074 tam
969 3015 1147 3075 discentibus

104 3099 172 3160 ibin
187 3099 242 3159 bac
257 3110 339 3178 parte
358 3119 442 3179 quam
457 3098 628 3160 docentibus
645 3101 827 3177 pepercisse.
866 3099 941 3173 Quid
956 3100 1060 3159 melius
1076 3099 1147 3159 alio·

144 3185 192 3261 qui
216 3185 340 3259 facient,
365 3204 402 3244 ex
423 3202 480 3263 quo
502 3185 582 3261 loqui
604 3181 763 3261 poterunt?
801 3182 921 3243 Faciant
943 3185 1017 3243 enim
1040 3183 1148 3261 aliquid

142 3284 268 3327 neccsse
285 3277 339 3327 cst.
372 3268 431 3327 Aut
453 3287 504 3328 cur
519 3269 592 3342 boc,
617 3267 900 3346 quantulumcunque
917 3277 980 3344 εει,
1003 3267 1148 3345 usquead

143 3360 256 3430 septem
272 3369 362 3412 annos
378 3353 488 3412 lucrum
504 3349 703 3413 fastidiamus?
727 3351 800 3412 Nam
818 3361 899 3413 certe
915 3350 1071 3430 quamlibet
1083 3369 1148 3430 par·

143 3455 209 3495 vum
231 3437 282 3513 sit,
307 3435 384 3514 quod
407 3438 564 3498 contulerit
586 3447 667 3498 aetas
689 3438 785 3515 prior,
807 3439 915 3497 maiora
937 3445 1032 3496 tamen
1053 3436 1148 3514 aliqua

25 1800 75 1871 i·-
