2566 4026
203 157 244 217 tn
518 166 884 226 u.unn.qurnu1n1nn1

160 325 318 402 adingenia
341 323 454 383 concidi
478 330 507 381 et
530 323 682 381 comminui
705 322 804 382 credo.
838 322 898 383 Sed
918 322 988 383 nihil
1011 341 1048 382 err
1068 342 1209 401 gramma·

203 411 260 469 tica
282 409 431 482 nocuerit,
455 407 510 465 uisi
533 405 611 483 quod
633 423 847 505 supervacuum
869 417 923 467 est.
963 407 1009 466 An
1031 408 1098 467 ideo
1117 410 1211 468 minor

203 501 249 551 est
266 490 304 550 M
325 490 436 551 Tullius
456 499 554 549 orator
563 490 672 568 ,quod
689 491 765 550 idem
783 491 853 549 artis
870 490 955 551 huius
972 491 1210 569 diligentissimus

202 576 256 635 fuit
279 584 308 634 et
329 576 357 633 in
378 573 438 634 [ilio
462 574 508 652 (ut
532 574 665 652 epistolis
688 576 826 653 apparet)
854 584 937 635 recte
959 576 1099 653 loquendi
1121 594 1210 703 asper

204 677 321 739 quoque
350 654 492 721 exactor?
531 667 597 717 aut·
605 655 719 718 vimG.
744 656 879 718 Caesaris
902 660 1054 737 fregerunt
1082 661 1150 720 editi
1171 652 1210 723 'tle

160 744 336 820 35analogia
352 726 445 802 libri?
468 742 602 802 antideo
624 744 716 802 minus
738 742 865 803 Messala
887 745 1009 819 nitidus,
1033 745 1100 823 quia
1122 761 1209 824 quos·

202 828 266 888 dam
287 837 365 887 totos
388 826 507 886 libellos
533 842 590 885 non
608 826 708 886 verbis
729 826 816 886 modo
838 828 960 904 singulis
983 828 1036 888 sed
1057 831 1143 888 etiam
1164 829 1209 888 lit·

202 914 273 972 teris
297 906 396 971 dedit?
428 909 494 969 Non
512 908 628 970 obstant
645 910 700 970 hae
723 911 894 989 disciplinae
917 929 972 992 per
990 911 1057 971 illas
1076 912 1210 972 euntibus

203 996 256 1056 sed
277 997 355 1056 circa
377 995 443 1054 illas
465 992 662 1054 haerentibus.

287 1162 365 1223 Vlll.
412 1162 555 1240 Superest
582 1162 714 1238 lectio,
743 1165 772 1221 in
802 1181 857 1241 qua
886 1181 959 1241 puer
983 1174 1015 1222 ut
1043 1165 1133 1238 sciat,
1161 1162 1210 1222 ubi

204 1247 385 1327 suspendere
406 1247 536 1325 spiritum
559 1245 681 1322 debeat,
706 1264 763 1325 quo
789 1246 856 1307 loco
878 1265 994 1307 versum
1018 1248 1209 1324 distinguere,

204 1333 252 1392 ubi
273 1330 422 1392 claudatur
443 1348 564 1405 sensus,
587 1330 663 1390 unde
683 1332 818 1408 incipiat,
843 1332 957 1410 quando
980 1330 1140 1391 attollenda
1161 1331 1210 1390 vel

204 1414 404 1476 summittenda
421 1417 457 1474 sit
473 1430 548 1489 vox,
573 1414 655 1492 quid,
680 1431 796 1492 quoque
815 1415 892 1475 llexu
916 1415 1000 1493 quid,
1023 1415 1140 1491 lentius,
1162 1433 1210 1474 ce-

204 1501 311 1574 lerius,
344 1499 532 1572 concitatius,
562 1496 655 1556 lenius
684 1497 851 1559 dicendum:
881 1500 1073 1559 demonstrari
1099 1499 1155 1557 nisi
1181 1500 1211 1556 iu

177 1600 296 1661 nopere
313 1584 379 1682 ipso
398 1598 455 1640 non
473 1588 581 1659 potest.
614 1580 707 1641 Unum
724 1592 768 1641 est
785 1585 889 1660 igitur,
906 1583 988 1682 'quod
1006 1585 1035 1643 in
1054 1583 1110 1642 hac
1126 1591 1211 1660 parte

204 1667 396 1746 praecipiam:
432 1664 469 1724 Ut
497 1667 591 1725 omnia
618 1666 673 1724 ista
701 1666 802 1726 iacere
831 1668 942 1745 possit,
969 1667 1124 1743 intelligat
1168 1665 1211 1726 Sit

204 1759 299 1812 autem
321 1751 464 1828 inprimis
486 1749 575 1808 lectio
596 1749 687 1809 virilis
706 1758 735 1809 et
754 1768 817 1809 cum
835 1753 1037 1837 suavitateu
958 1749 1125 1831 qpqdant
1142 1766 1207 1826 gra·

191 1837 265 1935 uls,
289 1842 318 1894 et
334 1850 391 1893 non
407 1834 521 1912 quidem
538 1851 645 1912 prosae
664 1823 844 1910 similis,
808 1830 874 1913 quia
890 1828 932 1894 et
936 1853 1052 1896 carmen
1066 1843 1112 1893 est
1130 1842 1159 1894 et
1176 1852 1210 1892 se

191 1906 312 1998 poetae
342 1936 448 1978 canere
470 1926 626 1986 testantur;
656 1928 831 1979 nontamen
853 1921 882 1978 in
905 1922 1047 1980 canticum
1068 1917 1210 1978 dissoluta

204 2022 260 2063 neo
282 2002 424 2081 plasmate
447 2003 493 2082 (ut
515 2021 590 2062 nunc
610 2020 626 2062 a
649 2002 799 2082 plerisque
821 2004 867 2082 iit)
891 2005 1069 2072 effeminata;
1093 2002 1130 2061 de
1152 2019 1209 2080 quo

204 2105 315 2165 genere
333 2088 440 2165 optime
462 2083 495 2146 G.
516 2084 672 2147 Caesarem
694 2096 907 2165 praetextatum
928 2088 1022 2149 adhuc
1043 2088 1209 2165 accepimus

179 2172 328 2234 3dixisse:
360 2170 435 2232 Sic
418 2178 541 2281 oppetas,
563 2172 643 2232 mole
666 2180 796 2242 contoc;
825 2174 854 2234 si
874 2175 966 2252 legis,
989 2180 1108 2232 contus.
1147 2168 1209 2229 Nec

165 2246 180 2299 a*
205 2257 458 2334 prosopopoeiae,
487 2263 518 2313 ut
540 2255 709 2333 quibusdam
734 2257 848 2334 placet,
878 2258 913 2317 ad
936 2258 1076 2318 comicum
1098 2270 1210 2313 morem

205 2341 383 2418 pronuntiari
400 2339 504 2406 velim;
525 2357 593 2400 esse
612 2349 706 2399 tamen
727 2340 834 2402 flexum
852 2342 1010 2420 quendam,
1034 2357 1092 2417 quo
1111 2337 1210 2397 distin-

180 2432 327 2501 4guantur
348 2423 425 2483 ab''
407 2443 457 2499 ns,
480 2426 509 2483 in
525 2424 628 2502 quibus
644 2434 733 2503 poeta
749 2442 877 2526 penuqua
896 2445 948 2486 sua
963 2433 1069 2484 utetur
1105 2420 1211 2482 Cetera

206 2508 400 2568 admonitione
427 2526 530 2585 magna
563 2519 666 2586 egent,
696 2512 724 2569 iu
753 2511 868 2588 primis,
897 2519 928 2568 ut
955 2518 1075 2569 tenerae
1097 2514 1211 2566 mentes

205 2601 410 2671 tracturaeque
427 2592 529 2669 altius,
553 2593 691 2671 quidquid
712 2593 830 2652 rudibus
848 2600 877 2651 et
896 2594 1020 2651 omnium
1040 2592 1148 2664 ignaris
1168 2591 1210 2647 in·

207 2677 332 2752 sederit,
355 2693 413 2736 non
428 2675 515 2736 modo
531 2694 606 2755 quae
623 2676 731 2737 diserta
750 2676 802 2735 sed
819 2674 867 2734 vel
885 2676 978 2750 magis
996 2689 1071 2749 quae
1086 2670 1210 2732 honesta

207 2771 287 2836 sunt,
311 2762 431 2822 discant.

183 2858 199 2910 5
291 2844 421 2924 ldeoque
448 2847 554 2923 optime
582 2845 738 2903 institutum
762 2852 824 2919 est,
852 2850 883 2902 ut
911 2841 946 2902 ab
969 2840 1097 2901 Homero
1123 2850 1210 2919 atque

206 2927 339 3005 Vergilio
359 2929 447 2989 lectio
463 2931 622 3006 inciperet,
646 2944 807 3006 quanquam
824 2924 860 2986 ad
881 2924 1087 3003 intelligendas
1111 2941 1211 2984 eorum

206 3012 328 3071 virtutes
357 3014 483 3073 firmiore
505 3013 611 3074 iudicio
640 3028 714 3089 opus
739 3020 798 3080 est;
829 3011 882 3071 sed
907 3011 977 3071 huic
1002 3011 1045 3070 rei
1074 3017 1212 3087 superest

207 3101 338 3172 tempus,
361 3115 457 3175 neque
475 3098 549 3156 enim
566 3094 658 3156 semel
675 3095 819 3173 legentur.
854 3094 971 3156 Interim
990 3105 1019 3155 et
1035 3092 1210 3153 sublimitate

207 3177 320 3237 heroici
345 3182 476 3240 carminis
499 3181 607 3240 animus
635 3189 769 3257 assurgat
791 3189 820 3240 et
842 3199 881 3239 ex
901 3177 1095 3257 magnitudine
1115 3194 1213 3236 rerum

184 3263 338 3340 6spiritum
355 3264 440 3324 ducat
459 3273 487 3324 et
507 3266 620 3343 optimis
635 3262 786 3324 imbuatur.
820 3263 914 3325 Utiles
931 3262 1118 3342 tragoediae,
1134 3261 1213 3320 alunt

209 3354 238 3404 et
255 3344 339 3420 lyrici
346 3369 353 3414 ;
377 3349 402 3407 si
420 3351 557 3409 tamenin
574 3347 618 3407 his
637 3365 693 3407 non
711 3357 846 3408 auctores
865 3349 951 3411 modo
973 3347 1026 3407 sed
1045 3346 1130 3405 etiam
1148 3363 1211 3424 par·

208 3436 253 3488 tes
276 3433 374 3507 operis
398 3432 543 3509 elegeris,
566 3450 629 3492 narn
650 3443 679 3492 et
699 3430 802 3493 Graeci
825 3433 949 3494 licenter
962 3431 1052 3491 multa
1074 3438 1103 3488 et
1121 3429 1211 3488 Hora·
