2566 4026
195 177 254 241 152
541 190 577 237 ns.
594 188 906 248 FAB.QU1NT1L1AN1

148 345 267 412 asfaleo
284 344 442 412 existimat:
468 351 497 404 et
512 343 606 404 Pollio
626 352 655 403 et
667 342 794 404 Messala
809 343 1000 404 defenderunt
1017 345 1155 425 eosdem,
1171 357 1204 410 et

192 430 276 492 nobis
303 431 402 508 pneris
433 429 562 506 insignes
588 444 642 507 pro
670 427 820 489 Voluseno
847 425 951 488 Catulo
977 427 1096 490 Domitii
1124 430 1203 509 Afri,

192 513 287 593 Crispi
303 513 449 588 Passieni,
470 511 583 573 Decimi
604 511 695 572 Laelii
719 513 866 573 orationes
888 511 1065 573 ferebantur.
1096 513 1204 596 Neque

190 600 219 660 id
234 598 330 658 statim
344 597 454 674 legenti
470 615 640 676 persuasum
656 598 703 672 sit,
723 598 832 672 omnia,
855 615 930 675 quae
947 599 1047 675 optimi
1064 608 1202 659 auctores

191 683 332 758 dixerint,
354 683 453 759 utique
480 698 547 740 esse
570 681 712 760 perlecta.
752 680 824 741 Nam
848 691 877 740 et
898 680 1031 742 labuntur
1046 681 1202 760 aliquando

191 775 220 828 et
243 767 325 826 oneri
351 767 458 826 cedunt
479 774 509 825 et
530 765 680 843 indulgent
703 767 884 842 ingeniorum
907 783 1024 825 suornm
1045 766 1202 847 voluptati,

189 869 245 911 nec
261 868 377 928 semper
389 850 537 910 intendunt
560 851 696 926 animum,
719 867 921 928 nonnunquam
941 850 1113 927 fatigantem
1138 870 1204 911 cum

191 932 326 996 Ciceroni
341 935 497 996 dormitare
514 935 626 993 interim
641 933 871 1010 Demosthenes,
892 934 1011 1010 lloratio
1028 952 1100 994 vero
1117 936 1204 997 etiam

145 1017 330 1084 beomerns
350 1020 415 1096 ipse
432 1018 574 1079 videatur.
609 1017 716 1077 Summi
734 1019 809 1077 enim
830 1027 912 1092 sunt,
937 1017 1068 1078 homines
1093 1027 1202 1095 tamen,

190 1103 354 1181 acciditque
377 1102 438 1179 bis,
463 1103 527 1182 qui,
552 1103 690 1181 quidquid
707 1102 783 1180 apud
799 1101 867 1162 illos
883 1104 1068 1180 repererunt,
1085 1103 1204 1163 dicendi

189 1187 286 1265 legem
301 1194 419 1266 putant,
442 1195 473 1246 ut
488 1186 635 1249 deteriora
657 1187 817 1262 imitentur,
841 1185 885 1264 (id
909 1187 984 1245 enim
1009 1195 1054 1246 est
1070 1187 1202 1267 facilius)

189 1289 224 1332 ac
240 1290 273 1331 se
289 1271 403 1332 abunde
420 1271 530 1330 similes
543 1277 654 1349 putent,
673 1271 697 1329 si
712 1271 781 1330 vitia
793 1287 962 1346 magnorum
975 1280 1202 1349 consequantur.

145 1353 323 1422 aollodesto
346 1364 442 1415 tamen
464 1363 493 1414 et
516 1356 729 1432 circumspecto
754 1354 861 1412 iudicio
884 1354 920 1413 de
942 1356 1027 1415 tantis
1046 1354 1116 1413 viris
1133 1372 1203 1434 pro·

188 1441 372 1501 nuntiandum
393 1447 453 1514 est,
475 1457 528 1513 ne,
551 1438 629 1515 quod
650 1437 801 1518 plerisque
825 1439 946 1514 accidit,
974 1438 1108 1499 damnent
1126 1457 1204 1518 quae

188 1541 246 1583 non
261 1524 435 1601 intelligunt.
470 1521 516 1582 Ac
531 1524 555 1581 si
571 1539 696 1581 necesse
713 1531 758 1581 est
773 1522 801 1580 in
817 1520 939 1582 alteram
955 1539 1054 1582 errare
1069 1531 1201 1600 partem:

189 1611 283 1668 omnia
299 1625 399 1668 eorum
418 1605 583 1684 legentibus
599 1605 719 1684 plaeere
735 1623 819 1683 quam
840 1606 928 1666 multa
943 1606 1120 1685 displicere,
1142 1623 1203 1667 ma·

189 1690 301 1750 luerim.

145 1785 180 1843 aa
270 1774 425 1834 Plurimum
445 1773 513 1833 dicit
533 1774 641 1834 oratori
659 1774 796 1833 conferre
811 1772 1028 1851 Theophrastus
1044 1773 1203 1835 lectionem

189 1867 397 1938 poetarum,
425 1857 565 1934 multique
587 1858 649 1916 eins
672 1857 808 1918 iudicium
828 1867 1003 1937 sequentum
1029 1876 1126 1938 neque
1150 1860 1202 1918 im·

187 1944 301 2002 merito.
337 1941 468 2019 Namque
492 1941 527 2001 ab
549 1941 593 2000 his
614 1941 643 2000 in
666 1941 753 2001 rebus
770 1943 888 2020 spiritus
907 1951 936 2002 et
953 1942 981 2000 in
995 1941 1093 2002 verbis
1111 1941 1201 2002 subli-

187 2028 271 2086 mitas
288 2035 318 2085 et
332 2027 361 2084 in
372 2024 525 2085 affectibus
537 2033 632 2085 motus
645 2027 736 2084 omnis
748 2034 778 2085 et
787 2027 815 2084 in
826 2027 961 2105 personis
977 2026 1068 2086 decor
1080 2028 1201 2104 petitur,

188 2110 407 2190 praecipueque
436 2108 518 2169 velut
546 2111 642 2170 attrita
674 2109 819 2170 cotidiano
853 2119 919 2170 actu
947 2110 1058 2170 lorensi
1084 2112 1203 2188 ingenia

189 2196 298 2273 optime
321 2213 417 2254 rernm
434 2193 532 2254 talium
553 2193 693 2254 blanditia
714 2203 895 2272 reparantur.
937 2193 1068 2273 ldeoque
1090 2194 1120 2254 in
1145 2195 1202 2255 bac

64 2342 67 2348 ,
144 2278 316 2345 aelectione
334 2277 439 2338 Cicero
466 2277 708 2356 requiescendum
729 2286 819 2355 putat.
858 2276 1071 2338 Meminerimus
1092 2287 1200 2356 tamen,

187 2381 244 2422 non
262 2382 316 2442 per
337 2364 431 2422 omnia
448 2371 552 2439 poetas
575 2380 643 2421 esse
666 2363 775 2421 oratori
796 2363 964 2441 sequendos
985 2380 1041 2422 nec
1062 2362 1200 2423 libertate

187 2447 342 2506 verborum
359 2464 414 2506 nec
438 2447 554 2506 licentia
573 2446 744 2522 figurarum
765 2463 858 2522 genus
876 2447 1063 2506 ostentationi
1081 2464 1200 2526 compa-

187 2539 279 2590 ratum
296 2540 325 2591 et
344 2538 462 2609 praeter
478 2530 522 2605 id,
553 2529 631 2608 quod
654 2529 747 2589 solam
775 2532 848 2607 petit
874 2530 1055 2608 voluptatem
1077 2548 1200 2609 eamque

188 2615 273 2674 etiam
285 2614 420 2692 fingendo
434 2631 493 2672 non
509 2612 583 2672 laisa
594 2613 679 2672 modo
696 2613 847 2674 sedetiam
861 2613 1002 2693 quaedam
1018 2615 1200 2676 incredibilia

145 2707 332 2774 noscetatur,
354 2697 517 2777 patrocinio
541 2713 658 2776 quoque
679 2696 776 2776 aliquo
798 2699 906 2758 iuvari:
929 2699 1007 2775 quod
1028 2699 1147 2777 alligata
1164 2698 1200 2759 ad

188 2791 297 2843 certam
314 2782 420 2861 pedum
435 2783 642 2842 necessitatem
663 2799 721 2840 non
744 2800 861 2861 semper
879 2784 918 2841 uti
939 2783 1067 2860 propriis
1090 2784 1198 2862 possit,

187 2865 240 2926 sed
255 2866 378 2944 depulsa
393 2875 475 2926 recta
489 2866 536 2925 via
554 2867 724 2926 necessario
748 2867 784 2926 ad
805 2865 962 2945 eloquendi
985 2866 1126 2944 quaedam
1148 2867 1199 2926 de·

186 2951 330 3010 verticula
343 2950 501 3028 confugiat,
518 2967 573 3010 neo
590 2959 701 3010 mutare
718 2951 859 3029 quaedam
871 2951 957 3011 modo
973 2951 1064 3011 verba
1080 2950 1133 3012 sed
1148 2969 1199 3011 ex·

186 3035 324 3111 tendere,
344 3037 512 3114 corripere,
532 3043 722 3111 convertere,
741 3034 871 3095 dividere
889 3043 1027 3112 cogatnr;
1049 3050 1103 3094 nos
1125 3053 1198 3095 vero

187 3128 312 3179 armatos
337 3128 415 3180 stare
439 3121 467 3179 in
490 3119 554 3178 acie
577 3129 605 3179 et
627 3121 743 3180 summis
766 3119 802 3179 de
823 3119 912 3179 rebus
934 3118 1096 3179 decernere
1114 3127 1144 3179 et
1160 3119 1197 3179 ad

142 3204 338 3272 eovictoriam
353 3205 413 3263 niti.
442 3203 547 3283 Neque
569 3220 641 3279 ergo
668 3222 746 3264 arma
768 3203 905 3281 squalere
930 3204 985 3262 situ
1008 3221 1043 3262 ac
1064 3201 1198 3279 rubigine

186 3285 283 3363 velim,
298 3287 351 3347 sed
371 3288 517 3366 fulgorem
533 3290 630 3348 inesse
649 3288 696 3366 qui
712 3296 836 3363 terreat,
860 3287 953 3367 qualis
970 3295 1015 3346 est
1030 3286 1117 3363 ferri,
1139 3303 1198 3366 quo

185 3387 266 3429 mens
275 3371 358 3431 simul
369 3373 507 3451 visusque
520 3374 754 3450 praestringitur;
767 3389 824 3431 non
836 3371 929 3453 qualis
942 3371 1195 3452 auriargentiqne,

186 3453 311 3515 imbellis
329 3464 358 3514 et
372 3457 468 3535 potius
484 3454 602 3516 habenti
617 3456 813 3536 periculosus.
