2566 4026
192 183 233 246 26
521 197 557 243 ιι.
569 196 648 242 unu.
665 195 886 255 qurumurnur

194 354 258 416 oiri
285 353 409 429 debeat,
443 353 477 413 ia
510 352 619 430 quibas
649 353 753 411 omnio
777 358 847 412 aaat
874 350 1046 412 homicidae
1072 358 1203 430 praeter

194 438 340 499 mamam?

151 530 186 584 35
279 519 333 579 Est
348 520 462 580 interim
483 528 563 579 certa
580 518 686 593 finitio,
709 517 745 577 de
761 518 907 596 quainter
924 525 1202 597 utramquepartem

196 605 346 664 convenit:
371 613 402 663 ut
423 601 528 664 Cicero
556 602 640 678 dicit,
669 599 819 663 Maiestas
838 609 883 662 eet
903 603 936 663 ia
958 603 1087 681 imperio
1111 611 1203 679 atque

152 691 225 751 iiia
240 690 321 749 omai
333 688 440 766 populi
449 687 581 749 Romani
594 687 750 764 dignitato.
779 684 933 758 Quaeritur
947 694 1058 760 tamen,
1075 704 1117 747 aa
1135 703 1200 746 ma-

193 775 289 834 iestas
310 773 428 832 minato
447 773 501 847 ait,
526 770 602 830 utin
624 787 710 829 eausa
727 767 857 828 Cornelii
872 771 1034 848 quaesitum
1053 778 1108 828 est.
1144 770 1204 829 Sed

193 857 241 916 hie
257 856 369 915 etiamsi
384 854 484 914 similis
501 853 593 915 videri
609 861 708 930 potest
725 852 848 913 linitiva:
873 862 984 930 tamen,
1004 854 1070 931 qula
1090 853 1126 914 de
1142 854 1203 912 lini·

192 941 272 1000 tione
293 956 351 998 non
374 937 545 1016 ambigitur,
566 937 702 997 iudicatio
726 945 771 996 est
798 937 943 1015 qualitatis
969 947 1056 1016 atque
1077 937 1114 997 ad
1139 955 1204 996 eum

192 1025 289 1102 potius
315 1031 430 1083 statum
445 1021 628 1096 reducenda,
657 1021 693 1081 ad
718 1022 799 1080 ouius
826 1021 903 1080 forte
933 1022 1048 1100 quidem
1072 1023 1203 1080 venimus

192 1109 385 1183 mentionem,
401 1105 455 1165 sed
472 1114 534 1165 erat
549 1105 650 1164 ordine
666 1105 816 1182 proximus
832 1105 926 1164 loeus.

534 1258 578 1307 ult
611 1255 806 1317 QUALITATE.

279 1360 328 1420 lv.
365 1361 419 1422 Est
432 1369 528 1421 autem
549 1359 717 1439 qualitas
739 1358 794 1420 alia
809 1357 846 1417 de
862 1375 971 1417 summo
987 1377 1098 1437 genere
1117 1370 1204 1440 atque

194 1463 229 1504 ea
248 1445 363 1523 quidem
382 1461 441 1504 non
462 1443 596 1523 simplex.
626 1443 699 1504 Nam
721 1453 750 1502 et
765 1442 858 1521 qualis
882 1443 919 1500 sit
935 1444 1075 1521 cuiusque
1093 1445 1136 1503 rei
1155 1463 1203 1504 na·

193 1537 257 1588 tura
278 1538 307 1588 et
330 1546 404 1606 quae
420 1528 527 1603 forma,
553 1530 714 1606 quaeritur:
734 1524 784 1587 Aa
803 1527 984 1588 immortalia
1004 1528 1130 1588 anima?
1155 1525 1205 1589 Aa

192 1613 329 1672 bumana
343 1614 447 1690 speeie
463 1613 564 1673 deaei
587 1620 617 1670 et
634 1611 670 1671 de
685 1609 879 1689 magnitudine
895 1627 931 1669 ae
945 1627 1081 1685 numero,
1100 1609 1205 1684 ana-

193 1704 242 1757 me
263 1697 331 1756 sot?
353 1705 382 1754 et
402 1693 451 1755 Aa
468 1713 548 1756 anas
569 1696 724 1756 mandas?
745 1694 827 1768 Quae
849 1695 942 1753 omnia
958 1695 1126 1754 eonieetura
1143 1698 1203 1775 qui·

194 1778 259 1837 dem
275 1777 467 1856 colliguntur,
497 1779 696 1857 quaestionem
714 1787 810 1838 tamen
829 1776 936 1838 babent
953 1779 981 1836 in
999 1795 1055 1854 eo,
1083 1779 1204 1857 qualia

165 1858 293 1929 asint?
318 1860 399 1922 Haeo
428 1871 457 1921 et
486 1863 515 1921 in
541 1863 680 1933 suasoriis
703 1863 821 1922 tractari
843 1861 955 1937 solent,
977 1870 1023 1937 ut,
1047 1864 1072 1922 si
1095 1860 1204 1922 Caesar

194 1945 354 2022 deliberet,
371 1964 407 2006 an
419 1946 592 2006 Britanniam
605 1948 770 2024 impugnet:
793 1961 873 2024 qaae
893 1947 933 2006 ait
947 1943 1064 2007 Oceani
1075 1955 1202 2023 aotara,

193 2049 235 2093 oa
258 2029 423 2091 Britannia
450 2031 571 2106 inuata,
601 2029 687 2108 (nam
715 2039 773 2090 tum
799 2029 1002 2109 ignorabatur)
1025 2039 1143 2108 quanto
1166 2049 1205 2092 ea

194 2123 298 2189 terra,
315 2130 374 2192 qao
384 2133 510 2176 numero
520 2116 648 2176 militam
658 2115 888 2193 aggrediendo,
905 2115 933 2173 in
945 2115 1096 2175 eonsilium
1108 2114 1203 2173 feren·

194 2197 260 2257 dum
276 2198 322 2257 sit.
356 2196 457 2257 Eidem
469 2198 599 2275 qualitati
613 2199 774 2258 succedunt
788 2197 921 2257 facienda
937 2216 971 2258 aa
985 2215 1042 2256 non
1054 2198 1203 2266 facienda:

194 2281 375 2425 apqetenda,
388 2282 518 2351 vitanda;
538 2300 612 2361 quae
628 2283 657 2340 iu
672 2283 818 2341 suasorias
831 2281 946 2359 quidem
961 2283 1084 2341 maxime
1101 2284 1204 2342 cadunt

194 2383 227 2424 se
268 2367 297 2425 in
314 2367 524 2426 controversiis
547 2384 663 2444 quoque
684 2375 749 2425 sunt
770 2364 951 2443 frequentia,
973 2365 1028 2425 hae
1043 2365 1107 2425 sola
1123 2366 1204 2426 dille·

164 2451 304 2526 3rentia,
327 2449 404 2529 quod
426 2449 488 2509 illie
512 2450 674 2510 defuturis
699 2449 746 2508 hie
769 2448 805 2508 de
828 2448 912 2508 faotis
929 2450 1033 2525 agitur.
1067 2449 1139 2509 Item
1155 2450 1204 2509 de·

194 2536 400 2593 monstrativae
426 2534 517 2613 partis
543 2535 635 2594 omnia
661 2535 780 2592 suntin
805 2532 863 2592 hoe
887 2541 979 2592 statu:
1006 2534 1113 2593 laetum
1137 2551 1205 2592 esse

195 2626 325 2692 constat,
353 2617 439 2695 quale
466 2620 503 2675 sit
528 2617 635 2677 factum
657 2618 814 2694 quaeritur.
846 2614 893 2675 Lis
916 2625 961 2675 est
984 2619 1075 2677 omnis
1097 2626 1145 2677 aut
1168 2615 1205 2675 de

193 2702 324 2779 praemio
341 2710 388 2760 aut
404 2699 440 2759 de
456 2717 552 2778 poena
567 2710 616 2761 aut
631 2701 667 2760 de
684 2701 852 2778 quantitate.
882 2697 973 2777 Igitur
987 2719 1081 2779 genus
1098 2718 1205 2761 causae

194 2794 241 2845 aut
258 2785 382 2861 simplex
397 2793 446 2843 aut
458 2786 691 2863 comparativum,
723 2782 804 2859 lllio,
819 2784 886 2862 quid
901 2801 1040 2862 aequum,
1055 2783 1120 2861 hio,
1138 2783 1205 2862 quid

193 2868 314 2947 aequius
331 2876 379 2927 aut
400 2867 467 2945 quid
483 2869 688 2946 aequissimum
704 2868 759 2943 sit,
777 2869 930 2928 excutitur.

279 2947 349 3010 Cum
364 2951 400 3011 de
423 2968 467 3029 po
478 2969 542 3011 ena
557 2953 692 3011 iudicium
708 2958 769 3010 est:
792 2969 808 3012 a
823 2960 907 3030 parte
924 2953 1007 3027 eius,
1025 2953 1074 3030 qui
1089 2969 1205 3012 eausam

194 3035 279 3110 dicit,
303 3043 351 3094 aut
366 3034 500 3094 defensio
517 3045 562 3094 est
579 3036 703 3094 oriminis
722 3044 770 3095 aut
788 3035 963 3095 dimminutio
980 3043 1028 3094 aut
1053 3036 1203 3096 excusatio

194 3127 259 3194 aut,
279 3127 309 3177 ut
325 3119 439 3196 quidam
453 3129 570 3198 putant,
590 3120 769 3196 deprecatio.

164 3210 182 3261 4
275 3201 463 3262 Defensio
486 3204 576 3280 longe
598 3204 799 3281 potentissima
819 3211 881 3279 est,
904 3219 960 3281 qua
975 3205 1070 3281 ipsum
1086 3202 1203 3278 factum,

195 3285 273 3362 quod
288 3285 440 3363 obiicitur,
462 3286 580 3346 dicimus
597 3286 749 3346 honestum
766 3304 843 3346 esse.
881 3283 1058 3348 Abdiooter
1078 3287 1202 3364 aliquia,

194 3368 276 3446 qaod
289 3370 382 3432 iaoito
390 3379 483 3449 patre
493 3372 644 3445 militarit,
661 3371 790 3432 bonores
801 3371 939 3449 petierit,
961 3389 1090 3432 oaorem
1105 3371 1204 3432 duae·

192 3453 251 3512 rit:
276 3460 404 3529 tuemur,
426 3454 504 3534 quod
524 3454 656 3513 fecimus.
691 3452 804 3513 Partem
825 3453 899 3513 lrane
919 3463 1026 3514 vocant
1042 3453 1202 3531 Hermago-
