2566 4026
244 156 306 220 218
561 171 923 232 murmurmurmur

243 343 315 406 quas
331 343 425 405 neque
443 325 602 403 generatim
617 324 732 386 tradere
744 335 790 387 sat
802 336 865 405 est,
883 346 946 389 oum
959 345 997 388 ex
1010 327 1139 406 qnalibet
1153 345 1250 388 earum

242 407 457 470 innumerabilis
478 417 712 486 argumentorum
735 412 820 489 copia
845 412 968 480 oriatur;
994 429 1091 491 neque
1112 429 1166 490 per
1192 412 1249 472 sin·

242 492 326 571 gulas
347 493 464 571 species
487 494 593 570 exequi
616 494 740 571 patiatur
761 503 862 555 natura
882 511 994 572 rerum,
1020 496 1098 573 quod
1119 496 1250 574 quisunt

241 578 340 638 faeere
364 577 476 651 conati,
503 575 560 636 duo
583 579 692 654 pariter
714 576 863 637 subierunt
883 578 1080 655 incommoda,
1104 588 1134 638 ut
1156 587 1186 638 et
1208 580 1249 638 ni·

183 669 232 722 101
240 661 325 720 mium
343 660 474 720 dicerent
494 677 550 719 nec
571 669 667 719 tamen
686 668 787 720 totum.
831 660 901 720 lndc
917 662 1047 741 plurimi,
1069 680 1134 721 cum
1150 663 1249 723 iubos

241 743 464 822 inexplicabiles
487 743 608 821 laqueos
630 744 805 820 inciderunt,
835 760 963 821 omnem,
995 746 1079 805 etiam
1103 763 1187 824 quem
1212 765 1250 807 ex

240 829 357 905 ingenio
381 844 433 887 suo
457 835 590 905 poterant
610 826 736 903 babere,
763 837 896 888 conatum
916 828 998 889 velut
1021 829 1132 888 astricti
1160 830 1249 890 certis

241 911 339 989 legum
354 910 477 971 vinculis
492 910 695 989 perdiderunt,
720 919 748 970 et
763 913 930 989 magistrum
952 913 1146 990 respicientes
1168 922 1248 972 natu·

182 1002 301 1056 lotram
325 995 428 1055 ducem
454 996 538 1074 sequi
562 994 719 1054 desierunt.
764 992 837 1054 Nam
861 1003 892 1054 ut
912 1012 966 1073 per
987 1012 1020 1055 se
1042 1012 1100 1055 non
1122 996 1249 1056 sufficie.

241 1081 335 1156 scire,
363 1095 462 1139 omnes
486 1077 673 1158 probationes
696 1086 744 1137 aut
768 1094 784 1137 a
805 1080 938 1157 personis
961 1087 1009 1138 aut
1031 1096 1047 1139 a
1068 1079 1158 1139 rebus
1176 1081 1248 1158 peti,

243 1164 309 1242 quia
329 1172 482 1243 utrumque
502 1163 531 1221 in
551 1161 633 1240 plura
660 1161 809 1222 dividitur:
836 1164 874 1223 ita
898 1179 936 1222 ex
957 1162 1197 1223 antecedentibus
1220 1172 1250 1224 et

241 1247 345 1306 iunctis
361 1255 391 1306 et
406 1245 593 1324 sequentibus
612 1245 750 1306 trahenda
766 1263 833 1305 esse
845 1254 1014 1323 argumenta
1026 1247 1074 1324 qui
1086 1248 1248 1324 acceperit!

243 1348 309 1390 num
324 1332 454 1408 protinus
470 1332 499 1389 in
515 1330 573 1390 hoc
590 1331 626 1389 sit
642 1331 814 1406 instructus,
838 1338 884 1406 ut,
909 1329 977 1408 quid
992 1331 1020 1389 in
1032 1347 1148 1408 quaque
1161 1347 1249 1390 causa

182 1413 403 1477 103ducendum
419 1416 456 1474 sit
473 1432 510 1474 ex
527 1413 589 1491 his,
613 1410 708 1472 sciat?
732 1415 921 1491 praesertim,
945 1431 1008 1473 cum
1025 1413 1165 1492 plurimae
1181 1431 1235 1492 pro

238 1496 373 1558 bationes
394 1499 423 1557 in
442 1499 507 1577 ipso
529 1514 679 1558 causarum
695 1496 851 1575 complexu
867 1498 1067 1575 reperiantur,
1091 1498 1129 1556 ita
1145 1505 1175 1556 ιιι
1194 1499 1250 1556 sim

240 1598 304 1641 cum
325 1580 381 1641 alia
401 1581 453 1640 lite
473 1580 549 1641 nulla
573 1597 754 1656 communes,
778 1596 892 1658 eaeque
908 1581 963 1640 sint
979 1589 1009 1641 et
1028 1581 1249 1659 potentissimae

243 1672 272 1724 et
292 1665 406 1724 minime
424 1664 545 1740 obviae,
573 1665 638 1742 quia
657 1665 816 1725 communia
832 1681 869 1723 ex
884 1664 1051 1743 praeceptis
1069 1665 1247 1742 accepimus,

183 1749 361 1826 lolpropria
388 1748 559 1808 invenienda
586 1756 659 1807 sunt.
709 1746 772 1807 lloo
796 1765 890 1825 genus
917 1757 1152 1827 argumentorum
1178 1765 1249 1808 sane

242 1830 370 1891 dicamus
393 1849 436 1892 ex
460 1833 755 1907 circumstantia,
779 1833 845 1909 quia
858 1831 1029 1911 περίστασιν
1046 1832 1146 1893 dicere
1163 1829 1248 1890 aliter

241 1932 299 1975 uon
326 1932 497 1994 possumus,
526 1915 575 1975 vel
600 1933 638 1974 ex
657 1916 707 1990 iis,
738 1933 812 1993 quae
835 1917 975 1994 cuiusque
999 1932 1106 1976 causae
1129 1917 1249 1994 propria

241 2008 322 2060 sunt:
346 2008 376 2059 ut
391 2002 420 2058 in
435 1999 487 2059 illo
501 1999 633 2059 adultero
649 1999 819 2076 sacerdote,
844 1999 892 2078 qni
907 1999 991 2076 lege,
1016 2017 1072 2078 qna
1087 2001 1171 2058 unius
1187 2016 1248 2058 ser·

241 2082 327 2143 randi
342 2091 517 2161 potestatem
538 2083 679 2159 habebat,
703 2101 736 2143 se
753 2084 817 2161 ipse
833 2101 953 2143 servare
968 2083 1077 2159 voluit,
1100 2084 1250 2160 proprium

243 2169 463 2227 controversiae
487 2176 531 2227 est
552 2168 667 2242 dicere,
698 2164 766 2228 Non
791 2186 886 2227 unum
905 2172 1064 2228 nocentem
1084 2166 1248 2241 serendae,

243 2251 317 2329 poio
345 2258 374 2311 te
403 2252 528 2313 dimisso
549 2251 724 2313 adulterum
755 2253 898 2314 occidere
924 2270 985 2312 ooo
1011 2250 1133 2312 licebat.
1185 2247 1249 2307 lloc

244 2335 319 2394 enirn
341 2343 538 2412 argumentum
559 2335 609 2394 lex
631 2335 720 2410 facit,
750 2352 824 2413 qnae
846 2334 983 2413 prohibet
1005 2333 1163 2394 adulteram
1186 2333 1249 2392 sine

183 2427 234 2479 105
245 2417 377 2478 adultero
400 2419 547 2479 occidere.
591 2416 630 2478 Et
651 2418 718 2494 illa,
743 2418 770 2476 in
792 2436 847 2496 qua
869 2417 926 2478 lata
948 2417 998 2477 lex
1013 2424 1075 2493 est,
1097 2425 1128 2476 ut
1145 2433 1248 2494 argen-

242 2502 307 2561 tarii
326 2502 469 2563 dimidium
490 2521 528 2562 ex
549 2519 601 2578 eo,
633 2502 709 2580 quod
732 2501 893 2578 debebant,
920 2501 1085 2570 soluerent3
1110 2498 1250 2559 creditum

243 2603 325 2644 suum
345 2595 436 2646 totum
459 2587 621 2662 exigerent.
667 2584 858 2662 Argentarius
881 2584 916 2644 ab
940 2585 1107 2662 argentario
1126 2583 1250 2644 solidum

193 2681 198 2691 ·
243 2670 326 2748 petit.
372 2669 522 2748 Proprium
545 2686 582 2728 ex
602 2669 721 2728 materia
737 2677 782 2728 est
799 2676 997 2744 argumentum
1013 2666 1184 2743 creditoris,
1208 2664 1249 2725 id·

244 2753 324 2812 circo
347 2751 489 2812 adiectum
510 2769 578 2811 esse
593 2752 621 2811 in
637 2750 722 2828 lege,
745 2759 776 2811 ut
790 2753 971 2828 argentarius
989 2760 1081 2811 totum
1099 2750 1248 2827 exigerem

244 2835 385 2895 adversus
403 2834 478 2895 alios
496 2836 570 2894 enim
586 2850 643 2893 non
660 2850 733 2913 opus
750 2833 840 2893 luisse
856 2834 942 2912 lege,
967 2851 1031 2894 cum
1049 2849 1149 2893 omnes
1164 2850 1249 2912 prae·

185 2926 236 2982 106
245 2927 376 2997 terquam
397 2917 432 2978 ab
456 2919 626 2996 argentariis
649 2926 739 2977 totum
763 2918 898 2995 exigendi
918 2920 962 2978 ius
980 2917 1130 2977 haberent.
1179 2913 1250 2976 Gom

241 3003 330 3063 multa
346 3011 440 3063 autern
455 3012 597 3062 novantur
610 3003 638 3061 in
654 3002 730 3061 omni
744 3019 855 3079 genere
866 3003 1004 3062 materiae
1018 3010 1077 3061 tum
1089 3001 1249 3079 praecipue

242 3088 325 3146 iniis
348 3086 581 3164 quaestionibus,
611 3103 686 3164 qnae
707 3087 817 3164 scripto
840 3095 989 3162 constant,
1011 3085 1078 3162 quia
1099 3100 1203 3144 vocum
1220 3092 1250 3143 et

243 3171 273 3228 in
288 3169 409 3247 singulis
427 3169 597 3248 ambiguitas
612 3169 751 3247 frequens
768 3177 797 3228 et
813 3169 906 3229 adhuc
924 3171 952 3228 in
967 3169 1129 3228 coniunctis
1144 3168 1247 3245 magis.

186 3251 283 3316 mutat
302 3253 377 3313 baec
398 3254 461 3331 ipsa
482 3253 605 3332 plurium
626 3253 724 3331 legum
744 3252 902 3312 aliorumve
919 3252 1094 3330 scriptorum
1112 3250 1161 3310 vel
1180 3267 1248 3311 con·

244 3338 407 3414 gruentium
423 3336 472 3396 rel
486 3339 705 3416 repugnantium
721 3335 875 3414 complexu
890 3337 1038 3395 varientur
1052 3352 1178 3396 necesse
1192 3342 1248 3408 est,

245 3439 308 3480 cum
329 3437 377 3479 res
399 3421 442 3479 rei
466 3430 514 3480 aut
534 3423 579 3480 ius
594 3421 663 3479 iuris
681 3420 762 3498 quasi
778 3419 888 3495 signum
905 3427 959 3479 est.
1005 3416 1073 3480 Noa
1089 3417 1182 3481 debui
1196 3419 1250 3480 ott
