2566 4026
153 105 195 165 58
468 116 505 163 n.
523 114 602 162 ran.
620 113 841 175 cururrnmur

152 291 188 333 ne
206 271 299 332 dicam
318 286 418 329 somno
438 277 466 328 et
484 267 683 327 conviviorum
699 285 797 343 mora,
822 277 1020 345 conteruntur,
1039 287 1158 348 geome-

152 366 216 415 trae
238 356 334 434 potius
358 372 392 414 ac
416 354 528 412 musico
553 351 709 430 impendat,
734 361 840 431 quanto
864 353 929 430 plus
954 353 1159 414 delectationis

114 439 301 506 19habiturus
321 455 405 517 quam
424 436 537 498 exiliis
557 436 706 496 ineruditis
727 436 934 516 voluptatibus.
980 438 1069 498 Dedit
1085 439 1160 498 enim

151 525 208 583 hoc
230 521 412 601 providentia
433 519 595 581 hominibus
616 538 734 596 munus,
764 529 795 579 ut
819 520 943 581 honesta
965 524 1057 599 magis
1080 524 1159 582 iuva-

151 616 224 667 rent.
271 606 329 668 Sed
349 623 402 665 nos
421 604 495 666 haec
513 607 577 682 ipsa
599 604 723 664 dulcedo
743 604 858 681 longius
878 606 966 665 duxit.
1012 606 1159 666 Hactenus

152 708 224 768 ergo
248 691 285 750 de
305 689 423 766 studiis⁷
446 688 567 768 quibus,
590 697 743 766 antequam
762 690 872 749 maiora
892 692 1004 769 capiat,
1030 708 1104 768 puer
1118 693 1158 749 in-

151 775 312 834 stituendus
333 784 389 843 est3
408 775 557 853 proximus
576 771 651 832 liber
671 773 751 832 velut
769 789 874 832 novum
894 783 988 834 sumet
1010 775 1160 835 exordium

152 868 180 919 et
203 859 239 919 ad
262 859 387 919 rhetoris
412 858 511 919 oliicia
533 855 674 916 transibit.

472 1271 474 1275 Α
534 1195 696 1260 arana
726 1197 772 1261 Π.

150 1331 227 1382 Libro
242 1331 354 1381 secundo
370 1330 433 1382 haee
451 1333 621 1381 continentur:
647 1330 752 1391 Quando
772 1330 868 1378 rhetori
883 1329 1067 1380 tradendussit
1082 1346 1156 1396 puer.

185 1400 223 1449 De
238 1400 352 1450 moribus
372 1407 395 1449 et
413 1399 506 1450 ciliciis
521 1402 704 1466 praeceptoris.
735 1401 775 1449 An
788 1401 904 1464 protinus
916 1405 1082 1464 praeceptore
1092 1400 1159 1466 opti-

184 1482 225 1518 mo
243 1470 276 1517 sit
286 1468 416 1519 utendum.
443 1469 480 1518 De
489 1470 580 1535 primis
592 1470 661 1535 apud
675 1469 802 1518 rhetorem
813 1468 1047 1522 exercitationibus.
1073 1468 1110 1518 De
1122 1469 1160 1519 le·

184 1538 267 1588 ctione
277 1544 403 1588 oratorum
416 1544 440 1586 et
451 1536 630 1589 historicorum
643 1538 713 1605 apud
724 1537 860 1589 rhetorem.
891 1535 938 1594 Qui
951 1538 1029 1604 primi
1046 1537 1157 1604 legendi.

185 1607 222 1655 De
236 1606 363 1656 divisione
374 1613 399 1655 et
411 1606 596 1671 parenchiresi,
615 1608 645 1657 de
657 1607 804 1656 ediscendo.
829 1609 870 1656 An
883 1607 1022 1656 secundum
1036 1608 1076 1657 sui
1089 1607 1159 1670 quis-

185 1690 234 1737 quc
250 1676 347 1740 ingenii
357 1681 472 1725 naturam
485 1676 614 1727 docendus
628 1677 669 1728 sit.
696 1675 734 1725 De
747 1675 832 1727 allicio
844 1675 1037 1740 discipulorum.
1062 1676 1159 1725 Denti-

185 1744 255 1794 iitatc
272 1752 297 1794 et
314 1746 412 1794 ratione
427 1745 596 1798 declamandi.
625 1746 666 1795 An
683 1746 745 1795 artis
760 1746 907 1797 necessaria
924 1744 1044 1810 cognitio.
1076 1743 1159 1802 Quare

184 1813 306 1863 ineruditi
317 1814 502 1879 ingeniosiores
515 1815 593 1879 vulgo
604 1814 754 1868 habeantur.
782 1813 843 1872 Quis
861 1814 952 1864 modus
963 1815 990 1863 in
999 1821 1061 1878 arte,
1087 1813 1158 1863 Divi-

184 1884 223 1933 sio
238 1883 315 1934 totius
338 1884 431 1949 operis.
468 1884 534 1943 Quid
551 1885 585 1933 sit
599 1883 724 1933 rhetorice
739 1892 763 1934 et
780 1886 837 1948 quis
856 1885 910 1933 eius
928 1883 996 1935 finis.
1023 1885 1063 1932 An
1076 1882 1156 1936 utilis.

184 1953 226 2002 Au
243 1967 294 2005 ars.
326 1953 366 2002 Ex
379 1953 471 2016 quibus
485 1953 592 2003 artibus.
626 1952 722 2004 Natura
735 1969 767 2003 an
788 1953 903 2003 doctrina
916 1953 974 2018 plus
993 1954 1017 2001 ei
1034 1953 1156 2003 conterat.

184 2023 226 2071 An
239 2022 320 2072 virtus
330 2020 463 2075 rhetorice.
496 2021 565 2080 Quae
576 2025 681 2072 materia
694 2022 758 2074 eius.

314 2157 446 2216 QUANDO
465 2160 609 2210 RHETORI
628 2161 647 2209 T
650 2159 829 2211 RADENDUS
842 2159 892 2209 SiT
905 2159 998 2212 I'UER.

220 2269 243 2330 1.
277 2245 381 2338 Tenuit
405 2275 601 2351 consuetudo,
631 2293 705 2354 quae
735 2276 842 2337 cotidie
871 2277 963 2352 magis
992 2273 1156 2350 invalescit,

149 2364 180 2414 ut
202 2356 444 2434 praeceptoribus
468 2357 671 2437 eloquentiae,
700 2357 807 2421 Latinis
831 2359 947 2440 quidem
967 2377 1084 2437 semper
1105 2357 1157 2418 sed

151 2440 237 2499 etiam
260 2437 379 2500 Graecis
401 2443 530 2519 interim,
561 2443 695 2523 discipuli
717 2446 811 2505 serlus
847 2446 1028 2524 quam-ratio
1049 2449 1156 2523 qustu·

151 2522 201 2598 lat,
225 2524 417 2584 traderentur.
461 2524 532 2587 Eius
555 2531 598 2587 rei
620 2528 728 2608 duplex
752 2547 839 2589 causa
858 2537 912 2603 est,
935 2527 1013 2604 quod
1036 2536 1065 2586 et
1091 2526 1157 2586 rhe-

150 2617 230 2667 tores
257 2609 356 2687 utique
379 2613 476 2670 nostri
505 2630 573 2671 suas
601 2621 700 2690 partes
725 2614 883 2672 omiserunt
919 2619 948 2668 et
978 2611 1157 2685 grammatici

120 2691 260 2758 aalienas
280 2704 508 2772 occupaverunt.
537 2693 610 2754 Nam
628 2705 657 2754 et
673 2695 715 2755 ilii
732 2695 898 2756 declamare
915 2692 1001 2752 modo
1018 2701 1047 2752 et
1061 2693 1155 2751 seien-

151 2777 219 2835 tiam
242 2775 421 2838 declamandi
443 2797 478 2838 ac
507 2777 674 2838 facultatem
706 2779 821 2839 tradere
851 2776 941 2837 oliicii
961 2777 1009 2836 sui
1039 2776 1155 2853 ducunt,

151 2859 238 2939 idque
254 2861 327 2921 intra
343 2861 548 2922 deliberativas
564 2862 773 2941 iudicialesque
793 2862 928 2921 materias
951 2862 1036 2939 (nam
1049 2869 1156 2934 ,cetera

151 2953 181 3003 ut
204 2944 389 3022 professione
412 2964 463 3006 sua
481 2947 589 3005 minora
613 2946 807 3026 despIciunt);
831 2945 905 3006 ethi
923 2964 980 3006 non
1002 2947 1072 3006 satis
1094 2964 1156 3012 cre·

151 3027 219 3087 dunt
238 3032 404 3108 excepisse,
426 3048 500 3109 quae
518 3029 622 3090 relicta
641 3039 732 3106 erant,
753 3031 826 3109 (quc
846 3032 960 3090 nomine
975 3031 1068 3107 gratia
1085 3047 1156 3108 qao·

151 3128 208 3189 que
230 3113 265 3170 iis
287 3113 420 3174 habenda
443 3116 510 3194 est)
543 3113 595 3174 sed
618 3115 654 3177 ad
671 3123 908 3194 prosopopoeiae
927 3133 1021 3193 usqne
1040 3132 1075 3172 ac
1091 3119 1155 3174 sua·

150 3197 255 3272 corias,
275 3198 423 3276 inquibus
442 3216 513 3258 onus
534 3197 647 3258 dicendi
662 3199 712 3259 vel
730 3201 882 3260 maximum
902 3209 964 3276 est,
985 3202 1154 3277 irrumpunt.

121 3285 223 3348 itHinc
240 3300 312 3361 ergo
331 3282 445 3358 accidit,
467 3292 508 3360 ut,
527 3300 601 3360 quae
622 3282 742 3343 alterius
761 3286 830 3345 artis
845 3286 937 3364 prima
956 3290 1037 3342 erant
1052 3299 1154 3361 opera,

151 3370 227 3431 lacta
250 3372 306 3430 sint
329 3368 449 3429 alterius
472 3366 642 3434 novissima;
664 3376 694 3451 et
716 3377 797 3428 aetas
817 3368 967 3428 altioribus
989 3369 1045 3427 iam
1069 3365 1153 3427 disci·
