2566 4026
385 212 475 260 rusa.
489 212 853 281 oannoa.u1n.v111,e.
1082 205 1122 268 85

116 366 193 444 quod
213 367 306 426 oratio
324 384 505 444 nequaquam
520 367 653 444 recipiet.
691 367 731 426 At
747 368 775 427 id
791 369 906 447 quidem
922 380 982 448 est,
1000 383 1123 453 propter

117 449 194 528 quod
216 449 273 509 dici
289 459 391 528 tropus
414 451 523 528 possit,
542 452 607 527 quia
626 452 842 530 componendus
859 462 904 513 est
922 473 938 513 e
954 455 1066 516 duobus
1081 459 1122 517 in·

115 533 264 593 tellectus.
302 532 437 611 Alioqui,
454 533 502 592 ubi
517 532 587 593 nihil
602 551 639 592 ex
654 535 865 612 significatione
880 547 1017 598 mutatum
1033 549 1078 600 est
1096 551 1164 607 etot

115 625 260 676 structura
280 617 345 677 sola
365 618 508 693 variatur,
533 616 624 693 ligura
640 620 738 697 potius
757 618 912 679 verborum
933 622 990 682 dici
1012 633 1121 702 potest,

115 701 191 759 sicut
213 700 294 759 multi
319 702 527 761 existimarunt.
565 699 673 779 Longis
693 711 788 762 autem
809 703 979 782 hyperbatis
1003 716 1033 766 et
1055 726 1122 771 con-

114 784 188 844 fusis
206 800 281 861 quae
297 785 365 844 vitia
381 785 532 860 accidunt,
549 801 602 843 suo
619 785 688 846 loco
704 786 836 846 diximus.

199 866 442 946 Hyperbolen
467 869 630 928 audacioris
654 879 771 930 ornatus
800 888 910 931 summo
938 872 1005 933 loco
1027 878 1121 953 posui.

114 948 168 1010 Est
183 950 258 1010 hacc
274 952 383 1011 decens
400 953 464 1011 veri
480 953 669 1031 superiectio.
696 952 795 1013 Virtus
812 956 873 1014 eius
889 973 926 1014 ex
938 956 1054 1018 diverso
1070 977 1123 1038 par

114 1035 240 1111 augendi
255 1042 343 1114 atque
358 1035 511 1095 minuendi.
547 1033 592 1095 Fit
607 1037 737 1115 pluribus
757 1039 860 1098 modis.
895 1037 952 1099 Aut
967 1042 1041 1100 enim
1057 1043 1122 1121 plus
1130 1053 1164 1108 68

114 1117 192 1180 iacto
211 1117 347 1179 dicimus:
371 1128 401 1178 ut
421 1118 549 1181 Veniens
563 1121 673 1199 suasis
693 1123 855 1183 aculeatis
869 1125 1018 1201 premium
1035 1145 1123 1188 mum

114 1209 144 1261 el
160 1209 255 1262 tolum
272 1204 409 1264 tribunal
421 1204 573 1281 inplicta
595 1212 624 1263 et

244 1320 282 1330 -
298 1286 475 1364 Geminique
497 1288 653 1349 minantur
673 1288 712 1350 In
729 1290 844 1353 coelum
858 1293 977 1372 scopuli
982 1315 996 1363 ,-

113 1376 226 1433 autres
243 1387 298 1452 per
319 1370 532 1430 similitudinem
554 1371 726 1433 attollimus:
1064 1378 1067 1383 '

280 1492 323 1502 -
339 1451 461 1519 Credas
475 1456 587 1515 innare
600 1457 742 1519 necuim
758 1454 915 1538 Cycladas
921 1481 935 1530 ‚-

113 1549 162 1600 aut
179 1558 233 1618 per
249 1542 510 1619 comparationem,
529 1548 560 1598 ut
1129 1555 1164 1610 59

406 1659 448 1671 -
467 1623 614 1685 Fulminis
634 1625 719 1686 ocior
741 1625 819 1696 alis;

114 1715 163 1768 aut
178 1709 268 1785 signis
281 1709 363 1786 quasi
378 1708 564 1787 quibusdam:

199 1790 260 1852 Illa
276 1793 327 1853 oei
346 1794 483 1854 intactae
500 1794 611 1871 sepelis
628 1810 687 1872 per
708 1811 826 1854 minino
840 1795 958 1856 coloret

199 1875 348 1937 Graniino
361 1895 419 1937 nec
435 1883 557 1938 teneras
574 1895 669 1938 cursu
684 1877 823 1940 laesisset
833 1879 969 1949 amatam

113 1959 162 2019 vel
177 1958 380 2035 translatione,
396 1968 428 2018 ut
442 1961 535 2037 ipsum
551 1959 622 2020 illud
636 1962 763 2023 coloret.
808 1958 922 2021 Grescit
942 1961 1054 2020 interim
1069 1959 1120 2035 hy·
1130 1973 1164 2030 70

113 2042 238 2122 perbole
264 2043 320 2103 alia
342 2045 461 2122 insuper
485 2044 596 2120 addita,
626 2052 658 2103 ut
678 2043 782 2105 Cicero
810 2046 839 2103 in
856 2045 1010 2104 Antonium
1035 2043 1119 2104 dicit:

115 2125 205 2200 Quae
227 2123 401 2207 Charybdis
424 2135 486 2188 tarn
505 2129 627 2189 aaran?
669 2124 847 2208 Charybdin
874 2129 967 2192 dico?
995 2129 1123 2206 quaesi

110 2212 190 2291 fuit,
205 2211 265 2290 fnit
278 2212 396 2273 animal
408 2229 521 2271 unum:
546 2207 706 2288 Ooeunus,
729 2210 848 2273 medius
867 2212 977 2289 fidius,
1000 2213 1055 2272 oia
1075 2212 1121 2271 oi-

114 2296 343 2372 deducturos,
365 2303 428 2356 lans
444 2295 627 2372 dissipatas,
650 2303 713 2355 tani
730 2296 913 2357 distantibus
927 2297 960 2355 in
974 2294 1050 2355 locis
1063 2312 1120 2370 po-

113 2379 206 2455 sitas,
222 2385 285 2439 iam
296 2380 354 2440 cito
368 2379 536 2439 absorbere
548 2378 694 2455 potuisse.
717 2376 898 2456 Exquisitam
912 2394 984 2437 vero
1004 2377 1122 2453 liguram
1130 2384 1162 2440 71

114 2463 197 2522 huius
213 2463 256 2520 rei
272 2462 502 2540 deprehendisse
518 2461 594 2539 apud
609 2463 769 2539 principem
786 2460 954 2535 Lyricorum
970 2460 1120 2520 Pindarum

114 2544 218 2605 videor
233 2546 262 2605 in
279 2545 371 2621 libro,
388 2563 473 2623 quem
489 2545 637 2622 inscripsit
650 2538 770 2621 ὕμνους.
803 2543 831 2603 ls
846 2563 970 2623 namque
985 2542 1120 2603 Herculis

115 2631 251 2707 impetum
268 2629 408 2689 adversus
424 2628 578 2707 Meropas,
605 2629 654 2706 qui
675 2629 704 2688 in
721 2628 813 2688 insula
830 2625 893 2688 Goo
920 2629 1051 2688 dicuntur
1071 2626 1121 2685 ha·

113 2713 241 2788 ditasse,
264 2729 322 2772 non
340 2715 400 2790 igni
415 2731 470 2772 nec
485 2714 578 2772 ventis
596 2730 651 2772 nec
666 2714 737 2773 mari
759 2712 811 2771 sed
832 2712 941 2782 fulmini
958 2711 1027 2772 dicit
1045 2711 1120 2769 simi·

113 2796 173 2856 lem
188 2796 296 2871 luisse,
320 2806 351 2856 ut
378 2797 428 2857 illa
450 2798 576 2872 minora,
602 2797 660 2856 hoc
686 2805 850 2876 parasset.
894 2795 979 2870 Quod
997 2796 1120 2854 imitatus
1130 2799 1163 2854 72

114 2876 238 2939 Cicero:
266 2879 316 2941 illa
347 2881 509 2958 composuit
531 2882 559 2939 in
579 2879 702 2940 Verrem
730 2879 922 2943 Versabatur
946 2882 979 2940 in
1011 2877 1121 2940 Sicilia

113 2965 203 3042 leupo
216 2964 378 3043 interuallo
391 2983 452 3025 non
461 2963 626 3043 Dionysius
639 2964 758 3026 illeneo
772 2963 930 3041 Phalaris,
947 2964 1028 3043 (initi
1043 2963 1122 3024 enim

112 3047 169 3108 illo
184 3048 339 3124 quondam
349 3049 452 3109 insula
462 3049 571 3109 multos
582 3055 611 3111 et
622 3048 766 3111 crudeles
776 3050 938 3129 tyrannos)
953 3048 1010 3110 sed
1024 3046 1121 3125 quod·

115 3132 189 3191 duni
205 3120 315 3192 niseum
329 3141 493 3193 monstrum
509 3150 549 3194 eu
563 3141 665 3194 cetere
682 3132 740 3194 illa
759 3134 963 3208 immanitate,
988 3146 1068 3209 quae
1090 3130 1121 3189 in

114 3215 224 3275 iisdem
250 3225 377 3277 uersuta
397 3217 473 3278 loeis
495 3218 620 3278 dicitur.
663 3213 731 3277 Non
750 3218 830 3278 enim
857 3214 1035 3296 Charybdin
1061 3222 1122 3274 tam

114 3298 258 3377 infestam
270 3315 369 3376 neque
380 3299 517 3378 Scyllam
527 3302 659 3362 cambus
670 3315 763 3378 quom
773 3301 863 3362 mlum
877 3301 910 3362 in
925 3300 1030 3361 eodem
1042 3298 1123 3378 freto

114 3381 213 3461 fuisse
227 3384 372 3445 arbitror.
408 3383 471 3444 Nec
488 3385 625 3460 pauciora
641 3393 705 3443 sunt
726 3401 837 3461 genera
858 3382 1018 3444 minuendi:
1131 3387 1164 3444 ta

420 3501 462 3512 --
480 3466 540 3528 Vin
553 3468 672 3530 ossibus
684 3468 820 3530 domem.
