2566 4026
319 165 409 212 msc.
433 163 582 213 causon.
604 165 674 213 urs.
694 165 727 230 v,
753 163 793 214 ιο.
1002 150 1064 214 219

45 320 241 400 pecuniam·
262 335 418 397 nunquam
433 338 480 380 ma
492 320 673 398 appellasti,
694 336 893 380 usuramnon
903 319 1061 399 accepisti,

59 406 139 466 ultro
160 420 180 463 a
200 421 248 463 me
271 411 426 463 mutuatus
450 421 492 463 es.
536 402 598 462 Lex
619 410 680 480 est,
710 399 771 475 Qui
782 403 869 480 patri
879 403 1064 481 proditionis

58 506 114 550 reo
135 505 196 549 non
214 484 353 568 offuerit,
383 487 513 548 ocberes
533 489 582 547 sit.
625 485 721 562 Negat
741 484 833 560 lilius,
857 487 920 547 nisi
932 489 961 548 si
971 493 1065 565 pater

57 571 216 633 absolutus
232 571 280 630 sit.
315 568 390 643 Quid
406 567 502 647 signi?
523 570 585 630 Lex
600 569 709 645 altera,
733 566 919 631 Proditionis
934 569 1063 632 domna·

59 663 109 716 tus
126 671 199 723 ,cum
223 652 374 715 aduocato
400 656 525 716 acutat·
562 650 667 713 Gicero
693 669 746 731 pro
774 649 908 712 cluentio
933 652 1122 720 Publiumlos

58 737 201 815 Popilium
223 744 252 795 et
272 735 419 796 Tiberium
442 734 554 797 Guttam
578 737 647 796 dicit
667 752 725 795 non
746 735 842 796 iudicii
864 738 992 814 corrupti
1010 737 1063 796 sed

57 820 181 881 ambitus
203 836 271 879 esse
293 820 452 881 damnatos.
497 818 573 893 Quid
592 816 687 898 signi?
715 818 792 898 quod
808 827 996 880 accusatores
1012 837 1063 879 ao·

58 923 136 979 rum,
167 905 216 980 qui
237 912 319 964 erant
340 904 396 981 ipsi
419 903 539 964 ambitus
555 903 693 980 damnati,
717 904 816 981 elege
836 904 893 963 sint
907 911 974 982 post
990 903 1064 963 hanc

56 989 208 1047 victoriam
230 988 364 1047 restituti.
409 985 472 1047 Nec
494 987 584 1046 minus
600 989 628 1046 in
641 987 699 1048 hoc
715 1004 803 1047 curae
819 986 907 1047 debet
923 985 1118 1063 adhibeamus

57 1071 126 1149 quid
147 1070 367 1148 proponendum
388 1088 487 1149 quam,
514 1070 659 1148 monsedo
680 1073 717 1130 sit
732 1071 810 1150 quod
824 1071 1062 1149 proposuerimus

57 1152 247 1234 probandum.
286 1153 340 1213 llic
355 1155 470 1213 omuino
486 1156 530 1212 vis
546 1155 735 1232 inventionis,
752 1157 777 1214 si
787 1171 846 1213 non
857 1155 965 1230 maior,
981 1162 1062 1213 certe

57 1240 147 1316 prior.
193 1234 266 1296 Nam
286 1246 317 1296 ut
338 1238 397 1297 tela
418 1255 599 1316 supervacua
621 1247 686 1297 sunt
701 1238 860 1314 nescienti,
884 1237 951 1317 quid
966 1245 1061 1316 petat:

57 1323 101 1383 sic
118 1329 302 1401 argumenta,
325 1322 379 1380 nisi
394 1321 575 1399 provideris,
599 1323 644 1380 cul
660 1322 703 1381 rei
719 1320 879 1382 adhihenda
895 1322 960 1380 siut.
998 1320 1063 1380 lloc

58 1417 120 1484 est,
143 1403 220 1484 quod
240 1403 447 1483 comprehendi
463 1413 524 1464 arte
540 1420 596 1463 non
611 1406 714 1484 possit.
754 1403 901 1483 Ideoque,
922 1423 985 1464 cum
997 1402 1122 1483 plu-110

56 1509 105 1551 res
119 1491 220 1550 eadem
232 1487 398 1563 didicerint,
415 1487 572 1565 generibus
585 1496 816 1566 argumentorum
828 1488 968 1548 similibus
980 1497 1062 1547 uten-

57 1584 116 1642 tur;
143 1574 215 1634 alius
236 1573 294 1632 aliu
314 1572 411 1652 plura,
436 1570 539 1649 quibus
560 1581 669 1648 utatur,
690 1572 826 1632 inveniet.
872 1573 915 1632 Sit
936 1570 1062 1650 exempli

57 1659 151 1737 gratia
172 1658 322 1736 proposita
348 1657 563 1732 controversia,
590 1673 664 1734 quae
687 1672 852 1716 communes
867 1657 981 1715 minime
999 1673 1062 1716 cnm

57 1741 122 1801 aliis
139 1743 326 1819 quaestiones
342 1739 445 1800 habet:
469 1735 544 1800 Cum
562 1738 680 1802 Tbebas
697 1741 855 1802 eoerdsset
867 1736 1061 1815 Alexander,
1070 1745 1119 1799 111

55 1827 170 1888 invonit
191 1825 328 1900 tabutas,
356 1824 479 1903 quibus,
508 1829 628 1885 centum
647 1824 763 1887 talanta
783 1831 888 1886 mutua
908 1822 1063 1885 Thessalis

57 1908 183 1971 dedisse
210 1905 384 1984 Thebanos,
417 1908 637 1969 continebatur.
680 1905 764 1984 Has,
795 1908 869 1986 quia
895 1915 965 1969 crat
987 1924 1063 1967 usus

55 1993 230 2054 commilitio
245 1990 471 2066 Thessalorum,
494 1992 618 2054 donauit
631 1991 678 2052 bis
692 1993 793 2062 ultro,·
812 1999 921 2071 postea
932 1989 1064 2052 restituti

56 2096 77 2138 o
96 2071 277 2137 Cassandro
295 2073 430 2138 Thebani
448 2084 612 2154 reposcunt
629 2073 798 2139 Thessalos.
843 2073 929 2153 Apud
944 2072 1062 2152 Amphi-

58 2161 170 2219 ctionas
192 2160 295 2236 agitur.
342 2156 462 2219 Centum
484 2159 591 2218 talenta
611 2167 640 2219 et
656 2159 815 2220 credidisse
832 2174 884 2219 eos
903 2164 1018 2219 constat
1033 2164 1062 2216 et

57 2259 114 2302 non
135 2243 296 2320 recepisse.
340 2241 388 2301 Lis
406 2243 496 2302 omnis
512 2260 550 2301 ex
567 2260 621 2318 eo,
642 2242 719 2321 quod
735 2241 903 2303 Alexander
918 2259 953 2301 ea
969 2240 1122 2301 Thes-112

57 2325 127 2386 salis
151 2325 276 2386 donasse
297 2325 415 2402 dicitur,
441 2325 557 2404 pendet.
609 2322 730 2384 Constat
751 2326 822 2387 illud
844 2341 978 2404 quoque,
1006 2341 1062 2383 non

57 2427 126 2470 esse
144 2409 189 2468 his
204 2408 239 2469 ab
256 2409 423 2470 Alexandro
440 2410 591 2488 pecuniam
607 2408 716 2476 datam;
744 2409 891 2487 quaeritur
909 2424 999 2484 erqo,
1027 2423 1063 2466 an

57 2493 181 2572 proinde
196 2494 250 2569 sit,
274 2492 353 2573 quod
368 2493 462 2553 datum
479 2500 539 2568 est,
562 2493 636 2551 acsi
651 2494 803 2570 pecuniam
819 2486 955 2552 dederit?
988 2488 1122 2563 Quidue

57 2575 218 2655 proderunt
236 2586 469 2654 argumentorum
487 2577 561 2652 loci,
590 2576 646 2635 nisi
662 2575 736 2636 haec
753 2577 833 2655 prius
850 2573 970 2650 videro,
993 2572 1063 2633 nihil

58 2678 123 2719 eum
145 2660 244 2737 egisse
270 2660 420 2736 donando,
449 2677 506 2720 uon
529 2661 660 2739 potuisse
684 2659 809 2735 donare,
835 2652 1063 2718 condonasse?

56 2744 95 2804 Et
111 2744 204 2820 prima
220 2744 336 2821 quidem
350 2747 426 2804 actis
444 2743 538 2804 facilis
554 2763 589 2805 ac
603 2742 772 2823 favorabilis
784 2743 977 2822 repetentium
988 2741 1068 2816 iure,

59 2827 137 2906 quod
157 2828 186 2886 vi
207 2828 244 2886 sit
264 2827 402 2896 ablatum;
426 2828 478 2889 sed
499 2827 566 2888 hinc
586 2827 742 2887 vehemens
758 2827 891 2907 quaestio
908 2835 938 2887 et
958 2840 1064 2903 aspera

59 2913 190 2971 exoritur
205 2909 242 2970 de
257 2912 320 2970 iure
335 2911 422 2987 belli,
444 2911 605 2972 dicentibus
624 2910 791 2986 Thessalis,
813 2910 871 2971 boc
885 2928 992 2988 regna,
1011 2924 1063 2988 pc·

58 2994 163 3074 pulos,
191 2993 263 3054 lines
286 2996 413 3072 gentium
435 3004 521 3074 atque
536 2995 647 3055 urbium
663 2995 814 3054 contineri.
858 2993 1064 3054 lnvaniendum
1072 2999 1124 3054 114

59 3087 160 3138 contra
177 3087 238 3152 est,
263 3095 319 3156 qua
336 3079 423 3138 distet
438 3078 512 3139 haec
527 3097 614 3139 causa
631 3097 647 3140 a
663 3079 786 3154 ceteris,
807 3096 882 3158 quae
894 3080 922 3137 in
933 3085 1063 3156 potesta-

58 3171 117 3221 tem
132 3162 253 3221 victuris
268 3163 488 3231 venirent;*nec
502 3165 581 3223 circa
597 3162 799 3242 probationem
811 3179 860 3222 res
872 3162 990 3237 haeret,
1010 3160 1063 3222 sed

58 3247 137 3305 circa
161 3245 401 3324 propositionem.
451 3246 586 3307 Dicamus
609 3247 754 3325 inprimis:
786 3245 819 3307 ln
844 3262 898 3322 eo,
930 3244 1007 3325 quod
1034 3245 1064 3305 ln

58 3329 195 3390 iudicium
221 3329 326 3390 deduci
353 3338 467 3408 potest,
503 3330 573 3391 nihil
593 3329 694 3390 valere
714 3331 759 3390 ius
781 3329 871 3399 belli;
900 3347 956 3390 nec
977 3329 1063 3390 armis

59 3421 162 3492 erepta
184 3413 238 3474 nisi
261 3415 345 3473 armis
369 3431 459 3494 possa
480 3415 608 3474 retineri.
652 3413 771 3494 ltaque,
798 3414 846 3474 uhi
866 3413 917 3474 illa
935 3413 1063 3488 valeant,
