2566 4026
203 143 262 206 too
524 155 885 214 u.sa13.ouuuu1umn1

199 311 308 389 alioqui
324 309 390 370 libri
405 310 461 370 duo
480 308 634 368 aDomitio
646 308 719 369 Afro
735 312 763 368 in
773 310 847 370 banc
860 329 921 370 rem
932 311 1101 388 compositi,
1118 329 1201 389 quem

198 393 435 455 adolescentulus
452 410 552 451 senem
567 391 659 468 colui,
682 402 784 453 utnon
802 394 878 454 lecta
892 393 959 452 mibi
976 402 1082 452 tantum
1099 412 1133 454 ea
1151 395 1203 454 sed

199 478 340 556 pleraque
366 495 403 536 ex
422 478 488 554 ipso
510 478 567 535 sint
583 477 709 553 cognita.
742 476 770 536 ls
786 479 938 538 verissime
954 479 1121 555 praecepit,
1144 481 1202 556 pri·

197 579 271 620 mum
295 579 362 620 esse
385 562 414 619 in
433 559 489 619 bac
509 568 591 638 parte
614 560 740 620 officium
761 563 902 637 oratoris,
924 570 955 620 ut
977 570 1065 621 totam
1087 578 1203 621 causam

170 645 377 708 &familiariter
400 645 492 711 norit;
515 643 592 721 quod
608 645 670 703 sine
686 643 772 704 dubio
789 645 824 705 ad
841 646 935 705 omnia
951 647 1085 722 pertinet.
1122 644 1201 719 Quo-

198 728 285 788 modo
302 729 465 805 contingat,
484 726 711 805 explicabimus,
729 747 792 787 cum
806 729 841 788 ad
859 728 1030 789 destinatum
1045 729 1112 788 huic
1128 731 1203 806 parti

197 813 294 872 locum
309 813 483 871 venerimus.
503 809 547 869 Ea
562 829 610 869 res
627 821 767 888 suggeret
782 813 929 871 materiam
941 814 1161 888 interrogationi
1175 823 1203 871 et

196 896 288 955 veluti
314 895 373 954 tela
400 894 435 953 ad
461 911 572 952 manum
598 894 844 963 sumministrebit;
873 895 974 954 eedem
999 894 1134 971 docebit,
1167 897 1200 955 ad

198 997 273 1058 quae
295 979 397 1040 iudicis
419 979 527 1038 animus
547 979 661 1038 actione
684 979 721 1037 sit
741 978 966 1057 praeparandus.
1008 978 1106 1037 Debet
1128 982 1202 1037 enim

196 1062 246 1123 uel
262 1062 324 1122 lieri
339 1061 388 1122 vel
405 1061 515 1122 detrahi
530 1061 651 1121 testibus
667 1062 740 1122 fides
756 1063 887 1121 oratioue
903 1071 1061 1140 perpetua,
1079 1063 1143 1138 quia
1159 1064 1202 1120 sic

199 1148 321 1225 quisque
338 1146 421 1206 dictis
437 1154 580 1222 movetur,
597 1155 627 1205 ut
643 1146 738 1206 estad
755 1146 929 1206 credendum
944 1146 993 1205 vel
1008 1161 1064 1204 non
1081 1145 1201 1204 creden·

188 1230 263 1290 dum
278 1239 344 1290 ante
359 1230 507 1289 formatus

170 1327 187 1382 9
281 1313 320 1374 Et
334 1315 468 1393 quoniam
483 1314 539 1373 duo
557 1332 667 1390 genera
683 1323 749 1373 sunt
764 1316 889 1390 testium,
911 1322 959 1372 aut
973 1313 1201 1372 voluntariorum

198 1407 246 1459 aut
264 1415 378 1473 eorum,
402 1397 505 1475 quibus
520 1400 549 1456 in
564 1397 676 1457 iudiciis
692 1397 816 1475 publicis
833 1398 901 1474 lege
916 1397 1112 1472 denuntiatur,
1130 1413 1201 1475 quo·

198 1499 259 1540 rum
282 1480 375 1541 altero
397 1499 465 1558 pars
485 1491 606 1558 utraque
631 1482 733 1557 utitur,
757 1483 878 1542 alterum
899 1480 1117 1541 accusatoribus
1141 1490 1200 1539 tan·

198 1575 256 1625 tum
283 1581 454 1625 concessum
481 1574 548 1624 est:
582 1582 751 1643 separemus
780 1566 907 1625 offrcium
937 1566 1029 1625 dantis
1054 1573 1147 1624 testes
1173 1573 1202 1623 et

198 1647 372 1707 refellentis.
1191 1696 1200 1714 ,

157 1744 191 1796 10
283 1729 339 1804 Qui
359 1732 612 1792 voluntarium
636 1731 787 1809 producit,
815 1735 907 1807 scire,
939 1731 1005 1809 quid
1027 1733 1051 1790 is
1073 1729 1200 1789 dicturus

199 1816 253 1891 sit,
283 1822 396 1892 potest;
425 1817 550 1893 ideoque
572 1816 734 1875 faciliorem
754 1816 868 1876 videtur
890 1818 919 1874 iu
937 1815 1067 1892 rogando
1091 1813 1200 1872 habere

198 1901 347 1960 rationem.
381 1897 440 1958 Sed
463 1900 536 1960 haec
552 1916 668 1978 quoque
684 1917 751 1978 pars
768 1918 888 1959 acumen
903 1917 938 1957 ac
955 1898 1130 1975 vigilantiam
1147 1915 1185 1974 po

198 1983 271 2060 scit,
293 1983 571 2061 providendumque,
593 2001 629 2042 ne
647 1984 777 2060 timidus,
793 2002 830 2043 nc
844 1986 1027 2057 inconstans,
1044 1999 1079 2039 ne
1096 1983 1197 2059 impru-

158 2066 270 2130 lldens
292 2067 375 2125 testis
399 2068 448 2133 sit;
469 2066 619 2126 turbantur
641 2069 715 2126 enim
737 2076 766 2126 et
782 2085 798 2127 a
813 2069 943 2146 patronis
960 2068 1093 2126 diversae
1109 2066 1199 2143 partis

197 2150 369 2210 inducuntur
386 2151 414 2209 in
436 2150 558 2229 laqueos
583 2160 612 2210 et
629 2151 694 2229 plus
710 2151 886 2228 deprehensi
902 2161 1009 2210 nocent
1026 2168 1110 2227 quam
1127 2149 1199 2207 frrmi

198 2242 228 2292 et
248 2234 369 2293 interriti
393 2235 581 2311 profuissent.
621 2234 741 2295 lllultum
760 2237 848 2312 igitur
869 2235 944 2295 domi
966 2244 1032 2294 ante
1053 2232 1199 2307 versandi,

197 2318 285 2376 uariis
301 2319 586 2394 percontationibus,
603 2319 705 2396 quales
721 2319 821 2378 heberi
839 2318 874 2379 ab
891 2319 1060 2379 adversario
1076 2319 1199 2395 possint,

198 2401 369 2477 explorandi
385 2411 459 2461 sunt.
481 2403 530 2462 Sic
546 2402 586 2478 lit,
605 2412 634 2462 ut
650 2413 698 2464 aut
713 2412 846 2463 constent
861 2403 916 2462 sibi
932 2412 996 2478 aut,
1014 2405 1037 2461 si
1054 2402 1121 2480 quid
1137 2403 1199 2460 titu-

197 2483 345 2560 baverint,
369 2495 532 2564 opportuna
547 2506 647 2546 rursus
663 2489 742 2563 eius,
759 2504 848 2566 aquo
865 2486 999 2565 producti
1015 2497 1095 2560 suut,
1114 2487 1199 2544 inter·

157 2570 350 2644 lbrogatione
365 2570 488 2629 velutin
503 2571 623 2648 gradum
638 2579 825 2650 reponantur.
856 2571 888 2630 ln
902 2571 946 2631 bis
962 2587 1078 2648 quoque
1095 2567 1198 2640 adbuc,

198 2654 246 2729 qui
269 2654 450 2713 constiterint
470 2653 541 2729 sibi,
564 2654 698 2715 vitandae
715 2664 779 2715 suut
795 2655 930 2721 insidiae;
950 2670 1014 2712 nam
1031 2653 1200 2727 frequenter

197 2735 299 2794 subiici
320 2735 355 2795 ab
378 2737 544 2797 adversario
562 2738 658 2797 solent
681 2748 710 2799 et
733 2741 826 2798 omnia
849 2737 999 2817 profutura
1013 2733 1137 2812 polliciti
1158 2731 1198 2790 di-

196 2836 284 2878 versa
299 2820 477 2897 respondent
499 2830 528 2880 et
550 2824 751 2883 auctoritatem
771 2821 879 2883 babent
890 2837 948 2880 non
958 2817 1139 2895 arguentium
1149 2815 1200 2874 illa

155 2900 250 2961 13sed
270 2903 475 2963 confitentium.
504 2904 723 2983 Explorandum
738 2908 839 2984 igitur,
857 2922 927 2983 quas
944 2918 1047 2962 causas
1065 2899 1199 2959 laedendi

196 2984 392 3046 adversarium
412 2988 546 3056 afferant;
567 3008 622 3050 uec
644 2991 673 3050 id
692 2999 736 3050 sat
756 2998 802 3049 est
816 2989 947 3048 inimicos
963 2985 1071 3060 fuisse,
1094 2982 1147 3042 sed
1164 3000 1199 3040 an

196 3066 351 3146 desierint,
374 3089 409 3131 an
430 3089 483 3149 per
504 3071 561 3133 boc
580 3074 674 3152 ipsum
689 3071 873 3133 reconciliari
887 3069 994 3144 velint,
1018 3087 1054 3127 ne
1070 3068 1198 3148 corrupti

196 3152 267 3228 sint,
289 3171 326 3212 ue
344 3156 521 3232 poenitentia
537 3158 719 3236 propositum
732 3156 912 3215 mutaverint.
938 3152 1023 3226 Quod
1040 3152 1145 3211 cumin
1163 3153 1198 3208 iis

197 3251 327 3313 quoque,
351 3241 400 3316 qui
422 3257 475 3316 ea,
498 3258 571 3318 quae
588 3241 691 3301 dicturi
707 3240 857 3316 videntur,
880 3257 913 3299 re
928 3255 998 3297 vera
1016 3238 1124 3311 sciunt,
1148 3253 1198 3294 nc·

197 3319 355 3379 cessarium
378 3332 423 3383 est
438 3342 633 3402 praecavere:
655 3324 850 3402 multomagis
868 3323 968 3399 iniis,
991 3323 1088 3400 quise
1107 3320 1197 3380 dictu·

153 3409 188 3462 14
196 3418 261 3479 ros,
279 3421 353 3481 quae
369 3405 443 3466 falsa
459 3417 541 3485 sunt,
557 3408 741 3488 pollicentur.
772 3406 844 3467 Nam
860 3417 889 3467 et
902 3406 1084 3486 frequentior
1100 3421 1198 3464 eorum
