2566 4026
383 197 825 264 msronnroanrnxqr.
1065 186 1124 248 195

112 376 220 437 raque,
247 371 322 434 quae
348 361 449 412 natura
472 368 530 410 uon
552 361 618 411 sunt
637 352 880 430 reprehendenda
902 363 989 432 atque
1011 355 1125 414 interim

113 452 179 502 sunt
193 439 378 512 necessaria,
396 435 464 496 alibi
481 453 565 513 quam
582 453 645 495 mos
662 438 828 515 permiserit
844 440 939 515 turpia
954 438 1122 498 habeantur.

112 527 187 589 lllud
203 527 259 584 iam
274 523 414 596 diximus,
441 528 547 598 quanto
571 521 637 599 plus
661 523 763 581 nitoris
786 531 814 580 et
835 522 929 581 cultus
946 521 1167 586 demonstra-48

113 614 191 671 tivae
212 608 369 681 materiae,
393 614 424 664 ut
448 605 483 664 ad
501 604 725 665 delectationem
742 605 915 665 audientium
931 608 1124 684 compositae,

114 713 209 773 quam,
229 708 304 771 quae
322 698 388 750 sunt
404 691 433 747 in
448 698 514 748 actu
534 698 563 748 et
579 691 776 762 contentione,
793 691 945 750 suasoriae
960 690 1126 751 iudiciales-

114 797 171 857 que
189 777 364 856 permittant.

199 861 264 921 lloc
279 859 373 919 adhuc
389 857 595 932 adiiciendum,
613 857 725 936 aliquas
742 860 844 933 etiam,
869 876 943 936 quae
960 866 1025 916 sunt
1041 874 1126 933 egre-

113 950 180 1024 giae
197 944 312 1006 dicendi
326 944 460 1017 virtutes,
478 959 535 1020 quo
552 943 643 1001 minus
660 943 794 1018 deceant,
812 942 890 1002 ellici
904 942 1127 1002 condicione

115 1046 315 1091 causarum.
346 1026 393 1085 An
408 1028 559 1105 quisquam
574 1026 672 1086 tulerit
687 1044 768 1086 reum
782 1028 811 1085 in
827 1027 993 1086 discrimine
1011 1026 1170 1103 capitis,49

114 1112 377 1194 praecipuequesi
397 1111 473 1189 apud
489 1112 630 1170 victorem
648 1119 677 1169 et
698 1112 859 1189 principem
881 1128 935 1188 pro
953 1111 1067 1187 seipse
1085 1109 1126 1168 di·

114 1208 176 1273 cat,
202 1195 349 1275 frequenti
369 1194 575 1271 translatione,
603 1196 677 1254 lictis
699 1204 747 1254 aut
767 1195 901 1273 repetitis
922 1213 960 1254 ex
980 1201 1127 1253 vetustate

113 1282 228 1357 verbis,
251 1279 464 1358 compositione
484 1297 559 1357 quae
576 1281 613 1338 sit
627 1280 750 1338 maxime
769 1279 913 1355 evulgari
930 1297 984 1337 usu
1002 1286 1126 1353 remota,

88 1378 90 1380 ’
115 1362 336 1427 decurrentibus
352 1362 499 1441 periodis,
524 1381 609 1441 quam
631 1363 796 1422 laetissimis
818 1363 892 1422 locis
916 1363 1128 1439 sententiisque

116 1445 281 1511 dicentem?
312 1447 379 1507 Non
394 1447 516 1525 perdant
539 1447 613 1507 haec
629 1448 723 1506 omnia
738 1449 937 1506 necessarium
952 1445 1127 1524 periclitanti

115 1532 317 1594 sollicitudinis
334 1530 475 1605 colorem,
492 1531 706 1609 petendumque
722 1532 808 1590 etiam
822 1530 1024 1590 innocentibus
1042 1529 1127 1587 mise·

116 1618 260 1677 ricordiae
278 1615 437 1676 auxilium?
469 1611 730 1675 Commoveaturne
751 1617 902 1693 quisquam
920 1616 983 1674 eius
1000 1613 1172 1683 fortunato

116 1719 201 1780 quem
217 1700 352 1760 tumidum
368 1718 403 1759 ac
419 1700 462 1757 sui
477 1700 631 1759 iactantem
647 1707 676 1757 et
692 1698 873 1759 ambitiosum
887 1700 1049 1758 institorem
1066 1696 1128 1756 elo·

118 1786 253 1863 quentiae
276 1785 304 1843 in
328 1784 446 1861 ancipiti
470 1793 551 1844 sorte
576 1780 694 1842 videat?
729 1782 795 1842 Non
820 1784 905 1842 immo
928 1782 1023 1842 oderit
1047 1798 1129 1841 reum

115 1869 206 1928 verba
231 1877 421 1947 aucupantem
445 1876 474 1926 et
495 1869 608 1929 anxium
631 1867 667 1926 de
689 1867 765 1928 fama
788 1869 912 1945 ingenii,
937 1876 966 1926 et
989 1866 1035 1925 cui
1059 1882 1127 1924 esse

116 1954 225 2012 diserto
242 1949 350 2012 vaceti
384 1951 469 2025 Quod
488 1955 559 2011 mire
580 1950 618 2010 Μ.
637 1948 755 2011 Caelius
771 1953 799 2011 in
818 1952 991 2011 defensione
1009 1954 1170 2023 causae,51

117 2054 172 2113 qua
195 2053 263 2094 reus
285 2035 322 2094 de
345 2035 374 2093 vi
394 2033 464 2109 iuit,
492 2035 750 2114 comprehendisse
771 2037 887 2096 videtur
908 2035 992 2094 mihi:
1016 2032 1130 2095 Naeui

115 2126 250 2179 cestram
264 2124 356 2195 atque
370 2119 461 2178 edam
476 2121 616 2192 ommium,
634 2120 687 2195 qui
701 2120 746 2179 cd
762 2138 828 2180 rem
842 2122 995 2198 oqemdam
1011 2124 1128 2192 assant,

117 2221 203 2263 meaa
216 2206 271 2263 oct
285 2201 385 2260 aalma
400 2201 554 2262 molestior
567 2209 622 2260 aut
635 2218 695 2262 coc
708 2202 939 2264 immoderatior
954 2203 1061 2278 ulique
1075 2207 1132 2262 cat

118 2287 260 2363 demque,
277 2285 359 2363 qood
373 2284 526 2344 minimam
540 2291 595 2358 est,
616 2285 782 2345 iactantior
794 2296 899 2363 pestus
912 2286 1011 2364 foisse
1023 2285 1130 2344 eidec-

117 2376 179 2431 tar.
218 2368 307 2446 Atqui
332 2376 397 2427 sunt
419 2367 559 2444 quaedam
585 2368 715 2426 actiones
736 2369 765 2426 in
787 2368 1002 2442 satisfactione,
1024 2366 1173 2445 deme-52

55 2454 58 2458 ’
119 2456 251 2529 catione,
280 2451 466 2513 consessione
492 2453 623 2529 positae:
655 2452 878 2511 sententiolisne
903 2451 1028 2512 flendum
1055 2446 1130 2509 criti

120 2539 343 2617 epiphonemata
369 2545 417 2596 aut
436 2536 647 2611 enthymemata
669 2533 852 2596 exorabunt?
882 2534 965 2611 Non,
992 2533 1131 2613 quidquid

119 2625 206 2682 meris
222 2622 373 2683 adiicietur
388 2621 551 2696 affectibus,
568 2637 668 2680 omnes
684 2637 785 2680 eorum
800 2620 890 2682 diluet
904 2621 982 2680 vires
1001 2628 1031 2678 et
1044 2619 1130 2678 mise·

120 2709 262 2766 rationem
282 2707 440 2766 securitate
464 2702 594 2766 laxabit?
627 2704 708 2781 Age,
732 2706 757 2763 si
780 2705 816 2764 de
843 2714 937 2765 morte
957 2703 1007 2763 lilii
1024 2704 1068 2763 sui
1083 2701 1174 2761 velta

120 2792 237 2866 iniuria,
255 2808 330 2868 quae
345 2799 438 2850 morte
455 2791 492 2849 sit
507 2789 642 2866 gravior,
662 2789 814 2849 dicendum
829 2790 904 2868 patri
920 2789 1020 2848 luerit:
1039 2795 1087 2847 aut
1103 2787 1132 2844 in

120 2875 263 2935 narrando
285 2875 407 2950 gratiam
427 2873 506 2933 illam
522 2873 730 2951 expositionis,
756 2890 831 2952 quae
849 2875 999 2949 continget
1017 2889 1054 2930 ex
1070 2888 1131 2930 ser·

119 2977 205 3021 mone
221 2975 294 3037 puro
314 2967 400 3035 atque
416 2957 559 3032 dilucido,
582 2967 721 3034 quaeret,
743 2956 871 3017 breviter
884 2974 920 3017 ac
935 2956 1133 3032 significanter

121 3043 252 3102 ordinem
267 3044 311 3101 rei
326 3042 487 3121 protulisse
507 3058 565 3100 non
581 3049 749 3108 contentus;
769 3051 817 3101 aut
832 3048 999 3119 argumenta
1016 3039 1134 3098 diducet

121 3127 150 3183 in
165 3126 272 3203 digitos
296 3135 325 3185 et
345 3127 577 3206 propositionum
599 3142 633 3185 ac
655 3127 839 3204 partitionum
856 3124 984 3204 captabit
1000 3124 1134 3202 leporem

123 3217 166 3283 et,
192 3218 223 3269 ut
244 3210 414 3287 plerumque
436 3212 465 3269 in
481 3209 540 3269 hoc
556 3226 667 3286 genere
681 3212 770 3269 moris
791 3219 851 3287 est,
875 3209 1035 3269 intentione
1057 3205 1133 3266 omni

122 3294 244 3352 remissa
260 3291 417 3370 loquetur?
453 3293 517 3367 Quo
534 3293 642 3371 fugerit
656 3295 769 3354 interim
784 3295 869 3356 dolor
881 3290 953 3353 ittet
981 3293 1030 3353 ubi
1047 3291 1176 3352 lacni-64

123 3395 187 3436 mae
208 3376 408 3437 substiterint?
437 3378 514 3438 unde
531 3396 565 3438 se
582 3379 611 3437 in
630 3378 754 3438 medium
769 3389 826 3440 tam
844 3395 948 3438 secura
964 3376 1131 3437 observatio

123 3463 226 3522 artium
255 3459 386 3522 miseriti
424 3461 490 3523 Non
513 3461 550 3524 ab
580 3462 702 3523 exordio
737 3482 831 3544 usque
862 3462 1052 3608 adwultimam
1080 3475 1133 3520 ro·
