2566 4026
400 160 836 227 nucu.onnrou.n1e.1v,1.
1062 150 1120 213 155

115 337 200 394 eum,
224 315 302 395 quod
325 326 353 375 et
375 316 437 374 lieri
456 333 520 375 cum
535 314 621 374 modo
638 314 727 374 debet
743 325 772 375 et
785 326 829 376 est
844 326 940 378 tamen
958 319 1033 396 parti
1049 318 1118 379 utri·

115 421 172 484 que
192 418 358 467 commune;
384 399 437 459 sed
458 401 483 458 si
503 398 618 459 laudem
643 400 705 458 eius
721 399 757 459 ad
773 400 924 461 utilitatem
943 419 1049 462 causae
1067 418 1119 462 no·

114 498 193 547 strae
212 485 462 557 coniunxerimus,
491 492 522 542 ut
544 482 704 560 allegemus
725 499 780 561 pro
801 483 931 544 honestis
953 485 1120 562 dignitatem

114 571 156 631 illi
172 587 263 643 suam,
281 585 335 646 pro
353 566 507 627 humilibus
527 567 680 642 iustitiam,
702 584 756 645 pro
772 567 938 628 infelicibus
955 570 1119 630 misericor·

114 655 200 729 diam,
217 669 271 731 pro
289 652 377 711 laesis
394 653 582 711 severitatem
600 660 629 710 et
645 650 777 710 similiter
793 661 903 712 cetera.
936 649 1035 712 blores
1052 659 1161 731 quo-17

115 757 189 817 que,
207 738 231 795 si
249 736 312 795 lieri
330 745 445 813 potest,
464 735 566 794 iudicis
581 734 670 794 velim
688 751 786 795 nosse.
819 734 892 795 Num
909 745 997 813 prout
1012 738 1121 814 asperi,

114 823 215 896 lenes,
232 819 367 894 iucundi,
383 837 506 896 graves,
523 819 596 894 duri,
612 820 727 879 remissi
745 828 843 879 eruut:
863 829 911 879 aut
927 820 1122 880 assumerem

116 923 232 966 causam
254 913 370 963 naturas
395 920 510 978 eorum,
537 921 593 981 qua
618 912 802 981 competent,
825 912 873 963 aut
893 905 1043 981 mitigare,
1066 921 1122 982 qua

115 987 333 1067 repugnabunt,
351 988 508 1064 oportebit.
546 987 661 1047 Accidit
676 996 773 1048 autem
788 988 903 1047 interim
918 988 976 1048 hoc
995 1003 1123 1066 quoque,
1131 994 1165 1049 18

116 1083 146 1132 ut
162 1082 210 1132 aut
226 1071 310 1131 nobis
326 1071 456 1130 inimicus
474 1079 522 1131 aut
543 1070 718 1131 adversariis
734 1073 771 1131 sit
787 1073 913 1148 amicus,
936 1073 985 1151 qui
1001 1071 1122 1139 iudicat;

117 1174 191 1235 quae
214 1174 263 1215 res
286 1155 400 1232 utrique
422 1157 496 1233 parti
516 1154 665 1214 tractanda
689 1164 734 1214 est
756 1174 790 1215 ac
811 1157 913 1215 nescio
938 1173 974 1215 an
992 1155 1077 1215 etiam
1096 1155 1124 1214 ei

116 1241 224 1317 magis,
242 1241 270 1299 in
290 1256 374 1317 quam
393 1240 526 1299 videatur
541 1239 726 1316 propensior.
758 1237 812 1298 llst
828 1239 904 1298 enirn
921 1256 1124 1318 nonnunquam

116 1342 224 1403 pravus
240 1323 289 1384 hic
303 1321 437 1399 ambitus,
455 1322 595 1384 adversus
612 1323 721 1382 amicos
737 1331 785 1382 aut
800 1339 854 1400 pro
873 1322 935 1399 his,
953 1322 1124 1403 quibuscum

116 1407 278 1467 simultates
298 1415 418 1484 gerant,
446 1405 647 1483 pronuntiandi
668 1407 853 1485 faciendique
877 1406 998 1484 iniuste,
1022 1425 1059 1466 ne
1081 1407 1123 1467 ie-

117 1493 194 1553 cisse
213 1491 376 1551 videantur.
423 1488 550 1551 Fuerunt
574 1492 659 1550 etiam
681 1490 796 1569 quidam
810 1510 906 1551 rerum
923 1509 1037 1552 suarum
1052 1491 1166 1552 iudi-19

118 1594 179 1636 ces.
227 1573 300 1635 Nam
324 1584 353 1633 et
380 1575 408 1633 in
436 1573 516 1634 libris
546 1574 789 1634 Observationum
821 1593 837 1634 a
865 1576 1007 1652 Septimio
1038 1575 1123 1634 editis

117 1660 235 1719 affuisse
259 1656 432 1718 Ciceronem
452 1658 503 1718 tali
525 1676 631 1719 causae
653 1660 787 1735 invenio,
813 1668 842 1718 et
865 1677 922 1736 ego
947 1676 1001 1737 pro
1020 1661 1124 1736 regina

117 1742 260 1805 Berenice
280 1742 356 1821 apud
378 1745 470 1820 ipsam
493 1761 556 1803 eam
573 1760 690 1803 causam
705 1743 774 1802 dixi.
820 1743 927 1803 Similis
945 1742 992 1803 hio
1005 1760 1123 1822 quoque

118 1827 319 1906 superioribus
331 1828 404 1887 ratio
423 1835 478 1886 est.
510 1827 704 1887 Adversarius
718 1829 791 1886 enim
804 1827 937 1886 fiduciam
950 1829 1041 1905 partis
1052 1844 1124 1887 suae

118 1914 218 1985 iactat,
235 1920 374 1988 patronus
390 1912 472 1971 timet
488 1912 696 1987 cognoscentis
713 1910 927 1973 verecundiam.
966 1909 1166 1973 Praetereato

119 1994 296 2056 detrahenda
314 1995 363 2054 vol
380 1995 574 2055 confirmanda
591 1995 699 2072 opinio,
717 1997 741 2054 si
757 2013 843 2074 quarn
860 1995 1020 2072 praecipue
1037 1995 1123 2055 domo

118 2078 265 2139 videbitur
281 2078 368 2138 iudex
384 2079 527 2138 attulisse.
559 2077 653 2138 bletus
671 2079 757 2139 etiam
772 2095 973 2156 nonnunquam
990 2088 1035 2137 est
1047 2095 1124 2139 arno-

119 2163 249 2237 vendus,
274 2171 304 2221 ut
327 2160 432 2222 Cicero
456 2179 510 2240 pro
525 2161 649 2237 Milone,
674 2180 711 2222 ne
734 2176 812 2223 arma
828 2161 957 2240 Pompeii
982 2163 1125 2240 disposita

121 2255 223 2306 contra
244 2265 277 2305 se
294 2256 442 2323 putarent,
466 2245 622 2313 laboravit;
647 2263 849 2325 nonnunquam
876 2245 1071 2322 adhibendus,
1094 2255 1125 2305 ut

120 2331 196 2390 idem
218 2331 246 2388 in
261 2329 384 2390 Verrem
404 2331 484 2390 lacit.
530 2331 590 2390 Sed
605 2329 764 2390 'adhibendi
787 2330 889 2390 modus
908 2329 983 2389 alter
997 2330 1048 2391 ille
1065 2330 1166 2390 ire-21

121 2432 213 2493 quens
235 2424 264 2473 et
285 2414 471 2474 favorabilis:
500 2434 539 2475 oe
562 2414 642 2475 mule
670 2415 780 2475 sentiat
803 2414 936 2491 populus
958 2412 1125 2488 Romanus,
1176 2418 1178 2422 '

120 2499 292 2559 aesculeto
313 2500 563 2577 transferentem·
585 2497 659 2556 alter
680 2505 775 2557 autem
795 2505 929 2574 asperet
946 2513 1045 2572 rarus,
1067 2511 1125 2575 quo

121 2583 244 2665 minatur
272 2582 416 2660 corruptis
440 2583 678 2656 accusationem,
708 2589 738 2640 et
761 2580 790 2640 id
816 2580 931 2660 quidem
952 2582 980 2638 in
1001 2578 1125 2641 consilio

121 2665 264 2743 ampliore
286 2674 432 2746 utcunque
455 2667 557 2735 tutius;
586 2681 651 2725 nam
676 2674 705 2724 et
726 2664 794 2725 mali
815 2663 979 2724 inhibentur
1001 2672 1030 2724 et
1057 2662 1125 2722 boni

121 2748 265 2827 gaudent;
289 2749 365 2828 apud
387 2749 517 2827 singulos
543 2766 615 2809 vero
632 2767 775 2827 nunquam
791 2748 949 2823 suaserim,
974 2748 1028 2806 nisi
1044 2747 1125 2807 deie-

123 2834 215 2893 cerint
239 2835 342 2893 omnia.
389 2832 474 2906 Quod
498 2834 523 2892 si
544 2835 708 2895 necessitas
734 2834 841 2910 exigit,
863 2848 921 2891 non
943 2833 997 2891 erit
1018 2833 1074 2891 iam
1090 2839 1168 2892 exat

123 2925 185 2977 arte
203 2919 340 2993 oratoria,
358 2933 415 2976 non
430 2917 522 2994 magis
538 2934 623 2995 quarn
638 2917 808 2996 appellare,
829 2916 941 2976 etiamsi
959 2916 987 2975 id
1009 2931 1126 2994 quoque

121 3018 214 3078 saepe
232 3000 303 3060 utile
319 3009 375 3075 est,
388 3010 446 3077 aut,
464 3009 617 3078 antequam
632 3001 815 3078 pronuntiet,
833 3018 915 3060 reum
930 3000 1046 3067 lacere;
1062 3015 1126 3057 nam

123 3093 153 3142 et
168 3085 269 3145 minari
285 3093 314 3143 et
330 3084 448 3144 deferre
466 3085 552 3143 etiam
567 3101 625 3144 non
641 3093 740 3144 orator
754 3088 863 3162 potest.

208 3169 239 3228 Si
262 3186 349 3228 causa
372 3166 544 3228 conciliandi
566 3166 650 3227 nobis
671 3166 775 3228 iudicis
798 3168 947 3227 materiam
969 3165 1066 3240 dabit,
1089 3175 1169 3228 exta

122 3250 178 3311 hac
193 3253 374 3329 potissimum
390 3251 488 3331 aliqua
502 3252 531 3310 in
545 3269 628 3314 usum
643 3251 794 3330 principii,
818 3268 893 3329 quae
908 3251 1031 3311 maxime
1045 3249 1127 3309 lavo·

123 3334 226 3396 rabilia
241 3334 431 3412 videbuntur,
455 3336 576 3412 decerpi
595 3334 753 3414 oportebit.
799 3332 864 3406 Quo
880 3335 909 3393 in
931 3333 1000 3394 loco
1021 3332 1126 3410 Vergi-

123 3419 185 3478 nius
207 3419 334 3495 lallitur,
362 3420 409 3498 qui
436 3417 593 3480 Theodoro
615 3419 735 3498 placere
756 3416 858 3494 tradit,
885 3425 916 3478 ut
942 3435 981 3476 ex
1006 3414 1128 3495 singulis
