<?xml version="1.0" encoding="UTF-8"?>
<!DOCTYPE html PUBLIC "-//W3C//DTD XHTML 1.0 Transitional//EN"
    "http://www.w3.org/TR/xhtml1/DTD/xhtml1-transitional.dtd">
<html xmlns="http://www.w3.org/1999/xhtml" xml:lang="en" lang="en">
 <head>
  <title>
</title>
<meta http-equiv="Content-Type" content="text/html;charset=utf-8" />
  <meta name='ocr-system' content='tesseract 3.04.00' />
  <meta name='ocr-capabilities' content='ocr_page ocr_carea ocr_par ocr_line ocrx_word'/>
</head>
<body>
  <div class='ocr_page' id='page_1' title='image "./mfabiiquintilia00bonngoog/mfabiiquintilia00bonngoog_0503.png"; bbox 0 0 2566 4026; ppageno 0'>
   <div class='ocr_carea' id='block_1_1' title="bbox 198 208 881 278">
    <p class='ocr_par' dir='ltr' id='par_1_1' title="bbox 198 208 881 278">
     <span class='ocr_line' id='line_1_1' title="bbox 198 208 881 278; baseline -0.009 -7"><span class='ocrx_word' id='word_1_1' title='bbox 198 208 257 271; x_wconf 83' lang='grc'>166</span> <span class='ocrx_word' id='word_1_2' title='bbox 513 219 550 266; x_wconf 84' lang='lat' dir='ltr'>u.</span> <span class='ocrx_word' id='word_1_3' title='bbox 566 217 644 265; x_wconf 78' lang='lat' dir='ltr'>aaa.</span> <span class='ocrx_word' id='word_1_4' title='bbox 661 218 881 278; x_wconf 79' lang='lat' dir='ltr'>omunrnrnur</span> 
     </span>
    </p>
   </div>
   <div class='ocr_carea' id='block_1_2' title="bbox 128 372 1200 3220">
    <p class='ocr_par' dir='ltr' id='par_1_2' title="bbox 193 372 1200 538">
     <span class='ocr_line' id='line_1_2' title="bbox 195 372 1198 454; baseline 0.001 -19"><span class='ocrx_word' id='word_1_5' title='bbox 195 384 225 435; x_wconf 93' lang='lat' dir='ltr'>et</span> <span class='ocrx_word' id='word_1_6' title='bbox 240 375 404 453; x_wconf 88' lang='lat' dir='ltr'>speciosum</span> <span class='ocrx_word' id='word_1_7' title='bbox 422 372 535 433; x_wconf 90' lang='lat' dir='ltr'>dicendi</span> <span class='ocrx_word' id='word_1_8' title='bbox 551 391 661 450; x_wconf 90' lang='lat' dir='ltr'>genus,</span> <span class='ocrx_word' id='word_1_9' title='bbox 682 381 758 432; x_wconf 91' lang='lat' dir='ltr'>tanta</span> <span class='ocrx_word' id='word_1_10' title='bbox 780 373 936 434; x_wconf 90' lang='lat' dir='ltr'>verborum</span> <span class='ocrx_word' id='word_1_11' title='bbox 957 376 1043 434; x_wconf 90' lang='lat' dir='ltr'>etiam</span> <span class='ocrx_word' id='word_1_12' title='bbox 1059 393 1134 454; x_wconf 90' lang='lat' dir='ltr'>quae</span> <span class='ocrx_word' id='word_1_13' title='bbox 1152 396 1198 437; x_wconf 86' lang='lat' dir='ltr'>as·</span> 
     </span>
     <span class='ocr_line' id='line_1_3' title="bbox 193 457 1200 538; baseline 0.003 -21"><span class='ocrx_word' id='word_1_14' title='bbox 193 468 305 536; x_wconf 91' lang='lat' dir='ltr'>sumpta</span> <span class='ocrx_word' id='word_1_15' title='bbox 321 466 386 516; x_wconf 93' lang='lat' dir='ltr'>sunt</span> <span class='ocrx_word' id='word_1_16' title='bbox 397 458 573 536; x_wconf 71' lang='lat' dir='ltr'>proprietas,</span> <span class='ocrx_word' id='word_1_17' title='bbox 589 464 666 516; x_wconf 91' lang='lat' dir='ltr'>tanta</span> <span class='ocrx_word' id='word_1_18' title='bbox 681 458 709 515; x_wconf 96' lang='lat' dir='ltr'>in</span> <span class='ocrx_word' id='word_1_19' title='bbox 721 457 890 533; x_wconf 91' lang='lat' dir='ltr'>quibusdam</span> <span class='ocrx_word' id='word_1_20' title='bbox 903 477 941 518; x_wconf 89' lang='lat' dir='ltr'>ex</span> <span class='ocrx_word' id='word_1_21' title='bbox 952 460 1084 537; x_wconf 92' lang='lat' dir='ltr'>periculo</span> <span class='ocrx_word' id='word_1_22' title='bbox 1098 463 1200 538; x_wconf 89' lang='lat' dir='ltr'>petitis</span> 
     </span>
    </p>

    <p class='ocr_par' dir='ltr' id='par_1_3' title="bbox 135 539 1200 1022">
     <span class='ocr_line' id='line_1_4' title="bbox 135 539 1199 621; baseline 0 -17"><span class='ocrx_word' id='word_1_23' title='bbox 135 542 388 620; x_wconf 73' lang='lat' dir='ltr'>laasignilioantia.</span> <span class='ocrx_word' id='word_1_24' title='bbox 419 539 581 617; x_wconf 82' lang='lat' dir='ltr'><strong>Habebunt,</strong></span> <span class='ocrx_word' id='word_1_25' title='bbox 599 542 646 618; x_wconf 94' lang='lat' dir='ltr'>qui</span> <span class='ocrx_word' id='word_1_26' title='bbox 663 549 730 619; x_wconf 90' lang='lat' dir='ltr'>post</span> <span class='ocrx_word' id='word_1_27' title='bbox 752 558 806 602; x_wconf 87' lang='lat' dir='ltr'>nos</span> <span class='ocrx_word' id='word_1_28' title='bbox 821 541 858 601; x_wconf 95' lang='lat' dir='ltr'>de</span> <span class='ocrx_word' id='word_1_29' title='bbox 877 543 1040 603; x_wconf 91' lang='lat' dir='ltr'>oratoribus</span> <span class='ocrx_word' id='word_1_30' title='bbox 1057 545 1199 621; x_wconf 81' lang='lat' dir='ltr'>scribent,</span> 
     </span>
     <span class='ocr_line' id='line_1_5' title="bbox 190 626 1200 704; baseline 0.001 -17"><span class='ocrx_word' id='word_1_31' title='bbox 190 645 322 703; x_wconf 90' lang='lat' dir='ltr'>magnam</span> <span class='ocrx_word' id='word_1_32' title='bbox 338 641 402 701; x_wconf 88' lang='lat' dir='ltr'>eos,</span> <span class='ocrx_word' id='word_1_33' title='bbox 419 627 468 704; x_wconf 92' lang='lat' dir='ltr'>qui</span> <span class='ocrx_word' id='word_1_34' title='bbox 486 642 561 684; x_wconf 92' lang='lat' dir='ltr'>nunc</span> <span class='ocrx_word' id='word_1_35' title='bbox 575 627 685 702; x_wconf 81' lang='lat' dir='ltr'>vigent,</span> <span class='ocrx_word' id='word_1_36' title='bbox 703 627 850 687; x_wconf 91' lang='lat' dir='ltr'>materiam</span> <span class='ocrx_word' id='word_1_37' title='bbox 865 645 937 686; x_wconf 90' lang='lat' dir='ltr'>vere</span> <span class='ocrx_word' id='word_1_38' title='bbox 950 626 1094 688; x_wconf 85' lang='lat' dir='ltr'>laudandi.</span> <span class='ocrx_word' id='word_1_39' title='bbox 1127 629 1200 688; x_wconf 92' lang='lat' dir='ltr'>Sunt</span> 
     </span>
     <span class='ocr_line' id='line_1_6' title="bbox 191 707 1198 788; baseline -0.002 -16"><span class='ocrx_word' id='word_1_40' title='bbox 191 712 265 772; x_wconf 89' lang='lat' dir='ltr'>enim</span> <span class='ocrx_word' id='word_1_41' title='bbox 281 726 388 769; x_wconf 90' lang='lat' dir='ltr'>summa</span> <span class='ocrx_word' id='word_1_42' title='bbox 403 708 506 785; x_wconf 89' lang='lat' dir='ltr'>hodie,</span> <span class='ocrx_word' id='word_1_43' title='bbox 528 707 631 787; x_wconf 91' lang='lat' dir='ltr'>quibus</span> <span class='ocrx_word' id='word_1_44' title='bbox 646 708 806 769; x_wconf 89' lang='lat' dir='ltr'>illustratur</span> <span class='ocrx_word' id='word_1_45' title='bbox 822 710 933 788; x_wconf 85' lang='lat' dir='ltr'>lorum,</span> <span class='ocrx_word' id='word_1_46' title='bbox 949 712 1075 788; x_wconf 90' lang='lat' dir='ltr'>ingenia.</span> <span class='ocrx_word' id='word_1_47' title='bbox 1111 711 1198 772; x_wconf 87' lang='lat' dir='ltr'>Narn-</span> 
     </span>
     <span class='ocr_line' id='line_1_7' title="bbox 191 793 1200 874; baseline 0.002 -21"><span class='ocrx_word' id='word_1_48' title='bbox 191 813 248 874; x_wconf 92' lang='lat' dir='ltr'>que</span> <span class='ocrx_word' id='word_1_49' title='bbox 283 803 312 852; x_wconf 90' lang='lat' dir='ltr'>et</span> <span class='ocrx_word' id='word_1_50' title='bbox 340 794 526 852; x_wconf 91' lang='lat' dir='ltr'>consummati</span> <span class='ocrx_word' id='word_1_51' title='bbox 553 793 608 852; x_wconf 90' lang='lat' dir='ltr'>iam</span> <span class='ocrx_word' id='word_1_52' title='bbox 634 793 748 870; x_wconf 89' lang='lat' dir='ltr'>patroni</span> <span class='ocrx_word' id='word_1_53' title='bbox 775 793 924 853; x_wconf 81' lang='lat' dir='ltr'>veteribus</span> <span class='ocrx_word' id='word_1_54' title='bbox 955 795 1135 855; x_wconf 71' lang='lat' dir='ltr'>aemulantur</span> <span class='ocrx_word' id='word_1_55' title='bbox 1170 805 1200 855; x_wconf 91' lang='lat' dir='ltr'>et</span> 
     </span>
     <span class='ocr_line' id='line_1_8' title="bbox 191 875 1199 957; baseline 0.001 -19"><span class='ocrx_word' id='word_1_56' title='bbox 191 896 244 939; x_wconf 91' lang='lat' dir='ltr'>eos</span> <span class='ocrx_word' id='word_1_57' title='bbox 266 879 400 936; x_wconf 85' lang='lat' dir='ltr'>iuvenum</span> <span class='ocrx_word' id='word_1_58' title='bbox 423 875 458 936; x_wconf 92' lang='lat' dir='ltr'>ad</span> <span class='ocrx_word' id='word_1_59' title='bbox 482 877 588 954; x_wconf 92' lang='lat' dir='ltr'>optima</span> <span class='ocrx_word' id='word_1_60' title='bbox 614 875 789 937; x_wconf 76' lang='lat' dir='ltr'><strong>tendentium</strong></span> <span class='ocrx_word' id='word_1_61' title='bbox 809 879 935 939; x_wconf 84' lang='lat' dir='ltr'>imitatur</span> <span class='ocrx_word' id='word_1_62' title='bbox 955 896 990 939; x_wconf 91' lang='lat' dir='ltr'>ac</span> <span class='ocrx_word' id='word_1_63' title='bbox 1007 880 1139 957; x_wconf 92' lang='lat' dir='ltr'>sequitur</span> <span class='ocrx_word' id='word_1_64' title='bbox 1155 881 1199 939; x_wconf 93' lang='lat' dir='ltr'>in·</span> 
     </span>
     <span class='ocr_line' id='line_1_9' title="bbox 190 960 309 1022; baseline -0.034 0"><span class='ocrx_word' id='word_1_65' title='bbox 190 960 309 1022; x_wconf 85' lang='lat' dir='ltr'>dustria.</span> 
     </span>
    </p>

    <p class='ocr_par' dir='ltr' id='par_1_4' title="bbox 133 1043 1200 1459">
     <span class='ocr_line' id='line_1_10' title="bbox 133 1043 1199 1124; baseline 0.001 -20"><span class='ocrx_word' id='word_1_66' title='bbox 133 1057 184 1111; x_wconf 74' lang='lat'>123</span> <span class='ocrx_word' id='word_1_67' title='bbox 275 1045 453 1122; x_wconf 85' lang='lat' dir='ltr'>Supersunt,</span> <span class='ocrx_word' id='word_1_68' title='bbox 479 1044 527 1123; x_wconf 90' lang='lat' dir='ltr'>qui</span> <span class='ocrx_word' id='word_1_69' title='bbox 551 1044 587 1104; x_wconf 86' lang='lat' dir='ltr'>de</span> <span class='ocrx_word' id='word_1_70' title='bbox 609 1043 853 1124; x_wconf 87' lang='lat' dir='ltr'>philosophia</span> <span class='ocrx_word' id='word_1_71' title='bbox 876 1047 1063 1122; x_wconf 78' lang='lat' dir='ltr'>scripserint,</span> <span class='ocrx_word' id='word_1_72' title='bbox 1093 1062 1151 1123; x_wconf 94' lang='lat' dir='ltr'>quo</span> <span class='ocrx_word' id='word_1_73' title='bbox 1171 1048 1199 1105; x_wconf 93' lang='lat' dir='ltr'>in</span> 
     </span>
     <span class='ocr_line' id='line_1_11' title="bbox 190 1127 1199 1208; baseline -0.002 -19"><span class='ocrx_word' id='word_1_74' title='bbox 190 1146 302 1208; x_wconf 80' lang='lat' dir='ltr'>genere</span> <span class='ocrx_word' id='word_1_75' title='bbox 323 1129 514 1206; x_wconf 87' lang='lat' dir='ltr'>paucissimos</span> <span class='ocrx_word' id='word_1_76' title='bbox 535 1127 628 1188; x_wconf 92' lang='lat' dir='ltr'>adhuc</span> <span class='ocrx_word' id='word_1_77' title='bbox 650 1129 824 1206; x_wconf 87' lang='lat' dir='ltr'>eloquentes</span> <span class='ocrx_word' id='word_1_78' title='bbox 847 1128 962 1190; x_wconf 88' lang='lat' dir='ltr'>litterae</span> <span class='ocrx_word' id='word_1_79' title='bbox 985 1128 1132 1189; x_wconf 87' lang='lat' dir='ltr'>Romanae</span> <span class='ocrx_word' id='word_1_80' title='bbox 1155 1139 1199 1188; x_wconf 93' lang='lat' dir='ltr'>tu·</span> 
     </span>
     <span class='ocr_line' id='line_1_12' title="bbox 190 1210 1200 1290; baseline -0.001 -16"><span class='ocrx_word' id='word_1_81' title='bbox 190 1213 295 1274; x_wconf 91' lang='lat' dir='ltr'>lerunt.</span> <span class='ocrx_word' id='word_1_82' title='bbox 330 1211 410 1272; x_wconf 91' lang='lat' dir='ltr'>ldern</span> <span class='ocrx_word' id='word_1_83' title='bbox 429 1213 516 1289; x_wconf 91' lang='lat' dir='ltr'>igitur</span> <span class='ocrx_word' id='word_1_84' title='bbox 541 1210 579 1271; x_wconf 88' lang='grc' dir='ltr'>Μ.</span> <span class='ocrx_word' id='word_1_85' title='bbox 597 1211 759 1290; x_wconf 87' lang='lat' dir='ltr'>Tullius,</span> <span class='ocrx_word' id='word_1_86' title='bbox 781 1214 829 1290; x_wconf 94' lang='lat' dir='ltr'>qui</span> <span class='ocrx_word' id='word_1_87' title='bbox 844 1213 968 1290; x_wconf 91' lang='lat' dir='ltr'>ubique,</span> <span class='ocrx_word' id='word_1_88' title='bbox 993 1215 1079 1273; x_wconf 90' lang='lat' dir='ltr'>etiam</span> <span class='ocrx_word' id='word_1_89' title='bbox 1095 1215 1125 1273; x_wconf 92' lang='lat' dir='ltr'>in</span> <span class='ocrx_word' id='word_1_90' title='bbox 1140 1214 1200 1273; x_wconf 95' lang='lat' dir='ltr'>hoc</span> 
     </span>
     <span class='ocr_line' id='line_1_13' title="bbox 192 1293 1200 1375; baseline 0.002 -19"><span class='ocrx_word' id='word_1_91' title='bbox 192 1313 283 1375; x_wconf 88' lang='lat' dir='ltr'>opere</span> <span class='ocrx_word' id='word_1_92' title='bbox 312 1295 440 1356; x_wconf 91' lang='lat' dir='ltr'>Platonis</span> <span class='ocrx_word' id='word_1_93' title='bbox 469 1295 598 1356; x_wconf 87' lang='lat' dir='ltr'>aemulus</span> <span class='ocrx_word' id='word_1_94' title='bbox 625 1296 728 1356; x_wconf 83' lang='lat' dir='ltr'>extitit.</span> <span class='ocrx_word' id='word_1_95' title='bbox 772 1293 918 1374; x_wconf 84' lang='lat' dir='ltr'>Egregius</span> <span class='ocrx_word' id='word_1_96' title='bbox 948 1314 1020 1357; x_wconf 82' lang='lat' dir='ltr'>vero</span> <span class='ocrx_word' id='word_1_97' title='bbox 1047 1296 1200 1375; x_wconf 91' lang='lat' dir='ltr'>multoque</span> 
     </span>
     <span class='ocr_line' id='line_1_14' title="bbox 192 1378 1199 1459; baseline 0 -19"><span class='ocrx_word' id='word_1_98' title='bbox 192 1399 276 1458; x_wconf 91' lang='lat' dir='ltr'>quam</span> <span class='ocrx_word' id='word_1_99' title='bbox 300 1383 328 1440; x_wconf 97' lang='lat' dir='ltr'>in</span> <span class='ocrx_word' id='word_1_100' title='bbox 357 1380 535 1441; x_wconf 90' lang='lat' dir='ltr'>orationibus</span> <span class='ocrx_word' id='word_1_101' title='bbox 560 1381 755 1456; x_wconf 83' lang='lat' dir='ltr'>praestantior</span> <span class='ocrx_word' id='word_1_102' title='bbox 776 1378 908 1440; x_wconf 88' lang='lat' dir='ltr'>Brutus</span> <span class='ocrx_word' id='word_1_103' title='bbox 934 1381 1050 1441; x_wconf 82' lang='lat' dir='ltr'>suffecit</span> <span class='ocrx_word' id='word_1_104' title='bbox 1073 1381 1199 1459; x_wconf 91' lang='lat' dir='ltr'>ponderi</span> 
     </span>
    </p>

    <p class='ocr_par' dir='ltr' id='par_1_5' title="bbox 133 1464 1199 1794">
     <span class='ocr_line' id='line_1_15' title="bbox 133 1464 1198 1544; baseline 0 -20"><span class='ocrx_word' id='word_1_105' title='bbox 133 1469 300 1533; x_wconf 70' lang='lat' dir='ltr'>latrorum</span> <span class='ocrx_word' id='word_1_106' title='bbox 335 1465 411 1524; x_wconf 89' lang='lat' dir='ltr'>scias</span> <span class='ocrx_word' id='word_1_107' title='bbox 438 1482 502 1524; x_wconf 91' lang='lat' dir='ltr'>eum</span> <span class='ocrx_word' id='word_1_108' title='bbox 524 1464 633 1523; x_wconf 88' lang='lat' dir='ltr'>sentire</span> <span class='ocrx_word' id='word_1_109' title='bbox 655 1481 729 1541; x_wconf 88' lang='lat' dir='ltr'>quae</span> <span class='ocrx_word' id='word_1_110' title='bbox 753 1464 831 1524; x_wconf 90' lang='lat' dir='ltr'>dicit.</span> <span class='ocrx_word' id='word_1_111' title='bbox 872 1464 997 1544; x_wconf 84' lang='lat' dir='ltr'>Scripsit</span> <span class='ocrx_word' id='word_1_112' title='bbox 1016 1482 1074 1525; x_wconf 93' lang='lat' dir='ltr'>non</span> <span class='ocrx_word' id='word_1_113' title='bbox 1095 1482 1198 1543; x_wconf 92' lang='lat' dir='ltr'>parurn</span> 
     </span>
     <span class='ocr_line' id='line_1_16' title="bbox 190 1545 1197 1625; baseline -0.003 -16"><span class='ocrx_word' id='word_1_114' title='bbox 190 1548 277 1609; x_wconf 90' lang='lat' dir='ltr'>multa</span> <span class='ocrx_word' id='word_1_115' title='bbox 295 1545 496 1608; x_wconf 78' lang='lat' dir='ltr'>Cornelius</span> <span class='ocrx_word' id='word_1_116' title='bbox 513 1545 659 1624; x_wconf 80' lang='lat' dir='ltr'>celsus,</span> <span class='ocrx_word' id='word_1_117' title='bbox 682 1548 799 1608; x_wconf 83' lang='lat' dir='ltr'>Sextios</span> <span class='ocrx_word' id='word_1_118' title='bbox 815 1557 944 1625; x_wconf 88' lang='lat' dir='ltr'>secutus,</span> <span class='ocrx_word' id='word_1_119' title='bbox 962 1566 1020 1608; x_wconf 94' lang='lat' dir='ltr'>non</span> <span class='ocrx_word' id='word_1_120' title='bbox 1036 1549 1099 1608; x_wconf 89' lang='lat' dir='ltr'>sine</span> <span class='ocrx_word' id='word_1_121' title='bbox 1118 1548 1197 1608; x_wconf 92' lang='lat' dir='ltr'>cultu</span> 
     </span>
     <span class='ocr_line' id='line_1_17' title="bbox 190 1631 1198 1710; baseline -0.003 -16"><span class='ocrx_word' id='word_1_122' title='bbox 190 1651 225 1694; x_wconf 92' lang='lat' dir='ltr'>ac</span> <span class='ocrx_word' id='word_1_123' title='bbox 243 1633 348 1691; x_wconf 90' lang='lat' dir='ltr'>nitore.</span> <span class='ocrx_word' id='word_1_124' title='bbox 389 1632 536 1692; x_wconf 89' lang='lat' dir='ltr'>Plautus</span> <span class='ocrx_word' id='word_1_125' title='bbox 559 1633 587 1690; x_wconf 93' lang='lat' dir='ltr'>in</span> <span class='ocrx_word' id='word_1_126' title='bbox 608 1632 714 1692; x_wconf 89' lang='lat' dir='ltr'>Stoicis</span> <span class='ocrx_word' id='word_1_127' title='bbox 737 1651 833 1692; x_wconf 91' lang='lat' dir='ltr'>rerum</span> <span class='ocrx_word' id='word_1_128' title='bbox 858 1633 1017 1710; x_wconf 76' lang='lat' dir='ltr'>cognitioni</span> <span class='ocrx_word' id='word_1_129' title='bbox 1040 1633 1127 1693; x_wconf 93' lang='lat' dir='ltr'>utilis.</span> <span class='ocrx_word' id='word_1_130' title='bbox 1166 1631 1198 1691; x_wconf 94' lang='lat' dir='ltr'>ln</span> 
     </span>
     <span class='ocr_line' id='line_1_18' title="bbox 190 1713 1199 1794; baseline -0.001 -20"><span class='ocrx_word' id='word_1_131' title='bbox 190 1713 345 1793; x_wconf 82' lang='lat' dir='ltr'>Epicureis</span> <span class='ocrx_word' id='word_1_132' title='bbox 361 1714 435 1774; x_wconf 90' lang='lat' dir='ltr'>levis</span> <span class='ocrx_word' id='word_1_133' title='bbox 456 1715 571 1794; x_wconf 90' lang='lat' dir='ltr'>quidem</span> <span class='ocrx_word' id='word_1_134' title='bbox 593 1714 646 1774; x_wconf 90' lang='lat' dir='ltr'>scd</span> <span class='ocrx_word' id='word_1_135' title='bbox 664 1733 721 1775; x_wconf 96' lang='lat' dir='ltr'>non</span> <span class='ocrx_word' id='word_1_136' title='bbox 736 1714 904 1776; x_wconf 89' lang='lat' dir='ltr'>iniucundus</span> <span class='ocrx_word' id='word_1_137' title='bbox 921 1725 1016 1777; x_wconf 91' lang='lat' dir='ltr'>tamen</span> <span class='ocrx_word' id='word_1_138' title='bbox 1031 1725 1134 1777; x_wconf 90' lang='lat' dir='ltr'>auctor</span> <span class='ocrx_word' id='word_1_139' title='bbox 1152 1724 1199 1774; x_wconf 92' lang='lat' dir='ltr'>est</span> 
     </span>
    </p>

    <p class='ocr_par' dir='ltr' id='par_1_6' title="bbox 131 1796 1199 2716">
     <span class='ocr_line' id='line_1_19' title="bbox 132 1796 1198 1878; baseline 0.001 -22"><span class='ocrx_word' id='word_1_140' title='bbox 132 1796 326 1858; x_wconf 75' lang='lat' dir='ltr'>mecetius.</span> <span class='ocrx_word' id='word_1_141' title='bbox 354 1797 400 1857; x_wconf 85' lang='lat' dir='ltr'>Ex</span> <span class='ocrx_word' id='word_1_142' title='bbox 411 1799 549 1860; x_wconf 91' lang='lat' dir='ltr'>industria</span> <span class='ocrx_word' id='word_1_143' title='bbox 564 1797 742 1859; x_wconf 89' lang='lat' dir='ltr'>Senecam</span> <span class='ocrx_word' id='word_1_144' title='bbox 757 1802 786 1859; x_wconf 96' lang='lat' dir='ltr'>in</span> <span class='ocrx_word' id='word_1_145' title='bbox 798 1801 873 1859; x_wconf 93' lang='lat' dir='ltr'>omni</span> <span class='ocrx_word' id='word_1_146' title='bbox 885 1819 996 1877; x_wconf 87' lang='lat' dir='ltr'>genere</span> <span class='ocrx_word' id='word_1_147' title='bbox 1009 1799 1198 1878; x_wconf 87' lang='lat' dir='ltr'>eloquentiae</span> 
     </span>
     <span class='ocr_line' id='line_1_20' title="bbox 190 1881 1198 1962; baseline 0.001 -21"><span class='ocrx_word' id='word_1_148' title='bbox 190 1881 287 1942; x_wconf 90' lang='lat' dir='ltr'>distuli</span> <span class='ocrx_word' id='word_1_149' title='bbox 299 1890 420 1959; x_wconf 93' lang='lat' dir='ltr'>propter</span> <span class='ocrx_word' id='word_1_150' title='bbox 434 1881 580 1958; x_wconf 87' lang='lat' dir='ltr'>vulgatam</span> <span class='ocrx_word' id='word_1_151' title='bbox 595 1881 671 1942; x_wconf 89' lang='lat' dir='ltr'>ialso</span> <span class='ocrx_word' id='word_1_152' title='bbox 687 1883 723 1943; x_wconf 91' lang='lat' dir='ltr'>de</span> <span class='ocrx_word' id='word_1_153' title='bbox 738 1902 784 1943; x_wconf 90' lang='lat' dir='ltr'>mc</span> <span class='ocrx_word' id='word_1_154' title='bbox 799 1886 974 1962; x_wconf 89' lang='lat' dir='ltr'>opinionem,</span> <span class='ocrx_word' id='word_1_155' title='bbox 992 1902 1048 1962; x_wconf 95' lang='lat' dir='ltr'>qua</span> <span class='ocrx_word' id='word_1_156' title='bbox 1060 1883 1198 1943; x_wconf 89' lang='lat' dir='ltr'>damnare</span> 
     </span>
     <span class='ocr_line' id='line_1_21' title="bbox 190 1965 1199 2044; baseline -0.001 -20"><span class='ocrx_word' id='word_1_157' title='bbox 190 1983 255 2025; x_wconf 91' lang='lat' dir='ltr'>eum</span> <span class='ocrx_word' id='word_1_158' title='bbox 271 1973 301 2025; x_wconf 91' lang='lat' dir='ltr'>et</span> <span class='ocrx_word' id='word_1_159' title='bbox 321 1966 442 2025; x_wconf 89' lang='lat' dir='ltr'>invisum</span> <span class='ocrx_word' id='word_1_160' title='bbox 466 1981 582 2044; x_wconf 89' lang='lat' dir='ltr'>quoque</span> <span class='ocrx_word' id='word_1_161' title='bbox 598 1965 712 2026; x_wconf 91' lang='lat' dir='ltr'>habere</span> <span class='ocrx_word' id='word_1_162' title='bbox 728 1985 790 2026; x_wconf 89' lang='lat' dir='ltr'>sum</span> <span class='ocrx_word' id='word_1_163' title='bbox 807 1968 943 2029; x_wconf 91' lang='lat' dir='ltr'>creditus.</span> <span class='ocrx_word' id='word_1_164' title='bbox 983 1967 1068 2041; x_wconf 83' lang='lat' dir='ltr'>Quod</span> <span class='ocrx_word' id='word_1_165' title='bbox 1090 1965 1199 2026; x_wconf 90' lang='lat' dir='ltr'>accidit</span> 
     </span>
     <span class='ocr_line' id='line_1_22' title="bbox 189 2048 1198 2127; baseline -0.002 -18"><span class='ocrx_word' id='word_1_166' title='bbox 189 2050 267 2124; x_wconf 88' lang='lat' dir='ltr'>mihi,</span> <span class='ocrx_word' id='word_1_167' title='bbox 289 2048 354 2108; x_wconf 88' lang='lat' dir='ltr'>dum</span> <span class='ocrx_word' id='word_1_168' title='bbox 371 2058 537 2127; x_wconf 92' lang='lat' dir='ltr'>corruptum</span> <span class='ocrx_word' id='word_1_169' title='bbox 554 2059 583 2109; x_wconf 91' lang='lat' dir='ltr'>ct</span> <span class='ocrx_word' id='word_1_170' title='bbox 598 2050 728 2110; x_wconf 93' lang='lat' dir='ltr'>omnibus</span> <span class='ocrx_word' id='word_1_171' title='bbox 742 2053 818 2111; x_wconf 82' lang='lat' dir='ltr'>vitiis</span> <span class='ocrx_word' id='word_1_172' title='bbox 833 2052 955 2112; x_wconf 89' lang='lat' dir='ltr'>fractum</span> <span class='ocrx_word' id='word_1_173' title='bbox 972 2051 1086 2113; x_wconf 89' lang='lat' dir='ltr'>dicendi</span> <span class='ocrx_word' id='word_1_174' title='bbox 1102 2068 1198 2127; x_wconf 89' lang='lat' dir='ltr'>genus</span> 
     </span>
     <span class='ocr_line' id='line_1_23' title="bbox 131 2133 1197 2201; baseline -0.001 -9"><span class='ocrx_word' id='word_1_175' title='bbox 131 2147 333 2201; x_wconf 72' lang='lat' dir='ltr'>auorevocare</span> <span class='ocrx_word' id='word_1_176' title='bbox 353 2133 388 2193; x_wconf 93' lang='lat' dir='ltr'>ad</span> <span class='ocrx_word' id='word_1_177' title='bbox 411 2135 562 2194; x_wconf 88' lang='lat' dir='ltr'>severiora</span> <span class='ocrx_word' id='word_1_178' title='bbox 583 2135 687 2194; x_wconf 90' lang='lat' dir='ltr'>iudicia</span> <span class='ocrx_word' id='word_1_179' title='bbox 711 2135 865 2194; x_wconf 91' lang='lat' dir='ltr'>contendo.</span> <span class='ocrx_word' id='word_1_180' title='bbox 907 2134 977 2195; x_wconf 81' lang='lat' dir='ltr'>&#39;lum</span> <span class='ocrx_word' id='word_1_181' title='bbox 1001 2144 1096 2194; x_wconf 89' lang='lat' dir='ltr'>autem</span> <span class='ocrx_word' id='word_1_182' title='bbox 1113 2133 1197 2192; x_wconf 91' lang='lat' dir='ltr'>solus</span> 
     </span>
     <span class='ocr_line' id='line_1_24' title="bbox 189 2216 1196 2295; baseline -0.002 -18"><span class='ocrx_word' id='word_1_183' title='bbox 189 2217 237 2278; x_wconf 89' lang='lat' dir='ltr'>hic</span> <span class='ocrx_word' id='word_1_184' title='bbox 251 2219 315 2278; x_wconf 89' lang='lat' dir='ltr'>fere</span> <span class='ocrx_word' id='word_1_185' title='bbox 332 2219 360 2277; x_wconf 93' lang='lat' dir='ltr'>in</span> <span class='ocrx_word' id='word_1_186' title='bbox 375 2218 504 2278; x_wconf 89' lang='lat' dir='ltr'>manibus</span> <span class='ocrx_word' id='word_1_187' title='bbox 520 2218 747 2278; x_wconf 88' lang='lat' dir='ltr'>adolescentium</span> <span class='ocrx_word' id='word_1_188' title='bbox 768 2218 831 2278; x_wconf 85' lang='lat' dir='ltr'>luit.</span> <span class='ocrx_word' id='word_1_189' title='bbox 867 2218 960 2292; x_wconf 81' lang='lat' dir='ltr'>Quem</span> <span class='ocrx_word' id='word_1_190' title='bbox 979 2236 1037 2278; x_wconf 93' lang='lat' dir='ltr'>non</span> <span class='ocrx_word' id='word_1_191' title='bbox 1060 2216 1196 2295; x_wconf 92' lang='lat' dir='ltr'>equidem</span> 
     </span>
     <span class='ocr_line' id='line_1_25' title="bbox 190 2302 1197 2381; baseline -0.004 -20"><span class='ocrx_word' id='word_1_192' title='bbox 190 2303 303 2362; x_wconf 90' lang='lat' dir='ltr'>omnino</span> <span class='ocrx_word' id='word_1_193' title='bbox 322 2302 449 2363; x_wconf 92' lang='lat' dir='ltr'>conabar</span> <span class='ocrx_word' id='word_1_194' title='bbox 473 2311 613 2363; x_wconf 84' lang='lat' dir='ltr'>excutere</span> <span class='ocrx_word' id='word_1_195' title='bbox 631 2302 684 2362; x_wconf 89' lang='lat' dir='ltr'>sed</span> <span class='ocrx_word' id='word_1_196' title='bbox 705 2302 867 2381; x_wconf 87' lang='lat' dir='ltr'>potioribus</span> <span class='ocrx_word' id='word_1_197' title='bbox 887 2303 1029 2380; x_wconf 88' lang='lat' dir='ltr'>praeferri</span> <span class='ocrx_word' id='word_1_198' title='bbox 1044 2318 1101 2360; x_wconf 92' lang='lat' dir='ltr'>non</span> <span class='ocrx_word' id='word_1_199' title='bbox 1119 2302 1197 2358; x_wconf 89' lang='lat' dir='ltr'>sine-</span> 
     </span>
     <span class='ocr_line' id='line_1_26' title="bbox 186 2384 1197 2465; baseline -0.003 -20"><span class='ocrx_word' id='word_1_200' title='bbox 186 2385 262 2465; x_wconf 87' lang='lat' dir='ltr'>bam,</span> <span class='ocrx_word' id='word_1_201' title='bbox 282 2403 355 2464; x_wconf 93' lang='lat' dir='ltr'>quos</span> <span class='ocrx_word' id='word_1_202' title='bbox 372 2386 423 2447; x_wconf 93' lang='lat' dir='ltr'>ille</span> <span class='ocrx_word' id='word_1_203' title='bbox 439 2403 496 2446; x_wconf 93' lang='lat' dir='ltr'>nou</span> <span class='ocrx_word' id='word_1_204' title='bbox 511 2385 661 2448; x_wconf 88' lang='lat' dir='ltr'>destiterat</span> <span class='ocrx_word' id='word_1_205' title='bbox 676 2386 839 2462; x_wconf 88' lang='lat' dir='ltr'>incessere,</span> <span class='ocrx_word' id='word_1_206' title='bbox 856 2404 920 2446; x_wconf 91' lang='lat' dir='ltr'>cum</span> <span class='ocrx_word' id='word_1_207' title='bbox 931 2386 1038 2447; x_wconf 88' lang='lat' dir='ltr'>diversi</span> <span class='ocrx_word' id='word_1_208' title='bbox 1054 2384 1109 2445; x_wconf 92' lang='lat' dir='ltr'>sibi</span> <span class='ocrx_word' id='word_1_209' title='bbox 1126 2400 1197 2443; x_wconf 92' lang='lat' dir='ltr'>oon-</span> 
     </span>
     <span class='ocr_line' id='line_1_27' title="bbox 187 2467 1196 2548; baseline -0.003 -20"><span class='ocrx_word' id='word_1_210' title='bbox 187 2472 265 2529; x_wconf 89' lang='lat' dir='ltr'>scius</span> <span class='ocrx_word' id='word_1_211' title='bbox 277 2471 395 2548; x_wconf 88' lang='lat' dir='ltr'>generis</span> <span class='ocrx_word' id='word_1_212' title='bbox 407 2471 525 2548; x_wconf 87' lang='lat' dir='ltr'>placere</span> <span class='ocrx_word' id='word_1_213' title='bbox 542 2488 575 2530; x_wconf 88' lang='lat' dir='ltr'>se</span> <span class='ocrx_word' id='word_1_214' title='bbox 590 2472 619 2530; x_wconf 91' lang='lat' dir='ltr'>in</span> <span class='ocrx_word' id='word_1_215' title='bbox 633 2469 756 2531; x_wconf 89' lang='lat' dir='ltr'>dicendo</span> <span class='ocrx_word' id='word_1_216' title='bbox 768 2486 869 2548; x_wconf 90' lang='lat' dir='ltr'>posse,</span> <span class='ocrx_word' id='word_1_217' title='bbox 887 2470 989 2547; x_wconf 92' lang='lat' dir='ltr'>quibus</span> <span class='ocrx_word' id='word_1_218' title='bbox 1006 2469 1050 2529; x_wconf 94' lang='lat' dir='ltr'>illi</span> <span class='ocrx_word' id='word_1_219' title='bbox 1065 2467 1196 2546; x_wconf 88' lang='lat' dir='ltr'>placent,</span> 
     </span>
     <span class='ocr_line' id='line_1_28' title="bbox 187 2553 1195 2631; baseline -0.002 -19"><span class='ocrx_word' id='word_1_220' title='bbox 187 2553 342 2615; x_wconf 84' lang='lat' dir='ltr'>diffideret.</span> <span class='ocrx_word' id='word_1_221' title='bbox 371 2553 511 2614; x_wconf 82' lang='lat' dir='ltr'>Amabant</span> <span class='ocrx_word' id='word_1_222' title='bbox 527 2563 622 2614; x_wconf 90' lang='lat' dir='ltr'>autem</span> <span class='ocrx_word' id='word_1_223' title='bbox 638 2572 702 2614; x_wconf 93' lang='lat' dir='ltr'>eum</span> <span class='ocrx_word' id='word_1_224' title='bbox 721 2555 812 2630; x_wconf 88' lang='lat' dir='ltr'>magis</span> <span class='ocrx_word' id='word_1_225' title='bbox 829 2570 914 2631; x_wconf 90' lang='lat' dir='ltr'>quam</span> <span class='ocrx_word' id='word_1_226' title='bbox 929 2553 1111 2613; x_wconf 91' lang='lat' dir='ltr'>imitabantur</span> <span class='ocrx_word' id='word_1_227' title='bbox 1132 2561 1195 2610; x_wconf 92' lang='lat' dir='ltr'>tan·</span> 
     </span>
     <span class='ocr_line' id='line_1_29' title="bbox 187 2635 1194 2716; baseline -0.003 -20"><span class='ocrx_word' id='word_1_228' title='bbox 187 2646 303 2715; x_wconf 91' lang='lat' dir='ltr'>tumque</span> <span class='ocrx_word' id='word_1_229' title='bbox 327 2638 415 2698; x_wconf 91' lang='lat' dir='ltr'>abeo</span> <span class='ocrx_word' id='word_1_230' title='bbox 432 2637 612 2712; x_wconf 84' lang='lat' dir='ltr'>defluebant,</span> <span class='ocrx_word' id='word_1_231' title='bbox 634 2647 768 2716; x_wconf 91' lang='lat' dir='ltr'>quantum</span> <span class='ocrx_word' id='word_1_232' title='bbox 790 2637 841 2696; x_wconf 91' lang='lat' dir='ltr'>ille</span> <span class='ocrx_word' id='word_1_233' title='bbox 863 2636 899 2697; x_wconf 90' lang='lat' dir='ltr'>ab</span> <span class='ocrx_word' id='word_1_234' title='bbox 921 2638 1045 2716; x_wconf 90' lang='lat' dir='ltr'>antiquis</span> <span class='ocrx_word' id='word_1_235' title='bbox 1071 2635 1194 2695; x_wconf 91' lang='lat' dir='ltr'>descen·</span> 
     </span>
    </p>

    <p class='ocr_par' dir='ltr' id='par_1_7' title="bbox 131 2717 1196 2968">
     <span class='ocr_line' id='line_1_30' title="bbox 131 2717 1196 2800; baseline -0.005 -18"><span class='ocrx_word' id='word_1_236' title='bbox 131 2721 278 2784; x_wconf 74' lang='lat' dir='ltr'>lttderat.</span> <span class='ocrx_word' id='word_1_237' title='bbox 309 2721 398 2782; x_wconf 86' lang='lat' dir='ltr'>Forat</span> <span class='ocrx_word' id='word_1_238' title='bbox 414 2724 488 2782; x_wconf 91' lang='lat' dir='ltr'>enim</span> <span class='ocrx_word' id='word_1_239' title='bbox 504 2722 676 2800; x_wconf 91' lang='lat' dir='ltr'>optandum,</span> <span class='ocrx_word' id='word_1_240' title='bbox 698 2739 784 2799; x_wconf 90' lang='lat' dir='ltr'>pares</span> <span class='ocrx_word' id='word_1_241' title='bbox 803 2739 838 2781; x_wconf 91' lang='lat' dir='ltr'>ac</span> <span class='ocrx_word' id='word_1_242' title='bbox 861 2720 963 2781; x_wconf 90' lang='lat' dir='ltr'>saltem</span> <span class='ocrx_word' id='word_1_243' title='bbox 985 2721 1135 2799; x_wconf 86' lang='lat' dir='ltr'>proximos</span> <span class='ocrx_word' id='word_1_244' title='bbox 1151 2717 1196 2778; x_wconf 90' lang='lat' dir='ltr'>illi</span> 
     </span>
     <span class='ocr_line' id='line_1_31' title="bbox 187 2804 1195 2884; baseline -0.004 -20"><span class='ocrx_word' id='word_1_245' title='bbox 187 2808 250 2864; x_wconf 91' lang='lat' dir='ltr'>viro</span> <span class='ocrx_word' id='word_1_246' title='bbox 268 2805 340 2865; x_wconf 87' lang='lat' dir='ltr'>lieri.</span> <span class='ocrx_word' id='word_1_247' title='bbox 378 2804 437 2866; x_wconf 92' lang='lat' dir='ltr'>Sed</span> <span class='ocrx_word' id='word_1_248' title='bbox 459 2806 595 2884; x_wconf 91' lang='lat' dir='ltr'>placebat</span> <span class='ocrx_word' id='word_1_249' title='bbox 615 2815 736 2884; x_wconf 86' lang='lat' dir='ltr'>propter</span> <span class='ocrx_word' id='word_1_250' title='bbox 756 2806 820 2865; x_wconf 90' lang='lat' dir='ltr'>sola</span> <span class='ocrx_word' id='word_1_251' title='bbox 833 2806 903 2865; x_wconf 87' lang='lat' dir='ltr'>vitia</span> <span class='ocrx_word' id='word_1_252' title='bbox 919 2815 948 2865; x_wconf 91' lang='lat' dir='ltr'>et</span> <span class='ocrx_word' id='word_1_253' title='bbox 963 2804 998 2865; x_wconf 91' lang='lat' dir='ltr'>ad</span> <span class='ocrx_word' id='word_1_254' title='bbox 1016 2822 1051 2864; x_wconf 88' lang='lat' dir='ltr'>ea</span> <span class='ocrx_word' id='word_1_255' title='bbox 1066 2821 1099 2863; x_wconf 89' lang='lat' dir='ltr'>sc</span> <span class='ocrx_word' id='word_1_256' title='bbox 1117 2804 1195 2881; x_wconf 92' lang='lat' dir='ltr'>quis·</span> 
     </span>
     <span class='ocr_line' id='line_1_32' title="bbox 189 2888 1195 2968; baseline -0.003 -20"><span class='ocrx_word' id='word_1_257' title='bbox 189 2907 245 2966; x_wconf 93' lang='lat' dir='ltr'>que</span> <span class='ocrx_word' id='word_1_258' title='bbox 258 2889 401 2966; x_wconf 83' lang='lat' dir='ltr'>dirigebat</span> <span class='ocrx_word' id='word_1_259' title='bbox 414 2889 588 2967; x_wconf 83' lang='lat' dir='ltr'>ellirngenda,</span> <span class='ocrx_word' id='word_1_260' title='bbox 602 2908 676 2968; x_wconf 88' lang='lat' dir='ltr'>quae</span> <span class='ocrx_word' id='word_1_261' title='bbox 688 2898 820 2968; x_wconf 91' lang='lat' dir='ltr'>poterat;</span> <span class='ocrx_word' id='word_1_262' title='bbox 834 2888 937 2949; x_wconf 91' lang='lat' dir='ltr'>deinde</span> <span class='ocrx_word' id='word_1_263' title='bbox 950 2907 1014 2948; x_wconf 91' lang='lat' dir='ltr'>curn</span> <span class='ocrx_word' id='word_1_264' title='bbox 1026 2906 1059 2947; x_wconf 91' lang='lat' dir='ltr'>se</span> <span class='ocrx_word' id='word_1_265' title='bbox 1072 2889 1195 2946; x_wconf 92' lang='lat' dir='ltr'>iactaret</span> 
     </span>
    </p>

    <p class='ocr_par' dir='ltr' id='par_1_8' title="bbox 128 2969 1196 3220">
     <span class='ocr_line' id='line_1_33' title="bbox 128 2969 1194 3050; baseline -0.002 -20"><span class='ocrx_word' id='word_1_266' title='bbox 128 2974 291 3033; x_wconf 76' lang='lat' dir='ltr'>ltdeodem</span> <span class='ocrx_word' id='word_1_267' title='bbox 312 2974 399 3033; x_wconf 91' lang='lat' dir='ltr'>modo</span> <span class='ocrx_word' id='word_1_268' title='bbox 423 2974 538 3050; x_wconf 90' lang='lat' dir='ltr'>dicere,</span> <span class='ocrx_word' id='word_1_269' title='bbox 562 2975 703 3034; x_wconf 87' lang='lat' dir='ltr'>Senecam</span> <span class='ocrx_word' id='word_1_270' title='bbox 724 2973 887 3034; x_wconf 89' lang='lat' dir='ltr'>infamabat.</span> <span class='ocrx_word' id='word_1_271' title='bbox 929 2969 1017 3032; x_wconf 85' lang='lat' dir='ltr'>Cuius</span> <span class='ocrx_word' id='word_1_272' title='bbox 1042 2980 1072 3031; x_wconf 92' lang='lat' dir='ltr'>et</span> <span class='ocrx_word' id='word_1_273' title='bbox 1086 2969 1194 3030; x_wconf 90' lang='lat' dir='ltr'>multae</span> 
     </span>
     <span class='ocr_line' id='line_1_34' title="bbox 187 3055 1194 3136; baseline -0.003 -20"><span class='ocrx_word' id='word_1_274' title='bbox 187 3056 295 3136; x_wconf 91' lang='lat' dir='ltr'>alioqui</span> <span class='ocrx_word' id='word_1_275' title='bbox 313 3067 343 3118; x_wconf 92' lang='lat' dir='ltr'>et</span> <span class='ocrx_word' id='word_1_276' title='bbox 357 3076 477 3136; x_wconf 88' lang='lat' dir='ltr'>magnae</span> <span class='ocrx_word' id='word_1_277' title='bbox 493 3061 614 3119; x_wconf 90' lang='lat' dir='ltr'>virtutes</span> <span class='ocrx_word' id='word_1_278' title='bbox 630 3059 761 3135; x_wconf 85' lang='lat' dir='ltr'>luerunt,</span> <span class='ocrx_word' id='word_1_279' title='bbox 780 3058 923 3135; x_wconf 88' lang='lat' dir='ltr'>ingenium</span> <span class='ocrx_word' id='word_1_280' title='bbox 939 3055 1027 3116; x_wconf 83' lang='lat' dir='ltr'>facile</span> <span class='ocrx_word' id='word_1_281' title='bbox 1045 3064 1074 3114; x_wconf 92' lang='lat' dir='ltr'>et</span> <span class='ocrx_word' id='word_1_282' title='bbox 1092 3055 1194 3132; x_wconf 91' lang='lat' dir='ltr'>copio-</span> 
     </span>
     <span class='ocr_line' id='line_1_35' title="bbox 187 3141 1196 3220; baseline -0.003 -21"><span class='ocrx_word' id='word_1_283' title='bbox 187 3158 266 3216; x_wconf 89' lang='lat' dir='ltr'>sum,</span> <span class='ocrx_word' id='word_1_284' title='bbox 290 3142 440 3220; x_wconf 93' lang='lat' dir='ltr'>plurimum</span> <span class='ocrx_word' id='word_1_285' title='bbox 466 3142 566 3217; x_wconf 91' lang='lat' dir='ltr'>studii,</span> <span class='ocrx_word' id='word_1_286' title='bbox 588 3142 676 3202; x_wconf 92' lang='lat' dir='ltr'>multa</span> <span class='ocrx_word' id='word_1_287' title='bbox 691 3160 786 3200; x_wconf 92' lang='lat' dir='ltr'>rerum</span> <span class='ocrx_word' id='word_1_288' title='bbox 803 3141 945 3218; x_wconf 84' lang='lat' dir='ltr'>cognitio;</span> <span class='ocrx_word' id='word_1_289' title='bbox 969 3141 998 3199; x_wconf 91' lang='lat' dir='ltr'>in</span> <span class='ocrx_word' id='word_1_290' title='bbox 1020 3156 1076 3216; x_wconf 88' lang='lat' dir='ltr'>qua</span> <span class='ocrx_word' id='word_1_291' title='bbox 1098 3147 1196 3197; x_wconf 91' lang='lat' dir='ltr'>tamen</span> 
     </span>
    </p>
   </div>
   <div class='ocr_carea' id='block_1_3' title="bbox 132 3220 1196 3557">
    <p class='ocr_par' dir='ltr' id='par_1_9' title="bbox 132 3220 1196 3557">
     <span class='ocr_line' id='line_1_36' title="bbox 187 3220 1195 3305; baseline -0.001 -22"><span class='ocrx_word' id='word_1_292' title='bbox 187 3223 340 3302; x_wconf 90' lang='lat' dir='ltr'>aliquando</span> <span class='ocrx_word' id='word_1_293' title='bbox 359 3225 394 3285; x_wconf 97' lang='lat' dir='ltr'>ab</span> <span class='ocrx_word' id='word_1_294' title='bbox 412 3227 472 3302; x_wconf 87' lang='lat' dir='ltr'>his,</span> <span class='ocrx_word' id='word_1_295' title='bbox 491 3226 592 3305; x_wconf 88' lang='lat' dir='ltr'>quibus</span> <span class='ocrx_word' id='word_1_296' title='bbox 608 3225 776 3305; x_wconf 91' lang='lat' dir='ltr'>inquirenda</span> <span class='ocrx_word' id='word_1_297' title='bbox 794 3224 933 3302; x_wconf 91' lang='lat' dir='ltr'>quaedam</span> <span class='ocrx_word' id='word_1_298' title='bbox 950 3222 1118 3296; x_wconf 90' lang='lat' dir='ltr'>mandabat,</span> <span class='ocrx_word' id='word_1_299' title='bbox 1143 3220 1195 3282; x_wconf 93' lang='lat' dir='ltr'>de·</span> 
     </span>
     <span class='ocr_line' id='line_1_37' title="bbox 188 3307 1195 3386; baseline -0.002 -20"><span class='ocrx_word' id='word_1_300' title='bbox 188 3316 289 3386; x_wconf 88' lang='lat' dir='ltr'>ceptus</span> <span class='ocrx_word' id='word_1_301' title='bbox 306 3320 360 3370; x_wconf 92' lang='lat' dir='ltr'>est.</span> <span class='ocrx_word' id='word_1_302' title='bbox 398 3309 544 3370; x_wconf 78' lang='lat' dir='ltr'>&#39;l&#39;ractavit</span> <span class='ocrx_word' id='word_1_303' title='bbox 560 3311 645 3370; x_wconf 91' lang='lat' dir='ltr'>etiam</span> <span class='ocrx_word' id='word_1_304' title='bbox 660 3326 772 3368; x_wconf 88' lang='lat' dir='ltr'>omnem</span> <span class='ocrx_word' id='word_1_305' title='bbox 786 3308 849 3367; x_wconf 90' lang='lat' dir='ltr'>lere</span> <span class='ocrx_word' id='word_1_306' title='bbox 861 3307 1018 3367; x_wconf 89' lang='lat' dir='ltr'>studiorum</span> <span class='ocrx_word' id='word_1_307' title='bbox 1034 3307 1195 3366; x_wconf 88' lang='lat' dir='ltr'>materiam.</span> 
     </span>
     <span class='ocr_line' id='line_1_38' title="bbox 132 3389 1196 3472; baseline -0.004 -19"><span class='ocrx_word' id='word_1_308' title='bbox 132 3398 181 3454; x_wconf 69' lang='lat'>129</span> <span class='ocrx_word' id='word_1_309' title='bbox 189 3389 260 3450; x_wconf 89' lang='lat' dir='ltr'>Nam</span> <span class='ocrx_word' id='word_1_310' title='bbox 277 3402 305 3451; x_wconf 91' lang='lat' dir='ltr'>et</span> <span class='ocrx_word' id='word_1_311' title='bbox 322 3395 468 3454; x_wconf 92' lang='lat' dir='ltr'>orationes</span> <span class='ocrx_word' id='word_1_312' title='bbox 488 3397 549 3454; x_wconf 88' lang='lat' dir='ltr'>eius</span> <span class='ocrx_word' id='word_1_313' title='bbox 568 3403 597 3454; x_wconf 94' lang='lat' dir='ltr'>et</span> <span class='ocrx_word' id='word_1_314' title='bbox 612 3402 746 3472; x_wconf 85' lang='lat' dir='ltr'>poemata</span> <span class='ocrx_word' id='word_1_315' title='bbox 769 3401 797 3452; x_wconf 91' lang='lat' dir='ltr'>et</span> <span class='ocrx_word' id='word_1_316' title='bbox 821 3391 964 3470; x_wconf 90' lang='lat' dir='ltr'>epistolae</span> <span class='ocrx_word' id='word_1_317' title='bbox 981 3400 1010 3451; x_wconf 89' lang='lat' dir='ltr'>et</span> <span class='ocrx_word' id='word_1_318' title='bbox 1025 3390 1135 3467; x_wconf 89' lang='lat' dir='ltr'>dialogi</span> <span class='ocrx_word' id='word_1_319' title='bbox 1150 3389 1196 3450; x_wconf 86' lang='lat' dir='ltr'>fe·</span> 
     </span>
     <span class='ocr_line' id='line_1_39' title="bbox 187 3474 1194 3557; baseline -0.001 -23"><span class='ocrx_word' id='word_1_320' title='bbox 187 3484 295 3535; x_wconf 91' lang='lat' dir='ltr'>runtur.</span> <span class='ocrx_word' id='word_1_321' title='bbox 328 3477 359 3537; x_wconf 94' lang='lat' dir='ltr'>ln</span> <span class='ocrx_word' id='word_1_322' title='bbox 376 3477 561 3557; x_wconf 88' lang='lat' dir='ltr'>philosophia</span> <span class='ocrx_word' id='word_1_323' title='bbox 578 3495 679 3556; x_wconf 89' lang='lat' dir='ltr'>parum</span> <span class='ocrx_word' id='word_1_324' title='bbox 695 3475 829 3554; x_wconf 88' lang='lat' dir='ltr'>diligens,</span> <span class='ocrx_word' id='word_1_325' title='bbox 847 3476 984 3553; x_wconf 88' lang='lat' dir='ltr'>egregius</span> <span class='ocrx_word' id='word_1_326' title='bbox 1000 3484 1095 3534; x_wconf 89' lang='lat' dir='ltr'>tamen</span> <span class='ocrx_word' id='word_1_327' title='bbox 1106 3474 1194 3533; x_wconf 91' lang='lat' dir='ltr'>vitio·</span> 
     </span>
    </p>
   </div>
   <div class='ocr_carea' id='block_1_4' title="bbox 0 0 1288 4026">
    <p class='ocr_par' dir='ltr' id='par_1_10' title="bbox 0 0 1288 4026">
     <span class='ocr_line' id='line_1_40' title="bbox 0 0 1288 4026; baseline 0 1"><span class='ocrx_word' id='word_1_328' title='bbox 0 0 1288 4026; x_wconf 95' lang='lat' dir='ltr'> </span> 
     </span>
    </p>
   </div>
  </div>
 </body>
</html>
