2566 4026
12 153 29 225 i

13 238 26 249 ἡ

12 274 25 287 ἢ

155 39 214 94 ΗΒ.
228 51 303 106 (ΣΟΜ.

156 121 293 186 lincunt

151 203 337 275 serranum
351 223 413 282 1928

150 286 230 349 iloto

146 391 278 467 ΖψΜᾸ

434 554 736 659 lllllllln

141 841 245 923 Prodit
255 862 322 917 nost
340 855 493 914 editionem
507 858 698 930 Zumptianam
716 873 790 914 nunc
807 857 927 930 primum
946 876 1021 918 nova
1039 861 1111 922 baec

57 959 187 1028 integros
201 953 350 1010 duocscim
367 955 453 1012 libros
463 954 647 1011 institutionis
662 955 799 1010 oratoriae
811 956 850 1012 M.
861 957 938 1016 Fabii
951 957 1110 1026 Quintiliani

56 1055 216 1111 continens.
259 1053 438 1109 Praeclaram
453 1051 566 1124 quidem
584 1068 702 1124 operam
716 1051 783 1110 huic
804 1055 933 1127 scriptori
950 1056 1049 1128 viginti
1063 1060 1111 1116 ab·

57 1150 125 1207 hine
136 1151 219 1207 annis
229 1149 506 1222 Henricusltlegerus
518 1150 636 1205 Helveto
644 1148 838 1222 turicensis,
850 1151 962 1225 adJutus
974 1154 1109 1227 imprimis

58 1247 162 1305 Codice
172 1249 393 1322 Lassbergensi,
406 1248 568 1321 impendere
578 1253 725 1320 coeperat,
737 1249 790 1306 sed
801 1249 953 1308 dolendum
965 1257 1021 1322 est,
1034 1254 1110 1326 quod

58 1354 123 1420 post
141 1349 299 1404 absolutum
326 1353 454 1420 quartum
474 1348 574 1404 librum
591 1347 636 1402 vir
660 1345 759 1404 doctus
778 1351 910 1407 cessavit.
959 1333 1109 1410 Praeterea

60 1447 161 1518 optime
190 1447 291 1503 meruit
322 1445 359 1501 de
385 1446 553 1515 Quintiliano
577 1445 738 1502 Fridericus
762 1447 926 1505 leonardus
946 1448 1108 1519 Enderlein,

59 1544 204 1616 gymnasii
215 1542 400 1603 Ludoviciani
411 1546 572 1618 professor,
584 1561 669 1617 quum
680 1545 788 1617 egregii
797 1543 909 1602 codicrs
920 1545 1108 1620 Bambe'rgen·

57 1645 97 1700 sis
111 1642 217 1700 aditum
229 1649 356 1715 quattuor
373 1632 574 1718 scriptionibus
590 1645 766 1703 scholasticis
784 1645 818 1700 ab
836 1659 909 1699 anno
927 1647 1108 1704 1843-1862

56 1741 177 1799 subinde
196 1741 356 1799 Suevolurti
374 1742 487 1801 emissis
510 1746 661 1802 maximam
680 1747 789 1816 partem
809 1743 938 1814 aperiret.
986 1743 1108 1800 Plurima

60 1839 205 1896 hominum
217 1838 391 1896 eruditorum
403 1840 496 1898 studia
507 1841 636 1899 invitavit
647 1842 718 1897 liber
730 1839 870 1908 decimus,
882 1840 953 1895 inter
965 1856 1035 1912 quos
1043 1847 1108 1912 post

61 1937 210 1994 editionem
217 1936 321 2010 Georgi
332 1937 563 2011 AugustiHerbst
573 1941 710 2013 imprimis
721 1937 919 1995 memorandus
931 1939 1008 1995 cstF.
1019 1939 1108 1997 Osan-

61 2053 114 2093 nus
127 2036 270 2093 Giisensis
280 2037 436 2109 professor.
477 2039 582 2096 Horum
595 2046 621 2096 et
632 2054 815 2113 quaecunque
826 2036 894 2092 mihi
906 2036 1018 2093 aliunde
1032 2039 1107 2094 obla-

54 2143 100 2194 tae
119 2141 183 2192 sunt
201 2150 284 2192 curas
301 2134 470 2206 Quintiliano
489 2137 597 2195 dicatas
614 2139 643 2195 in
664 2139 782 2195 lructum
801 2152 881 2193 meae
902 2137 1106 2194 convertendas

54 2233 123 2291 mihi
136 2250 201 2292 esse
213 2236 311 2292 censui
324 2235 472 2305 editionis,
492 2253 550 2293 non
561 2235 628 2293 mihi
644 2237 691 2293 uni
703 2236 756 2294 sed
772 2237 921 2294 universae
935 2236 1106 2294 literatorum

54 2331 198 2390 bominum
212 2333 319 2390 civitati
331 2349 383 2406 pro
395 2333 471 2390 virili
481 2340 560 2406 parte
572 2335 746 2407 profuturae.
788 2335 826 2390 At
837 2333 948 2407 insigne
961 2333 1106 2405 adjumen-

54 2439 111 2488 tum
129 2436 228 2489 nactus
241 2448 304 2489 sum
317 2431 444 2504 diligenti
461 2432 608 2488 collatione
621 2432 681 2503 eius
694 2431 783 2502 partis
795 2429 907 2488 codicis
917 2431 1106 2504 Bambergen·

54 2532 108 2600 sis,
128 2532 210 2603 cujus
221 2530 316 2588 varias
333 2530 469 2586 lectiones
482 2529 634 2587 Enderlcin
652 2528 776 2586 nondum
790 2527 895 2602 publici
907 2527 978 2600 juris
991 2529 1104 2584 lecerat.

54 2630 165 2688 Gratias
177 2630 254 2687 hanc
266 2631 302 2687 ob
319 2645 435 2687 causam
445 2628 501 2686 hoc
513 2630 576 2687 loco
588 2628 656 2686 mihi
671 2627 800 2701 agendae
814 2631 879 2683 sunt
889 2625 1011 2682 Antonio
1023 2627 1101 2685 Lina·

53 2743 170 2802 maycr,
182 2743 258 2784 nunc
268 2727 448 2784 Monacensis
460 2729 602 2802 gymnasii
614 2728 758 2800 collegae,
775 2727 822 2798 qui
834 2741 852 2780 a
863 2740 908 2780 me
919 2731 1034 2797 rogatus
1046 2727 1103 2783 acri

55 2825 200 2899 diligentia
217 2829 245 2880 et
260 2823 365 2897 insigni
382 2825 510 2882 comitate
526 2830 630 2881 certam
647 2841 681 2882 ac
692 2822 779 2880 tidem
796 2822 919 2895 elligicm
933 2825 1103 2895 praestantis

53 2923 127 2982 illius
146 2922 260 2981 Codicis
281 2924 402 2981 coniecit
422 2921 546 2995 mihique
568 2922 720 2980 liberaliter
735 2921 871 2997 permisit.
923 2920 1035 2980 Codlcis
1052 2922 1103 2980 hu·

51 3023 95 3094 jus
120 3022 261 3095 scriptura
289 3022 398 3096 primae
424 3019 537 3093 quidem
564 3037 665 3079 manus
693 3038 757 3078 cum
785 3021 911 3079 secunde
933 3024 1025 3080 classe
1052 3022 1102 3081 Go-

54 3117 145 3177 dicum
174 3117 339 3187 Quintiliani
364 3119 528 3192 plerumque
550 3119 704 3188 consentit,
734 3123 831 3176 contro
853 3121 981 3177 secunda
1001 3136 1102 3177 manus

53 3217 231 3276 emendantis
249 3218 355 3276 librarii
370 3234 433 3277 cum
448 3218 540 3292 prima
550 3218 658 3291 classe,
677 3217 798 3274 maxime
815 3235 878 3276 cum
888 3219 1039 3277 Florentini
1057 3234 1101 3277 se·

54 3315 148 3374 cunda
157 3331 259 3386 manu,
269 3315 342 3374 alias
356 3333 420 3375 cum
429 3316 616 3376 ambrosiano
627 3315 756 3375 codlcum
767 3317 892 3437 optimo*
916 3317 985 3375 Inde
998 3333 1016 3375 a
1029 3317 1099 3376 libro

848 3417 865 3458 a
