2566 4026
222 154 282 216 220
537 166 574 212 u.
590 164 669 211 ono.
689 163 910 223 outnurnmru

221 322 278 382 lum
297 338 475 400 componere
492 319 635 378 actionem
653 316 782 385 solebat;
805 318 896 393 adeo,
916 318 1046 395 quamvis
1063 318 1171 396 fulgor
1189 320 1240 380 ille

222 406 353 465 sinistras
369 404 511 480 imagines
526 401 646 477 reddat,
669 402 728 460 suis
746 401 857 461 demum
875 402 967 461 oculis
986 401 1129 478 credidit,
1160 404 1241 481 quod

222 488 365 548 efiiceret.
398 487 590 563 Praecipuum
605 502 677 545 vero
700 486 728 543 in
746 485 860 544 actione
879 485 952 544 sicut
973 485 1153 563 incorpore
1172 491 1239 566 ipso

222 581 332 650 caput
354 580 400 630 est
422 588 484 630 cum
502 569 538 629 ad
556 568 653 644 illum,
678 568 788 646 dequo
807 568 883 644 dixi,
906 569 1045 628 decorem
1068 577 1129 628 tum
1150 572 1240 632 etiam

177 655 212 711 69
221 655 257 716 ad
273 655 522 732 significationem.
556 651 682 711 Decoris
698 651 747 711 illa
763 662 843 728 sunt,
862 661 892 711 ut
908 653 943 711 sit
961 653 1054 731 primo
1071 662 1194 714 rectum
1212 665 1240 715 et

222 739 380 799 secundum
402 746 542 798 naturam.
573 734 646 795 Nam
668 743 697 794 et
720 735 835 795 deiecto
851 735 995 796 humilitas
1012 744 1041 795 ct
1063 738 1177 815 supino
1194 757 1238 799 ar·

221 823 354 900 rogantia
370 830 399 881 et
414 822 443 879 in
461 819 538 879 latus
554 819 691 879 inclinato
708 819 831 896 languor
847 829 876 878 et
892 821 1036 897 praeduro
1060 837 1099 880 ac
1116 823 1239 899 rigente

222 905 356 966 barbaria
375 904 517 983 quaedam
534 903 637 962 mentis
653 903 822 963 ostenditur.
860 902 930 963 Tum
948 904 1073 981 accipiat
1090 914 1185 982 aptos
1202 924 1239 966 ex

222 990 287 1067 ipso
307 1005 442 1049 sermone
460 996 571 1063 motus,
594 995 624 1046 ut
641 1004 704 1046 cum
719 996 804 1064 gestu
821 988 983 1048 concordet
999 996 1028 1046 ct
1045 989 1239 1050 manibusue

178 1075 213 1132 70
223 1072 364 1133 lateribus
380 1072 568 1149 obsequatur.
598 1068 747 1148 Aspectus
764 1071 837 1129 enim
854 1089 971 1150 semper
988 1070 1094 1130 eodem
1111 1073 1239 1133 vertitur

222 1173 279 1234 quo
300 1165 418 1234 gestus,
445 1155 580 1232 exceptis
603 1172 677 1232 quae
701 1163 748 1214 aut
766 1155 900 1215 damnare
919 1165 1040 1215 autnon
1061 1157 1238 1217 concedere

222 1249 269 1300 aut
285 1257 301 1301 a
316 1239 402 1300 nobis
417 1255 572 1298 removere
589 1237 747 1315 oportebit,
766 1248 793 1298 ut
811 1239 887 1298 idem
902 1239 971 1299 illud
984 1237 1064 1296 vultu
1080 1239 1237 1301 videamur

221 1325 369 1400 aversari,
386 1340 470 1383 manu
487 1321 652 1399 repellere:

350 1441 392 1453 -
406 1405 459 1467 Dii
477 1407 567 1468 telem
582 1407 712 1467 avertite
725 1412 849 1484 pestem.

349 1525 392 1534 -
406 1489 501 1551 Haud
516 1490 656 1569 equidem
671 1491 726 1550 tata·
740 1509 787 1550 mc
804 1491 913 1569 dignor
928 1490 1049 1550 donare.

180 1579 211 1634 71
222 1574 373 1652 Significat
393 1592 465 1633 vero
488 1573 618 1652 plurimis
634 1572 737 1632 modis.
775 1572 847 1633 Nam
863 1582 982 1652 praeter
997 1573 1164 1650 annuendi,
1188 1594 1233 1634 re·

221 1659 327 1718 nuendi
349 1656 594 1735 confirmandique
616 1665 709 1716 motus
734 1666 798 1716 sunt
822 1666 852 1717 et
871 1657 1067 1717 verecundiae
1094 1667 1124 1717 et
1150 1658 1234 1718 dubi·

221 1743 338 1801 tationis
366 1749 395 1800 et
420 1740 616 1800 admirationis
644 1749 672 1799 et
699 1740 902 1816 indignationis
924 1741 984 1799 noti
1009 1749 1039 1798 et
1061 1758 1234 1800 communes

223 1823 364 1884 omnibus.
389 1824 461 1883 Solo
474 1832 570 1883 tamen
583 1839 618 1882 eo
632 1821 732 1882 iacere
744 1832 858 1900 gestum
872 1825 982 1884 scenici
996 1841 1113 1902 quoque
1127 1825 1233 1885 docto-

221 1926 270 1967 res
282 1908 417 1966 vitiosum
430 1913 613 1984 putaverunt.
644 1904 738 1966 Etiam
750 1905 889 1986 frequens
906 1909 967 1967 eius
979 1916 1063 1965 nutus
1075 1925 1134 1966 nou
1150 1917 1234 1969 caret

221 1991 307 2058 vitio;
337 1991 412 2050 adeo
434 1991 543 2049 iactare
566 1988 594 2048 id
616 1998 645 2048 et
667 2007 764 2050 comas
786 1993 981 2052 excutientem
1003 2001 1102 2050 rotare
1126 1991 1232 2052 lauati-

223 2093 286 2134 cum
303 2084 357 2134 est.

180 2163 213 2220 tr
304 2157 581 2219 Dominaturautem
599 2158 866 2218 maximevultus.
898 2158 961 2217 Hoc
978 2157 1147 2236 supplices,
1173 2165 1232 2217 troc

220 2243 364 2319 minaces,
390 2242 448 2303 hoc
465 2241 581 2318 blandi,
602 2242 659 2301 hoc
675 2243 790 2316 tristes,
812 2242 870 2301 hoc
890 2241 1016 2316 hilares,
1039 2241 1097 2300 hoc
1122 2243 1229 2315 erecti,

221 2326 278 2386 hoc
294 2327 434 2386 summissi
452 2344 565 2394 sumus;
588 2325 646 2385 hoc
662 2326 789 2404 pendent
804 2325 953 2401 homines,
976 2325 1053 2384 hunc
1070 2325 1229 2400 intuentur,

221 2410 297 2469 hunc
314 2418 463 2489 spectant,
486 2411 571 2469 etiam
585 2419 738 2486 antequam
754 2409 889 2478 dicimus;
912 2409 968 2468 hoc
992 2407 1132 2487 quosdam
1152 2427 1229 2468 ama·

222 2512 301 2569 mus,
326 2493 383 2553 hoe
399 2494 527 2567 odimus,
556 2493 613 2553 hoc
630 2493 752 2570 plurima
776 2492 979 2570 intelligimus,
1006 2492 1053 2551 hic
1073 2500 1120 2550 est
1135 2509 1229 2569 saepe

180 2577 275 2655 isspro
292 2576 422 2636 omnibus
440 2577 550 2636 verbis.
582 2574 682 2654 ltaque
698 2577 793 2652 iniis,
820 2595 894 2654 quae
912 2576 948 2635 ad
972 2593 1090 2634 scenam
1108 2592 1229 2653 compo·

222 2668 339 2736 nurtur,
361 2658 466 2720 iabulis
489 2660 616 2720 artiiices
636 2659 837 2738 pronuntiandi
862 2679 877 2720 a
895 2660 1029 2738 personis
1045 2676 1164 2738 quoque
1188 2658 1229 2718 ai·

222 2743 316 2803 iectus
341 2752 515 2803 mutuantur:
541 2752 571 2803 ut
593 2745 629 2802 sit
643 2743 765 2822 Aerope
786 2744 814 2803 in
835 2742 986 2820 tragoedia
1009 2743 1114 2818 tristis,
1142 2751 1230 2802 atrox

180 2826 344 2903 lllledea,
369 2829 504 2887 attonitus
519 2826 610 2903 Aiax,
635 2827 814 2886 truculentus
829 2827 981 2887 Hercules.
1013 2826 1045 2885 ln
1063 2826 1229 2886 comoediis

221 2926 294 2970 vero
313 2919 431 2989 praeter
446 2911 530 2971 aliam
547 2911 798 2987 observationem,
821 2929 876 2989 qua
895 2912 990 2986 servi,
1012 2910 1152 2985 lenones,
1178 2928 1229 2988 pa·

223 2995 323 3069 rasiti,
339 2995 456 3070 rustici,
473 2994 595 3070 milites,
612 2995 833 3069 meretriculae,
855 2995 996 3068 ancillae,
1014 3013 1101 3053 senes
1118 2994 1229 3054 austeri

223 3095 258 3136 ac
282 3078 382 3153 mites,
409 3078 530 3137 iuvenes
553 3079 650 3138 severi
672 3096 706 3138 ac
727 3078 886 3154 luxuriosi,
912 3087 1076 3152 matronae,
1109 3077 1229 3155 puellae

222 3161 298 3221 inter
319 3179 352 3220 sc
375 3160 593 3237 discernuntur,
622 3170 706 3241 pater
727 3162 796 3238 ille,
826 3163 905 3221 cuius
929 3162 1106 3240 praecipuae
1126 3170 1229 3239 partes

223 3252 298 3319 suut,
316 3245 382 3323 quia
399 3246 512 3304 interim
529 3247 701 3318 concitatus,
718 3247 830 3306 interim
846 3245 921 3305 lenis
938 3254 993 3320 est,
1011 3245 1105 3304 altero
1123 3255 1228 3305 erecto

222 3326 315 3387 altero
334 3331 498 3406 composito
515 3338 559 3389 est
575 3328 750 3407 supercilio;
774 3338 861 3407 atque
883 3328 910 3389 id
927 3329 1083 3388 ostendere
1099 3330 1226 3388 maxime

221 3406 296 3468 latus
318 3412 464 3471 actoribus
486 3414 575 3472 moris
592 3421 654 3489 est,
680 3412 756 3490 quod
774 3431 837 3472 cum
854 3414 905 3488 iis,
929 3431 1000 3492 quas
1016 3420 1115 3490 agunt,
1134 3414 1225 3492 parti·
