2566 4026
223 185 283 248 122
542 198 903 258 n.uan.qn1nnm1xnr

179 363 320 419 resonam
340 354 475 431 accipiat.
512 352 549 412 Et
575 371 627 413 cur
651 372 696 413 mc
711 352 865 432 prohibeat
885 353 980 431 pudor
1000 356 1040 414 uti
1063 355 1227 416 domestico

221 434 379 516 exemplo?
414 436 499 496 Pater
519 455 600 496 meus
619 446 719 497 contra
736 455 817 512 eum,
833 439 881 515 qui
897 455 930 497 se
946 438 1087 516 legationi
1101 440 1227 498 immori·

220 532 313 583 turum
329 522 458 596 dixerat,
480 521 585 581 deinde
600 523 650 581 vix
667 523 767 600 paucis
783 520 886 580 diebus
905 523 1054 601 insumptis
1070 541 1103 581 re
1120 522 1228 584 infecta

219 607 363 682 redierat,
384 603 452 666 Noa
473 607 577 685 emipo,
599 612 632 666 at
652 607 839 667 immemoris
863 607 1022 686 depretiem,
1052 609 1227 669 immorare.

219 690 291 750 Nam
312 699 341 750 et
361 689 440 749 valet
461 707 564 748 sensus
588 691 654 768 ipse
671 699 701 749 et
716 691 744 748 in
758 688 857 748 verbis
870 698 978 749 tantum
993 689 1166 750 distantibus
1186 693 1226 750 iu·

221 775 313 835 eunde
330 782 471 833 consonat
487 790 558 849 vox,
573 775 747 852 praesertim
760 790 818 832 non
834 783 948 852 captata
958 773 1011 833 sed
1023 774 1105 834 velut
1118 773 1226 850 oblata,

221 876 285 918 oum
308 858 401 918 altero
424 873 478 916 suo
500 859 537 916 sit
558 876 627 917 usus
653 857 776 919 alterum
803 857 839 917 ab
867 857 1036 918 adversario
1065 861 1226 936 acceperit.

177 940 342 1020 tallagnae
359 940 612 1024 veteribuscurae
628 942 699 1017 luit,
720 942 842 1018 gratiam
868 940 982 1001 dicendi
1006 951 1035 1000 et
1057 942 1177 1020 paribus
1199 952 1227 1001 et

220 1027 372 1086 contrariis
390 1027 552 1103 acquirere.
591 1024 713 1102 Gorgias
734 1027 763 1084 in
786 1025 844 1085 hoc
865 1025 1050 1101 immodicus,
1076 1028 1226 1105 copiosus,

219 1118 315 1170 aetate
331 1111 430 1187 utique
450 1110 551 1187 prima,
568 1108 716 1169 Isocrates
732 1109 793 1168 luit.
829 1108 1000 1169 Delectatus
1015 1118 1062 1168 est
1080 1109 1126 1168 his
1143 1111 1228 1170 etiam

218 1193 257 1253 Μ.
274 1193 396 1270 Tullius,
414 1210 514 1252 verum
530 1202 560 1252 et
574 1194 689 1252 modum
700 1192 827 1253 adhibuit
839 1210 896 1251 non
908 1194 1050 1271 ingratae,
1069 1195 1125 1253 nisi
1142 1195 1227 1272 copia

219 1278 377 1353 redundet,
399 1277 542 1356 voluptati
566 1286 595 1337 et
616 1295 676 1337 rem
696 1277 805 1356 alioqui
821 1277 916 1336 levem
934 1278 1141 1337 sententiarum
1155 1296 1225 1356 pon·

219 1363 290 1422 dere
308 1362 448 1441 implevit.
491 1360 563 1421 Nam
578 1379 631 1439 per
649 1379 682 1420 sc
701 1361 806 1439 frigida
821 1369 850 1419 et
867 1362 958 1420 inanis
974 1362 1141 1437 affectatio,
1165 1379 1226 1422 oum

218 1447 248 1505 in
264 1463 348 1506 acres
366 1445 465 1506 incidit
485 1463 608 1522 sensus,
632 1447 727 1505 innata
749 1445 863 1505 videtur
876 1443 987 1504 habere
1002 1462 1059 1504 non
1073 1447 1225 1505 arcessita

178 1537 211 1590 ts
304 1530 485 1590 Similium
500 1529 564 1589 iere
581 1530 763 1609 quadruplex
778 1530 851 1588 ratio
868 1538 923 1589 est.
946 1527 1019 1588 Nam
1034 1538 1080 1589 est
1092 1531 1223 1608 primum,

219 1617 370 1697 quotiens
369 1613 489 1674 verbum
506 1614 597 1673 verbo
617 1623 666 1674 aut
686 1631 744 1673 non
761 1613 901 1673 dissimile
916 1612 1002 1673 valde
1018 1615 1181 1691 quaeritur:
1198 1622 1226 1672 ut

398 1732 440 1742 —
454 1695 638 1776 Puppccqoe
652 1705 724 1760 tuoe
737 1698 906 1797 pubesque
907 1705 1052 1765 tuorem,-

220 1790 249 1841 ct
271 1779 359 1843 Sic
346 1801 379 1842 cn
399 1782 459 1842 leuc
480 1783 658 1843 calonedoco
677 1783 764 1861 samo
786 1783 876 1860 qnasi
893 1783 927 1842 in
945 1782 1051 1861 aliquo
1070 1781 1225 1858 pernicio·

218 1866 341 1928 mommo
361 1863 502 1943 flammo,
525 1875 554 1926 et
577 1862 645 1928 Noc
667 1869 746 1927 enim
768 1874 832 1926 tom
854 1883 927 1943 spec
951 1866 1115 1927 laudanda
1137 1882 1226 1944 qoam

219 1968 271 2011 reo
285 1957 347 2024 eet,
371 1959 418 2010 aut
442 1957 524 2009 certe
539 1968 593 2028 par
615 1959 644 2010 et
660 1952 796 2011 extremis
814 1949 936 2025 syllabis
961 1965 1143 2008 consonans:
1159 1947 1225 2010 Non

178 2035 320 2098 toverots
339 2035 396 2096 aed
415 2035 521 2095 armis
564 2032 602 2093 llt
621 2034 678 2095 hoc
701 2052 834 2114 quoque,
858 2035 992 2112 quotiens
1013 2035 1042 2092 in
1067 2033 1225 2093 sententias

219 2135 303 2179 acres
319 2118 434 2195 incidit,
458 2117 609 2196 pulchrum
626 2128 684 2179 est:
711 2117 863 2193 Quantam
876 2120 986 2196 possis,
1007 2119 1039 2179 ιἰι
1056 2137 1091 2179 eo
1105 2133 1226 2195 sempor

220 2205 381 2281 experire,
397 2209 430 2265 ot
445 2205 556 2302 procis.
585 2201 650 2263 lloc
666 2197 873 2281 estndpmov,
892 2202 1088 2281 utplerisque
1105 2201 1223 2280 placuit

220 2285 406 2346 cleosteleus
421 2280 549 2368 πάρισον
564 2288 708 2347 existimat
715 2286 824 2366 ,quod
846 2287 883 2345 sit
905 2304 922 2345 e
942 2285 1078 2346 membris
1093 2302 1153 2344 non
1170 2285 1224 2344 dis·

178 2379 211 2436 77
219 2372 372 2440 srmrlrbus
390 2371 564 2447 secundum,
581 2380 612 2430 ut
627 2371 757 2433 clausula
772 2370 905 2430 similiter
920 2371 1004 2431 cadat
1012 2369 1197 2447 ,syllabis
1178 2386 1224 2428 ns·

219 2456 307 2514 dem
299 2474 327 2513 ιιι
347 2455 473 2515 ultimam
489 2465 601 2534 partem
618 2456 749 2531 collatis,
773 2447 1000 2533 ὁμοιοτὲλειιτον,
1019 2455 1143 2514 similem
1159 2453 1224 2514 dua·

219 2557 280 2598 rum
295 2541 501 2599 sententiarum
522 2540 570 2599 nel
587 2540 710 2618 plurium
728 2539 829 2598 linem:
848 2535 916 2600 Non
933 2540 1024 2600 modo
1039 2539 1225 2600 adsalutem

220 2625 286 2683 eius
305 2625 542 2701 emtinpoeodcm
563 2626 621 2684 aed
641 2625 730 2686 etium
750 2624 882 2702 ploriom
899 2641 960 2701 per
978 2624 1056 2684 tales
1077 2625 1163 2684 oiroc
1178 2625 1224 2682 in·

217 2708 424 2787 srinpendcm.
457 2705 503 2766 Ex
518 2708 622 2785 quibus
640 2708 702 2767 iere
719 2708 804 2783 liunt,
821 2716 988 2767 nontamen
1004 2716 1034 2766 ut
1050 2723 1168 2785 semper
1183 2705 1224 2767 ul·

219 2791 294 2851 timis
326 2800 501 2868 consonent,
529 2810 603 2870 quae
631 2791 759 2873 τρίκωλα
786 2792 935 2851 dicuntur:
969 2789 1049 2852 Vico
1075 2792 1231 2869 pudorem·

219 2875 330 2952 libido,
351 2877 489 2937 timorem
503 2877 656 2954 audacio,
680 2878 828 2938 rationem
843 2876 985 2936 amentio.
1033 2874 1091 2934 Sed
1109 2876 1139 2933 in
1157 2891 1224 2952 qua-

219 2968 317 3019 ternas
342 2977 458 3037 quoque
482 2977 517 3020 ac
545 2960 645 3038 plures
673 2960 748 3020 haec
772 2962 846 3020 ratio
868 2960 911 3018 ire
934 2959 1092 3018 sententias
1115 2966 1223 3037 potest.

218 3042 264 3103 un
279 3045 364 3103 etiam
381 3043 502 3122 singulis
513 3044 627 3104 verbis:
642 3043 770 3106 Hecuba
782 3045 839 3105 leoo
855 3043 945 3119 dolet,
958 3044 1066 3121 pudet,
1077 3043 1182 3121 pipo&
1197 3049 1224 3100 et

178 3123 311 3205 tsAottt,
326 3131 471 3229 occessit,
486 3130 597 3228 erupit,
614 3131 720 3190 euasit
750 3127 877 3188 Tertium
893 3136 947 3203 est,
965 3127 1065 3205 quod
1056 3144 1085 3185 ιιι
1105 3125 1224 3186 eosdem

221 3229 305 3271 casus
327 3203 451 3272 cadit‘
410 3206 637 3316 ,ομοιόπτωτον
658 3212 770 3273 dicitur.
815 3212 874 3272 Sed
894 3228 1006 3310 neque,
1034 3211 1113 3289 quod
1140 3211 1224 3269 linem

220 3293 307 3354 habet
323 3297 460 3394 similem,
486 3305 531 3356 est
546 3289 761 3396 ὃμοιόπτωτον,
785 3305 814 3355 et
833 3297 932 3373 utique
953 3297 982 3354 in
1003 3294 1126 3354 eundem
1146 3295 1224 3354 venit

220 3378 304 3437 sunem
319 3370 548 3456 ‹ipocordteosov3
567 3382 633 3459 quia
650 3371 845 3458 ὁμοιόπτωτον
860 3388 906 3439 est
919 3388 1026 3438 tantum
1038 3396 1108 3438 casu
1120 3377 1222 3453 simile,

221 3462 332 3521 etiamsi
350 3462 497 3524 dissimilia
513 3466 584 3541 sint,
606 3482 680 3544 quae
699 3463 896 3541 declinentur,
919 3480 975 3522 nee
997 3465 1130 3523 tantum
1121 3483 1150 3523 ιιι
1167 3462 1222 3522 line
