2566 4026
384 189 476 239 msn.
488 189 637 240 onnron.
654 188 723 236 mn.
736 187 809 256 v111,
821 187 847 238 3.
1074 177 1115 240 63

114 344 239 405 cidunt:
260 344 305 404 ita
327 350 433 423 turpes
454 360 493 403 uc
505 342 711 420 perniciosos,
734 343 853 403 etiamsi
866 345 953 404 uobis
967 345 1116 422 saupuiue

114 429 318 505 cohaereant,
340 429 552 506 amputandos.
588 424 648 484 Iam
663 425 812 485 sublimius
833 426 904 487 illud
921 443 974 505 pro
989 427 1114 489 Archia:

114 508 205 570 Sauo
219 518 311 587 utque
325 511 503 571 solitudines
516 510 583 570 oooi
597 512 792 588 respondent,
814 511 930 572 bestiae
949 528 1044 590 saepe
1057 514 1114 572 im-

114 611 221 654 manes
242 602 335 654 cautu
357 591 521 672 fleetuntur
544 601 635 669 atque
656 594 824 654 consistunt
843 602 872 652 et
890 603 999 655 cetera.
1030 594 1115 668 Quod
1124 605 1158 660 76

115 676 230 755 quidem
253 694 346 754 genus
372 695 389 736 a
417 675 586 755 quibusdem
611 674 817 736 declamatoria
843 679 966 737 maxime
999 679 1115 739 licentia

115 769 283 837 corruptum
306 769 360 819 est.
398 759 469 820 Nam
494 769 524 819 et
538 759 620 818 iulsis
636 768 767 835 utuntur,
792 777 848 820 nec
867 761 917 820 illu
933 762 986 837 iio,
1012 761 1115 840 quibus

114 844 217 903 similia
238 844 330 903 videri
352 843 468 919 volunt,
496 843 651 921 applicent.
695 842 822 917 Quorum
851 853 1002 922 utrumque
1023 847 1051 904 in
1071 844 1115 905 his

115 935 172 1001 est,
189 945 263 1005 quae
274 946 320 986 me
334 929 438 987 iuvene
453 926 559 1005 ubique
573 928 681 987 centeri
692 925 840 987 solebant:
860 926 1043 1007 Mapnorum
1055 926 1115 1007 flu-

114 1013 226 1071 minum
240 1013 431 1089 aucipadiles
442 1012 543 1090 sontes
555 1018 635 1086 suut,
654 1018 683 1069 et
697 1011 905 1074 Geuerosiore‘s
917 1014 1040 1074 arboris
1050 1021 1115 1074 sta-

116 1095 168 1156 tim
190 1094 301 1173 plauto
325 1114 394 1155 oum
414 1095 518 1173 fructu
543 1101 598 1155 est.
639 1092 671 1152 ln
694 1095 769 1153 omni
794 1103 889 1154 eutem
910 1095 1051 1175 parabole
1069 1103 1156 1161 eutii

115 1178 267 1256 praecedit
281 1178 454 1253 similitudo,
469 1194 517 1236 res
534 1177 680 1256 sequitur,
697 1187 745 1256 eut
761 1179 912 1256 praecedit
932 1198 980 1238 res
997 1189 1026 1239 et
1040 1181 1115 1240 simi·

115 1261 205 1321 litudo
224 1263 363 1339 sequitur.
402 1260 460 1322 Sed
476 1262 588 1321 interim
604 1260 697 1321 libera
718 1270 747 1320 et
762 1271 896 1341 separata
912 1271 970 1332 est;
992 1264 1115 1340 interim,

116 1344 193 1423 quod
209 1344 298 1422 longe
315 1347 526 1423 optimumst,
548 1362 611 1404 oum
626 1362 670 1420 re,
687 1347 766 1405 ouius
785 1356 830 1405 est
845 1349 950 1424 imago,
968 1349 1114 1407 connecti·

115 1437 172 1503 tur,
196 1428 351 1488 collatione
371 1431 493 1488 invicem
508 1427 715 1506 respondente,
736 1430 813 1507 quod
826 1431 895 1491 iacit
908 1430 1030 1490 redditio
1048 1447 1115 1491 con·

116 1512 220 1588 traria,
245 1530 319 1589 quere
340 1503 535 1583 ἆνταπόδοσις
554 1511 666 1571 dicitur.
707 1513 859 1574 Praecedit
879 1514 1033 1574 similitudo
1055 1514 1115 1591 ills,
1124 1522 1159 1578 78

117 1596 197 1654 cuius
213 1596 298 1655 modo
315 1595 373 1654 ieci
388 1597 579 1655 mentionem:

527 1676 662 1740 -iude
677 1681 742 1758 lupi
757 1700 814 1742 ceu

334 1763 486 1842 Raptores
500 1768 572 1824 utro
586 1763 619 1824 iu
633 1764 745 1825 nebula
759 1798 810 1822 -.
1117 1837 1120 1843 .

117 1845 253 1922 Sequitur
271 1847 299 1904 in
314 1847 406 1925 primo
424 1845 589 1924 Georgicon
610 1856 678 1926 poet
695 1847 811 1925 longam
827 1848 863 1908 de
881 1846 967 1907 bellis
984 1847 1116 1908 civilibus

116 1937 203 2006 utque
220 1931 347 1989 externis
363 1931 621 2008 conquestionem:

203 2011 250 2089 Ut,
267 2034 335 2075 crem
352 2016 533 2076 carceribus
546 2033 613 2075 sese
627 2014 762 2096 effudere
781 2015 963 2094 quadripau

202 2096 333 2158 Addunt
347 2099 379 2158 iu
392 2099 514 2176 sputio;
530 2104 559 2158 et
569 2098 692 2175 posue
708 2099 880 2160 retinaculo
897 2100 1024 2160 tendens

201 2177 313 2241 Fertur
327 2183 412 2259 equis
427 2184 550 2259 euripo,
565 2195 662 2258 neque
681 2184 769 2244 audit
784 2201 898 2244 currus
912 2181 1059 2244 habenas.

116 2262 176 2322 Sed
201 2263 275 2322 haec
300 2274 365 2325 sunt
391 2266 454 2324 sine
486 2265 667 2342 antapodosi.
712 2264 846 2324 Redditio
871 2273 965 2324 autem
986 2266 1036 2326 illa
1056 2274 1159 2331 rem79

115 2354 281 2424 utramque,
308 2365 391 2426 quam
415 2355 579 2427 comparat,
606 2348 688 2407 velut
708 2347 823 2408 subiicit
843 2348 936 2407 oculis
959 2357 989 2407 et
1009 2350 1118 2426 pariter

116 2429 250 2489 ostendit.
297 2429 384 2490 Cuius
414 2431 566 2509 praeclara
592 2431 668 2509 apud
694 2430 855 2508 Vergilium
879 2430 967 2490 multa
998 2434 1116 2508 reperio

116 2512 265 2590 exempla,
293 2516 346 2575 sed
369 2517 503 2574 oratoriis
523 2514 620 2592 potius
644 2514 779 2575 utendum
811 2523 865 2574 est.
907 2512 986 2574 Dicit
1011 2513 1116 2575 (liuere

114 2614 169 2675 pro
191 2594 324 2658 Murena:
350 2597 386 2658 Ut
404 2599 490 2660 aiuut
509 2601 542 2660 iu
559 2597 687 2660 Graecis
707 2597 878 2676 artificibus
898 2616 950 2659 eos
972 2600 1118 2661 auloedos

115 2699 198 2756 esse,
222 2683 275 2757 qui
296 2683 466 2743 citharoedi
484 2681 555 2760 fieri
568 2701 629 2744 uon
641 2685 811 2762 potuerint:
832 2683 879 2743 sic
899 2682 1117 2757 desudemus,

116 2765 169 2841 qui
183 2773 324 2826 oratores
339 2768 473 2827 euadere
487 2785 547 2827 riou
559 2769 729 2844 potuerint,
752 2784 804 2827 eos
822 2767 866 2826 od
884 2767 964 2826 iuris
983 2764 1117 2825 studium

114 2849 278 2909 divertere.
317 2848 392 2908 Illud
410 2866 464 2928 pro
490 2850 593 2909 eodem
615 2851 670 2909 iam
688 2867 781 2928 paene
802 2849 920 2927 poetico
942 2850 1043 2928 spiritu
1064 2847 1159 2910 sedeo

115 2939 288 2991 tamencum
306 2950 358 2992 sua
374 2932 553 3008 redditione,
575 2935 653 3010 quod
676 2942 721 2993 eet
744 2932 931 2992 adornatum
953 2948 1115 2992 accommo-

115 3015 223 3074 datius:
240 3013 321 3076 Nom
336 3024 369 3077 ut
386 3023 579 3094 tempestates
600 3034 695 3096 suepe
719 3024 803 3078 certo
823 3018 925 3094 aliquo
941 3017 1018 3078 coeli
1031 3017 1117 3093 sipon

115 3107 349 3175 commoveatur,
371 3117 467 3179 saepe
480 3102 664 3178 improvisae
677 3101 762 3162 nullo
776 3117 816 3160 ea
831 3109 916 3161 certa
932 3102 1052 3161 rotioue
1066 3099 1116 3161 ob·

113 3199 210 3242 scura
229 3184 336 3259 aliquo
349 3201 389 3243 eu
404 3202 502 3245 cuuso
518 3185 731 3244 concitantur.-
747 3186 794 3246 sic
808 3185 841 3245 iu
856 3184 914 3245 lue
929 3184 1117 3244 comitiorum

114 3271 291 3344 tempestate
304 3267 451 3344 populari
469 3285 564 3345 suepe
582 3268 749 3346 iutellipos,
777 3282 836 3345 quo
861 3268 947 3345 sipon
970 3274 1117 3330 commota

112 3349 171 3415 sit‚·
185 3367 280 3427 saepe
293 3352 338 3410 ito
353 3352 487 3412 obscuro
507 3359 561 3426 est,
576 3358 609 3412 ut
623 3353 690 3414 siue
705 3367 803 3413 causa
817 3353 953 3414 eucitutu
963 3354 1116 3417 videatur.

114 3430 187 3490 Sunt
204 3441 233 3491 et
244 3432 313 3493 illae
327 3432 449 3494 breves:
474 3431 553 3512 Vapi
567 3452 629 3513 per
646 3436 742 3496 siloas
760 3437 821 3496 ritu
833 3435 984 3515 ferorum,
1001 3444 1031 3498 et
1046 3435 1153 3496 illudet
