2566 4026
161 153 222 218 268
484 167 520 214 n.
536 165 615 215 nse.
632 164 852 225 Qururrcrnnr

161 323 253 383 centis
275 320 417 381 severitas
438 319 537 396 affert,
560 319 649 400 litque
671 319 822 381 ridiculum
845 321 873 382 id
889 320 998 399 ipsum,
1022 320 1100 397 quod
1116 321 1165 400 qni

160 406 229 467 dicit
245 405 307 482 illa,
322 421 380 465 non
396 404 489 466 ridet:
504 412 550 464 εει
566 413 660 465 tamen
677 404 790 464 interim
806 413 835 463 et
852 412 989 483 aspectus
1006 411 1035 462 ει
1048 402 1165 465 babitus

119 491 220 555 uteris
236 497 266 548 ει
282 497 383 566 gestus
399 505 458 548 non
480 486 654 564 inurbanus,
675 506 740 548 cum
761 489 796 547 iis
819 490 920 550 nrodus
943 488 1093 564 contingit.
1132 486 1165 549 ld

159 590 259 653 porro,
276 571 355 652 quod
371 572 529 647 dicitur,
554 580 601 632 aut
617 580 662 631 εει
677 570 815 632 lascivum
833 581 862 631 et
877 571 987 647 hilare,
1012 570 1109 648 qualia
1126 571 1164 631 A.

159 655 270 719 Galbae
283 655 441 735 pleraque;
451 664 499 717 aut
512 655 763 731 contumeliosum,
778 654 1053 734 qualianuperlunii
1064 654 1164 724 Bassi;

158 749 207 801 aut
226 757 371 818 asperum,
396 738 491 817 qualia
510 736 604 800 Cassii
624 741 743 807 Severi;
761 748 809 800 aut
826 738 909 815 lene,
928 738 1025 819 quulia
1045 737 1166 801 Domitii

157 824 232 884 nni.
263 823 377 900 Refert,
393 822 438 883 his
454 821 503 883 ubi
519 824 583 900 quis
598 831 703 884 utatur.
726 822 799 883 Nam
814 825 842 883 iu
856 822 1037 885 convictibus
1050 832 1080 882 ει
1091 824 1164 885 εοιί-

115 909 242 973 28diano
260 924 395 968 sermone
412 907 521 968 lasciva
536 906 701 983 humilibus,
718 906 820 967 hilaria
830 906 961 969 omnibus
979 907 1163 968 convenient.

157 991 288 1053 Laedere
304 1009 447 1070 nunquam
465 989 598 1068 velimus,
615 990 763 1069 longeque
783 990 859 1052 absit
879 992 1061 1070 propositum
1075 991 1163 1052 illud:

157 1073 262 1138 Potius
276 1077 408 1138 amicum
422 1091 515 1154 quam
529 1076 645 1137 dicium
655 1076 792 1154 perdidi.
819 1074 852 1138 ln
866 1076 921 1137 bac
936 1075 1051 1155 quidem
1066 1092 1166 1153 pugna

157 1158 268 1220 lorensi
283 1160 379 1222 malim
395 1159 463 1220 mibi
479 1158 593 1219 lenibus
608 1161 649 1219 uti
666 1159 772 1229 licere;
796 1175 997 1238 nonnunquam
1017 1167 1046 1219 et
1062 1167 1164 1219 contu·

156 1243 280 1305 meliose
297 1254 327 1305 et
341 1262 448 1323 aspere
465 1243 564 1304 dicere
581 1244 610 1302 in
627 1243 812 1304 adversarios
828 1244 1001 1322 permissum
1018 1251 1079 1319 est,
1099 1260 1165 1305 curn

158 1346 299 1390 accusare
315 1329 401 1390 etiam
417 1326 513 1406 palam
529 1337 559 1388 et
575 1336 661 1406 caput
678 1328 798 1388 alterius
820 1328 895 1388 iuste
920 1336 1024 1406 petere
1039 1343 1163 1388 conces·

157 1429 220 1473 sum
236 1413 282 1472 sit.
320 1413 380 1474 Sed
403 1412 451 1473 bic
474 1429 591 1491 quoque
609 1420 705 1472 tamen
725 1411 875 1472 inhumana
897 1412 990 1472 videri
1011 1412 1089 1473 solet
1102 1411 1165 1472 ior·

157 1505 244 1558 tunae
266 1498 437 1573 insectatio,
466 1495 516 1555 vel
538 1495 616 1575 quod
641 1496 727 1575 culpa
750 1506 830 1556 caret
845 1494 907 1556 ¹vel
928 1496 1005 1576 quod
1027 1497 1164 1557 recidere

158 1582 245 1641 etiarn
260 1581 289 1641 in
305 1583 405 1660 ipsos,
427 1580 476 1659 qui
492 1579 678 1656 obiecerunt,
701 1590 810 1659 potest.
841 1581 964 1640 Primum
977 1582 1075 1658 itaque
1093 1597 1163 1640 con·

158 1664 342 1725 siderandum
357 1673 420 1740 est,
445 1672 475 1723 et
500 1665 564 1742 quis
583 1665 654 1723 etin
670 1682 726 1742 qua
743 1682 831 1726 causa
848 1673 877 1724 et
892 1663 968 1742 apud
984 1682 1071 1743 quem
1089 1673 1119 1723 ει
1134 1666 1165 1724 in

115 1759 245 1828 29quem
261 1748 374 1828 etquid
390 1748 474 1809 dicat.
513 1745 629 1808 0rutori
651 1749 765 1809 minime
789 1749 925 1809 convenit
946 1749 1085 1808 distortus
1100 1746 1163 1808 rul-

157 1840 203 1892 tus
219 1841 392 1912 gestusque,
409 1832 529 1910 quaein
544 1833 636 1892 mimis
654 1832 743 1892 rideri
758 1833 865 1893 solent.
905 1832 1053 1893 Dicaeitus
1077 1832 1164 1893 etiam

158 1916 289 1977 scurrilis
306 1924 336 1977 et
353 1917 470 1976 scenica
487 1914 554 1975 huic
569 1933 715 1995 personae
736 1917 912 1978 alienissima
927 1925 981 1976 est.
1021 1914 1164 1976 Obsceui-

158 2008 201 2061 tas
223 2017 296 2060 vero
321 2018 379 2060 non
400 2019 416 2061 a
439 1998 538 2059 verbis
560 2008 668 2060 tanturn
689 2000 795 2061 abesse
818 2000 907 2061 debet
922 2001 975 2059 sed
991 2001 1077 2060 etiam
1092 2018 1110 2060 a
1125 2000 1163 2061 si·

157 2083 354 2162 gnificatione.
392 2083 465 2144 Nam
486 2084 511 2142 si
532 2085 646 2161 quando
667 2084 754 2146 obiici
778 2093 892 2164 potest,
911 2101 969 2144 nun
983 2085 1013 2142 in
1027 2085 1095 2144 ioco
1112 2102 1163 2144 ex·

114 2168 322 2246 soprobranda
338 2177 393 2229 est.
433 2165 587 2228 Oratorem
604 2178 759 2247 praeterea
781 2178 813 2230 ut
828 2169 927 2229 dicere
942 2167 1053 2229 urbane
1074 2166 1163 2228 volox

157 2253 197 2313 ita
212 2253 305 2313 videri
322 2253 462 2314 affectare
479 2253 519 2328 id,
536 2253 624 2330 plane
640 2253 719 2315 nolo.
753 2253 939 2331 Quapropter
953 2271 991 2313 ne
1009 2252 1088 2312 dicet
1099 2252 1164 2331 qui·

157 2337 223 2397 dem
238 2336 334 2415 salse,
352 2338 486 2416 quotiens
502 2339 626 2415 poterit,
644 2346 674 2397 et
691 2337 797 2398 dictum
813 2339 909 2416 potius
925 2336 1080 2415 aliquando
1096 2352 1163 2414 per·

114 2433 147 2487 31.
157 2421 207 2481 det
229 2439 315 2500 quum
347 2423 455 2481 minuet
485 2422 696 2482 auctoritatem.
741 2421 804 2481 Nec
834 2430 1036 2481 accusatorem
1068 2427 1164 2480 autem

158 2507 250 2565 atroci
272 2507 301 2565 in
324 2524 428 2582 causa,
453 2523 509 2565 uec
529 2515 680 2584 patronum
702 2506 731 2564 in
754 2504 912 2565 miserabili
928 2505 1072 2565 iocantem
1086 2504 1164 2562 feret

158 2589 319 2667 quisquam.
362 2590 434 2650 Sunt
456 2590 541 2649 etiam
558 2589 668 2649 iudices
686 2589 801 2668 quidam
816 2589 961 2648 tristiores
979 2605 1065 2667 quam
1079 2595 1111 2647 ut
1125 2587 1163 2646 ri·

115 2683 219 2737 assum
235 2672 362 2732 libenter
376 2675 530 2748 patiantur.
571 2672 655 2731 Solet
677 2673 792 2731 interim
807 2672 961 2747 accidere,
978 2680 1009 2731 ut
1025 2671 1065 2747 id,
1084 2669 1164 2749 quod

156 2754 185 2812 in
203 2754 400 2814 adversarium
416 2754 553 2830 dicimus,
578 2764 627 2814 aut
649 2755 678 2813 in
692 2754 817 2815 iudicem
834 2755 988 2815 conveniat
1003 2754 1096 2816 autin
1112 2769 1164 2813 no-

157 2846 247 2897 strum
264 2854 381 2917 quoque
397 2837 587 2915 litigatorem
612 2856 773 2916 quanquam
791 2839 879 2917 aliqui
896 2840 1097 2916 reperiuntur,
1115 2837 1164 2916 qui

157 2939 194 2980 ne
210 2921 239 2980 id
254 2922 387 3000 quidem,
408 2922 485 2999 quod
501 2924 529 2980 in
544 2923 625 3000 ipsos
643 2921 778 2983 recidere
793 2923 904 3000 possit,
927 2924 1045 2982 evitent.
1078 2919 1163 2994 Quod

157 3004 228 3064 iecit
244 3004 362 3082 Longus
379 3005 543 3084 Sulpicius,
558 3007 623 3085 qui,
642 3008 785 3085 cumipse
802 3006 989 3066 foedissimus
1006 3013 1106 3079 esset,
1124 3004 1162 3065 ail

159 3106 235 3165 eum,
253 3098 353 3150 contra
371 3107 456 3166 quem
470 3090 575 3150 iudicio
592 3089 707 3150 liberali
734 3091 849 3165 aderat,
873 3107 909 3148 ne
926 3091 1031 3149 faciem
1047 3087 1163 3167 quidem

157 3171 267 3231 babere
288 3171 374 3233 liberi
399 3173 536 3243 bominis;
568 3174 613 3232 cui
633 3173 816 3251 respondens
837 3174 979 3234 Domitius
1002 3173 1091 3249 dier,
1113 3168 1165 3232 Ec

158 3256 212 3330 tui,
228 3257 329 3334 iuquit,
347 3259 443 3319 ocimi
456 3260 623 3333 sententio,
639 3256 762 3336 Louqe,
782 3259 835 3336 qui
849 3260 962 3321 mulam
974 3258 1091 3337 facicm
1105 3256 1164 3317 bo-

115 3338 215 3414 seces,
231 3339 311 3400 liber
323 3360 385 3403 non
400 3343 467 3403 est?
503 3341 657 3402 Vitandum
676 3342 772 3416 etiam,
789 3359 827 3402 ne
842 3341 989 3421 petulans,
1006 3360 1043 3402 ne
1060 3357 1162 3419 super·

157 3420 235 3501 bum,
252 3440 289 3482 ue
307 3423 386 3503 loco,
408 3443 445 3484 ne
457 3435 590 3505 ternpore
608 3424 743 3502 alienum,
758 3443 797 3485 ne
808 3435 1013 3506 praeparatum
1029 3433 1059 3486 ει
1076 3424 1163 3485 domo
