2566 4026
318 185 760 255 rnsr.ounron.u1a.x1,a.
1011 177 1072 238 205

10 381 32 438 ᾖ
55 348 173 407 urbium
188 343 295 406 ambitu
312 351 341 401 et
355 343 474 420 picturis
491 343 553 402 lieri
569 351 677 421 potest.
712 341 805 402 Etiam
821 344 932 421 lingere
950 342 1005 402 sibi
1020 343 1072 404 has

10 483 31 523 Ι,
58 431 202 506 imagines
217 429 296 490 licet.
330 423 410 503 Opus
433 435 477 485 est
500 444 571 504 ergo
595 427 684 504 locis,
707 445 782 505 quae
804 427 852 487 vel
867 427 1010 504 linguntur
1024 428 1074 488 vel

10 548 29 608 ,q
60 522 226 589 sumuntur,
248 509 420 588 imaginibus
440 511 490 570 vel
512 511 690 587 simulacris,
718 528 792 590 quae
817 513 916 590 utique
939 511 1074 588 lingenda

10 592 28 694 ’ί
57 606 136 656 sunt.
166 596 310 673 Imagines
335 603 421 654 notae
444 604 525 671 sunt,
546 595 650 673 quibus
671 612 802 672 eaquae
826 595 982 655 ediscenda
1009 604 1074 654 sunt

58 689 204 756 notamus,
221 689 262 756 nt,
280 678 425 759 quomodo
441 675 547 738 Cicero
563 679 641 755 dicit,
656 677 731 737 locis
746 696 800 757 pro
817 697 896 756 cera,
913 680 1073 739 simulacris

59 782 116 843 pro
132 764 236 824 litteris
252 772 370 823 utamur.
403 762 478 822 lllnd
494 780 611 842 quoque
626 762 662 822 ad
675 761 797 822 verbum
811 781 924 842 ponere
937 764 1074 842 optimum
1082 769 1116 820 22

10 891 25 946 ᾖ
57 849 167 908 inerit:
198 846 290 910 Locis
311 855 357 908 cst
377 848 523 908 utendum
548 848 664 923 mutate,
688 847 875 924 illustribus,
899 849 1071 926 explicott'a,

10 975 24 1032 h
59 933 193 993 ntodtct'c
205 931 394 1002 interuolltr;
413 932 597 1010 tmoqt'm'bur
618 939 720 992 autem
736 933 912 1011 aparatibus,
933 933 1071 1006 occidus,

58 1018 232 1095 iortqnt'tta,
257 1033 338 1095 quoe
359 1034 526 1076 occurrere
541 1016 741 1092 celeriterque
753 1024 918 1092 percutere
939 1017 1073 1076 animum

10 1075 23 1135 ι
56 1102 186 1178 possint.
217 1099 281 1173 Quo
293 1100 386 1176 magis
397 1100 496 1176 miror,
511 1100 655 1177 quomodo
667 1098 851 1160 Metrodorus
865 1100 893 1158 iu
904 1098 959 1159 Xll
970 1100 1072 1177 signis,

59 1202 116 1262 per
137 1202 211 1262 quae
233 1183 280 1242 sol
302 1191 396 1258 meat,
419 1191 558 1243 trecenos
583 1191 612 1243 et
632 1188 798 1260 sexagenos
820 1183 962 1243 invenerit
977 1183 1071 1243 locos.

10 1243 23 1368 ζ
59 1267 181 1327 Vanitas
198 1268 328 1325 nimirum
343 1266 396 1325 luit
411 1275 498 1346 atque
511 1267 627 1326 iactatio
645 1268 723 1327 circa
734 1269 900 1327 memoriam
912 1285 964 1326 sua
976 1269 1073 1345 potius

60 1359 125 1410 arte
141 1369 225 1427 quam
242 1359 343 1409 natura
358 1349 520 1427 gloriantis.

148 1433 290 1511 Equidem
304 1433 379 1493 haec
397 1434 433 1495 ad
448 1435 589 1512 quaedam
604 1434 748 1511 prodesse
763 1452 821 1493 non
836 1435 1019 1511 negaverim,
1042 1436 1115 1493 ut23

10 1498 16 1537 ¹
61 1519 87 1576 si
110 1535 205 1577 rerum
230 1518 345 1577 nomina
369 1517 457 1577 multa
483 1535 537 1596 per
563 1518 692 1577 ordinem
719 1517 815 1578 audita
837 1518 986 1578 reddenda
1006 1519 1071 1577 sint.

10 1580 22 1681 f
60 1600 194 1679 Namque
210 1603 299 1678 iniis,
317 1620 391 1680 quae
407 1602 586 1678 didicerunt,
604 1601 678 1660 locis
696 1610 806 1680 ponunt
820 1620 870 1661 res
886 1602 968 1662 illas:
994 1620 1072 1661 men·

10 1748 17 1784 r
63 1702 136 1760 sam,
149 1694 180 1744 ut
191 1686 248 1745 hoc
259 1695 333 1762 utar,
347 1686 533 1745 investibulo
545 1695 574 1746 et
586 1685 726 1764 pulpitum
737 1687 766 1744 in
778 1686 851 1746 atrio
865 1695 894 1745 et
906 1688 949 1745 sic
961 1695 1072 1761 cetera,

10 1832 13 1843 ,
62 1768 167 1828 deinde
185 1770 354 1848 relegentes
373 1772 537 1847 inveniunt,
562 1770 610 1830 ubi
630 1771 790 1848 posuerint.
821 1769 859 1828 Et
881 1769 1001 1830 forsitan
1016 1769 1117 1828 hoaut

62 1862 129 1911 sunt
145 1853 248 1931 adiuti,
272 1855 336 1932 qui,
359 1856 493 1915 auctione
511 1856 646 1929 dimissa,
670 1854 739 1932 quid
754 1855 859 1934 cuique
874 1853 1074 1914 vendidissent

61 1936 183 1996 testibus
200 1938 431 2015 argentariorum
445 1938 550 1998 tabulis
566 1939 768 2008 reddidernut3
799 1938 876 2017 qnod
891 1939 1073 2016 praestitisse

61 2019 249 2080 Hortensium
267 2020 373 2080 dicunt.
407 2020 501 2080 Minus
516 2023 592 2081 idem
606 2023 738 2100 proderit
754 2023 783 2080 in
799 2023 981 2098 ediscendis,
999 2039 1074 2100 quae

62 2104 202 2161 orationis
225 2112 386 2180 perpetuae
409 2114 500 2163 erunt.
530 2103 603 2163 Nam
620 2114 650 2164 et
669 2123 772 2163 sensus
796 2122 854 2163 non
869 2106 991 2165 eandem
1005 2106 1070 2165 ima·

62 2187 160 2263 ginem
177 2202 262 2262 quam
276 2203 324 2244 res
346 2185 469 2261 habent,
496 2204 560 2245 cum
575 2186 696 2246 alterum
712 2186 875 2263 lingendum
890 2189 937 2246 sit.
967 2185 1005 2246 Et
1021 2188 1073 2247 ho·

62 2287 124 2328 rum
141 2277 236 2327 tamen
253 2276 397 2346 utcunque
414 2279 577 2329 commonet
592 2270 691 2338 loeus;
716 2270 770 2329 sed
793 2272 934 2329 sermonis
953 2270 1074 2328 alicuius

62 2353 154 2411 habiti
171 2351 327 2411 verborum
352 2361 504 2411 contextus
524 2352 625 2412 eadem
643 2362 705 2413 arte
721 2353 866 2431 quomodo
884 2352 1074 2431 comprehen-

63 2432 168 2497 detur?
193 2434 287 2512 Mitto,
305 2436 383 2514 quod
399 2437 540 2514 quaedam
555 2437 641 2496 nullis
657 2437 816 2496 simulacris
833 2436 990 2514 significari
1006 2445 1116 2514 pos-25

63 2529 145 2595 sunt,
167 2529 197 2579 ut
220 2528 301 2579 certe
326 2521 555 2580 coniunctiones.
587 2519 751 2580 Habeamus
774 2522 848 2580 enim
870 2538 957 2595 sane,
980 2521 1075 2599 utqui

63 2605 140 2663 notis
158 2604 304 2680 scribunt,
334 2613 430 2665 certas
453 2606 594 2681 imagines
616 2607 739 2664 omnium
755 2614 784 2664 et
801 2604 868 2665 loca
883 2605 998 2664 scilicet
1013 2604 1074 2663 inii-

64 2691 139 2762 nita,
163 2706 218 2765 per
239 2706 314 2767 quae
329 2687 436 2766 verba,
461 2697 532 2767 quot
553 2697 619 2747 sunt
641 2689 670 2746 in
688 2690 814 2767 quinque
836 2697 936 2749 contra
950 2687 1075 2747 Verrem

63 2770 211 2830 secundae
230 2773 351 2831 actionis
371 2772 468 2848 libris,
494 2773 693 2851 explicentur,
716 2781 747 2832 ut
761 2774 973 2832 meminerimus
989 2773 1075 2832 etiam

63 2856 188 2914 omnium
206 2856 289 2933 quasi
310 2857 524 2934 depositorum:
553 2873 648 2915 nonne
672 2857 805 2934 impediri
827 2874 943 2936 quoque
960 2857 1074 2916 dicendi

64 2957 179 2998 cursum
196 2957 322 2998 neeesse
343 2949 387 2999 est
413 2940 521 3019 duplici
542 2943 699 3000 memoriae
718 2943 808 3000 cura?
838 2940 910 3001 Nam
925 2941 1116 3018 quomodo‘tt

63 3031 199 3099 poterunt
214 3023 350 3102 copulata
366 3024 468 3100 fluere,
485 3025 510 3083 si
525 3034 647 3103 propter
662 3024 775 3102 singula
789 3023 879 3084 verba
894 3024 930 3084 ad
945 3024 1074 3101 singulas

62 3106 172 3163 formas
188 3108 401 3183 respiciendum
417 3105 495 3169 erit?
525 3108 622 3182 Quare
638 3118 667 3168 et
684 3106 858 3168 Charmadas
877 3117 906 3168 et
923 3108 1073 3185 Scepsius,

64 3187 175 3265 dequo
193 3189 278 3248 modo
300 3192 375 3267 dixi,
397 3191 598 3270 Metrodorus,
622 3211 695 3271 quos
715 3191 820 3253 Cicero
844 3192 912 3252 dicit
934 3209 1004 3250 usos
1019 3191 1074 3251 hac

64 3271 287 3349 exercitatione,
303 3275 358 3334 sthi
373 3275 498 3337 habeant
513 3294 578 3345 sua;
597 3294 650 3335 nos
668 3276 846 3355 simpliciora
862 3276 1016 3337 tradamus.

151 3355 181 3414 Si
197 3355 313 3434 longior
329 3359 552 3438 complectenda
566 3363 704 3422 memoria
720 3361 806 3420 fuerit
818 3362 927 3420 oratio:
946 3359 1114 3438 proderit27

63 3458 119 3520 per
140 3449 240 3516 partes
270 3442 417 3512 ediscere;
446 3445 560 3505 laborat
585 3447 660 3505 enim
683 3447 805 3506 maxime
830 3462 936 3513 onere;
966 3453 994 3504 et
1019 3444 1074 3504 hae
