2566 4026
156 170 218 229 256
476 181 841 242 u.run.oumr1nuun1

155 355 255 398 omrres
271 346 386 413 orator,
410 338 545 416 idemque
564 346 677 414 portum
692 336 771 396 illum
792 336 990 415 eloquentiae
1007 358 1087 400 suae
1105 340 1178 403 salu.-

153 430 244 482 tarem
267 439 324 481 non
347 423 432 482 etiarn
454 422 554 500 piratis
570 421 729 498 patefaciet
745 423 927 499 duceturque
951 424 984 481 in
1006 423 1173 484 advocatio·

125 519 218 570 onem
236 504 358 565 maxime
375 524 473 566 causa.
502 504 643 578 Quoniam
654 515 748 565 tamen
761 522 874 581 omnes,
892 506 1023 584 quinon
1040 508 1172 588 improbe

154 589 317 668 litigabunt,
335 607 457 669 quorum
474 598 554 648 certe
573 587 648 649 bona
664 607 732 667 pars
749 598 809 665 est,
827 591 980 650 sustinere
998 601 1171 672 conpotes

153 693 243 735 unns:
272 674 380 753 aliquid
399 683 427 733 et
444 672 702 733 commendantium
719 673 855 752 personis
871 673 955 733 dabit
975 684 1009 735 et
1030 677 1168 755 ipsorum,

153 761 201 840 qui
218 757 324 818 iudicio
345 759 520 832 decernent,
547 766 577 816 ut
600 758 698 835 optimi
718 759 858 836 cuiusque
874 757 1035 820 voluntate
1056 779 1168 822 movea-

125 854 213 911 6tur;
236 861 359 921 namque
375 842 430 902 hos
446 852 475 902 et
493 842 681 902 amicissimos
699 840 818 901 habebit
832 843 876 900 vir
892 842 1005 902 bonus.
1041 847 1168 905 Summo·

151 926 273 988 rendum
288 943 361 985 vero
377 935 422 986 est
438 935 588 1003 utrumque
606 926 728 984 ambitus
741 943 834 1002 genus
845 925 895 985 vel
908 927 1092 1006 potentibus
1108 947 1168 989 con·

151 1021 195 1072 tra
207 1010 330 1070 humiles
345 1011 511 1070 venditandi
528 1027 648 1087 operam
661 1027 739 1068 suam
755 1009 803 1069 vel
820 1009 890 1069 illud
907 1012 999 1071 etiam
1016 1014 1166 1075 iactantius

152 1097 279 1155 minores
300 1096 399 1173 utique
424 1103 523 1154 contra
544 1094 710 1170 dignitatem
729 1093 890 1154 attollendi.
923 1093 994 1156 Non
1016 1099 1100 1157 enirn
1115 1099 1166 1158 lor·

151 1190 217 1240 tuna
237 1196 341 1238 causas
357 1180 406 1238 vel
422 1179 511 1238 iustas
527 1178 576 1237 vel
593 1177 742 1256 improbas
754 1177 833 1237 iacit.
863 1176 971 1257 Neque
982 1198 1066 1241 vero
1080 1182 1167 1261 pudor

152 1264 266 1338 obstet,
290 1280 347 1342 quo
365 1264 458 1323 minus
474 1272 654 1339 susceptam,
678 1280 741 1321 cum
757 1263 862 1321 melior
877 1263 1057 1341 videretur,
1083 1266 1166 1339 litem,

152 1349 268 1425 cognita
290 1349 364 1407 inter
387 1347 606 1426 disceptandum
628 1347 794 1425 iniquitate,
819 1345 959 1423 dimittat,
994 1367 1067 1408 curn
1091 1351 1166 1430 prius

124 1433 290 1509 ilitigatori
308 1432 414 1491 dixerit
428 1449 539 1490 verum.
574 1429 646 1490 Nam
663 1432 691 1488 iu
708 1429 765 1490 hoc
781 1431 948 1506 maximum,
974 1433 1001 1491 si
1020 1436 1116 1513 aequi
1130 1435 1166 1494 iu·

151 1518 232 1577 dices
249 1534 363 1591 sumus,
389 1515 564 1574 beneficium
583 1523 645 1589 est,
670 1523 699 1574 ut
715 1530 773 1573 non
788 1514 921 1575 fallamus
935 1533 1014 1576 vana
1039 1537 1100 1596 spe
1116 1518 1166 1579 liti-

150 1609 274 1678 gantem.
313 1599 417 1677 Neque
442 1608 486 1658 est
507 1599 610 1676 diguus
634 1615 725 1677 opera
750 1600 881 1676 patroni,
914 1599 963 1677 qni
988 1617 1052 1660 non
1084 1604 1167 1663 utitur

152 1682 285 1744 consilio.
314 1682 351 1742 Et
367 1691 449 1742 certe
466 1700 524 1741 non
542 1684 677 1742 convenit
694 1684 738 1758 ei,
756 1701 842 1762 quern
858 1692 1009 1744 oratorem
1025 1703 1103 1747 esse
1118 1705 1167 1747 vo·

152 1769 263 1841 lumus,
286 1767 390 1825 iniusta
406 1767 480 1825 tucri
499 1767 651 1824 scientem.
684 1764 757 1826 Nam
774 1768 798 1826 si
819 1785 857 1826 ex
879 1766 953 1842 illis,
979 1785 1058 1845 quas
1078 1789 1165 1850 supra

151 1851 289 1924 diximus,
313 1850 407 1908 causis
424 1848 527 1908 falsum
542 1847 682 1910 tuebitur:
709 1852 764 1910 erit
779 1859 874 1911 tamen
889 1850 1067 1932 honestum,
1089 1854 1165 1934 quod

150 1937 214 1993 ise
234 1933 332 1993 faciet.

122 2026 140 2079 8
162 1953 179 2012 p
236 2015 337 2077 Grati
346 2035 410 2076 sne
428 2018 454 2076 ei
468 2035 585 2094 semper
597 2019 739 2095 agendum
752 2021 799 2095 sit,
812 2020 928 2079 mactari
938 2028 1053 2097 potest.
1081 2021 1165 2096 Quod

151 2119 190 2162 ex
211 2102 303 2180 prima
325 2103 420 2163 statim
438 2101 533 2161 ironte
555 2103 730 2178 diiudicare,
755 2103 975 2181 imprudentium
998 2114 1057 2164 est.
1094 2105 1166 2166 Nam

150 2186 216 2268 quis
233 2188 363 2264 ignorat,
388 2188 455 2266 quin
473 2187 502 2245 id
518 2185 606 2264 longo
622 2188 659 2246 sit
676 2187 909 2247 honestissimum
933 2205 968 2247 ac
986 2187 1165 2250 liberalibus

151 2271 311 2350 disciplinis
327 2279 356 2330 et
371 2271 442 2347 illo,
466 2289 551 2350 quern
568 2272 724 2348 exigimus,
744 2273 837 2331 animo
855 2272 1081 2350 dignissimum,
1109 2292 1164 2335 non

150 2355 281 2416 vendere
307 2372 426 2434 operam
451 2372 508 2414 nec
535 2355 654 2415 elevare
678 2356 748 2415 tanti
774 2355 911 2415 beneficii
938 2359 1163 2427 auctoritatem

151 2458 214 2500 cum
230 2439 373 2518 pleraque
388 2439 446 2498 hoc
463 2439 527 2518 ipso
543 2440 656 2518 possint
670 2440 764 2499 videri
775 2440 855 2515 vilia,
874 2439 951 2517 quod
966 2442 1100 2519 pretium
1116 2443 1163 2503 ha·

120 2520 240 2587 libent?
264 2521 369 2583 Cascis
381 2523 454 2599 hoc,
472 2532 502 2582 ut
518 2525 613 2599 aiunt,
631 2524 700 2582 satis
717 2524 826 2584 clarum
842 2533 901 2599 est,
918 2542 975 2584 neo
992 2527 1162 2605 quisquam,

150 2609 199 2686 qui
220 2607 394 2667 sufficieutia
418 2607 472 2666 sibi
495 2607 632 2684 (modica
654 2616 748 2667 autem
770 2608 845 2668 haec
870 2609 956 2688 suut)
980 2611 1162 2687 possidebit,

149 2692 226 2752 hunc
242 2702 392 2769 quaestum
410 2692 472 2750 sine
488 2692 608 2751 crimine
624 2691 750 2751 sordium
766 2692 880 2752 fecerit.
912 2692 950 2751 At
966 2694 990 2751 si
1009 2711 1061 2753 res
1081 2695 1161 2755 iami-

150 2776 229 2835 liaris
246 2775 491 2854 ampliusaliquid
509 2776 545 2835 ad
562 2793 632 2835 usus
647 2777 834 2836 necessarios
857 2777 973 2853 exiget:
998 2778 1160 2839 secundum

151 2861 274 2919 omnium
298 2861 467 2938 sapientium
484 2859 568 2937 leges
583 2861 711 2938 patietur
732 2859 786 2919 sibi
803 2861 924 2938 gratiam
939 2859 1069 2936 referri,
1098 2880 1160 2923 oum

150 2953 180 3003 et
193 2944 308 3003 Socrati
325 2943 461 3004 collatum
477 2945 514 3002 sit
530 2943 566 3004 ad
581 2945 704 3020 victum,
722 2952 750 3003 et
767 2944 858 3019 Zeno,
876 2943 1048 3021 Cleanthas,
1068 2945 1159 3021 cury-

112 3029 251 3106 losippus
269 3028 423 3088 mercedes
439 3046 455 3087 a
473 3027 624 3107 discipulis
640 3029 868 3106 acceptaverint.
899 3026 1003 3106 Neque
1024 3031 1104 3090 enim
1119 3032 1159 3091 vi·

150 3113 224 3187 deo,
260 3130 335 3190 quac
357 3113 459 3171 iustior
489 3112 659 3190 acquirendi
682 3113 755 3172 ratio
779 3131 863 3192 quam
888 3130 926 3171 ex
948 3111 1157 3174 honestissime

151 3195 252 3256 labore
269 3205 298 3255 et
314 3196 349 3256 ab
366 3197 418 3270 iis,
435 3196 471 3255 de
489 3195 591 3273 quibus
610 3197 718 3274 optime
734 3197 907 3272 meruerint,
927 3197 1058 3275 quiquo,
1077 3200 1104 3259 si
1119 3191 1160 3266 nl·

149 3278 189 3338 hil
204 3281 328 3339 invicem
343 3288 510 3358 praestent,
529 3280 636 3357 indigni
655 3280 761 3340 luerint
777 3280 959 3340 defensioue.
991 3279 1079 3354 Quod
1098 3280 1159 3362 qui·

150 3363 215 3422 dem
231 3381 288 3423 non
303 3366 406 3423 iustum
423 3363 509 3423 modo
527 3365 579 3424 sed
594 3365 792 3424 necessarium
811 3366 897 3423 etiam
914 3372 975 3440 est,
1000 3366 1158 3428 cumliaco

149 3446 213 3522 ipsa
229 3463 319 3524 opera
336 3456 507 3527 tempusque
524 3465 608 3508 omne
624 3449 726 3508 alienis
736 3449 863 3526 negotiis
875 3448 970 3508 datum
987 3449 1157 3513 facultatem
