2566 4026
400 183 832 251 msr.onauoa.u1n.r,1o.
1080 173 1120 234 47

112 344 205 405 mellis
230 343 317 404 illum
346 339 545 401 inimitabilem
575 341 716 401 humanae
744 341 848 399 rationi
876 358 1011 420 saporem
1038 343 1120 402 vario

112 429 214 489 dorum
242 446 278 487 ac
303 441 442 485 sucorum
468 442 579 502 genere
603 424 775 502 perficiunt:
804 441 857 484 nos
886 425 1066 498 mirabimur,
1095 427 1120 485 si

114 514 224 588 oratio,
242 528 301 590 qua
317 509 390 569 nibil
407 510 601 587 praestantius
617 507 725 568 bomini
744 508 822 568 dedit
838 509 1036 586 providentia,
1055 511 1118 589 plu·

112 597 191 657 ribus
215 595 327 656 artibus
348 601 448 670 egeat;
473 609 566 670 quae,
591 593 761 652 etiamnum
782 610 891 652 senon
914 595 1069 654 ostendunt
1091 596 1120 654 in

113 681 238 742 dicendo
259 696 317 738 neo
341 677 510 756 proferunt,
540 677 598 736 vim
621 685 717 736 tamen
740 676 886 737 occultam
908 687 1068 755 suggerunt
1091 688 1120 738 et

113 766 221 826 tacitae
238 779 357 842 quoque
378 761 547 820 sentiuntur.
579 759 668 837 „Fuit
685 762 789 839 aliquis
808 761 871 820 sine
889 760 934 819 his
952 760 1077 821 disertus
1088 765 1144 820 ³“8

113 860 138 909 at
157 866 217 926 ego
238 855 387 908 oratorem
409 845 489 904 volo.
511 843 600 922 „Non
617 845 735 905 multum
753 846 929 905 adiiciunt:“
949 845 1002 904 sed
1021 846 1120 923 utique

112 950 168 993 uon
188 933 246 993 erit
266 940 374 1005 totum,
398 929 444 989 cni
463 928 513 988 vel
532 946 622 1006 parva
639 928 776 1006 deerunt,
800 937 829 988 et
849 929 987 1007 optimum
1005 930 1120 1008 quidem

113 1018 168 1077 boe
194 1034 266 1077 esse
290 1014 460 1087 conveniet;
485 1015 568 1072 cuius
590 1013 701 1073 etiamsi
724 1015 752 1072 in
774 1013 864 1073 arduo
887 1031 957 1091 spes
981 1023 1041 1089 est,
1065 1030 1119 1072 aos

113 1110 208 1161 tamen
231 1100 447 1178 praecipiamus
463 1099 575 1172 omnia,
600 1105 631 1157 ut
652 1097 756 1156 saltem
779 1097 863 1175 plura
881 1097 957 1157 liant.
991 1097 1050 1157 Sed
1069 1115 1120 1156 cnr

114 1185 231 1245 deficiat
250 1179 382 1244 animus?
409 1180 518 1241 Natura
538 1181 613 1240 enim
631 1181 795 1258 perlectum
811 1190 958 1240 oratorem
976 1198 1044 1241 esse
1063 1196 1120 1239 non

114 1268 272 1348 probibet3
293 1268 475 1345 turpiterque
500 1265 673 1342 desperatur
695 1264 831 1343 quidquid
852 1265 915 1323 lieri
937 1273 1045 1342 potest.

522 1419 566 1466 Du
584 1416 713 1469 MUSICE.

203 1517 305 1594 Atque
326 1532 383 1592 ego
407 1515 456 1574 vel
479 1516 585 1575 iudicio
608 1524 738 1576 veterum
761 1524 893 1593 poteram
913 1533 980 1576 esse
1002 1521 1146 1577 conten-9

116 1612 168 1662 tus.
207 1599 285 1660 Nam
309 1600 374 1678 quis
395 1600 511 1676 ignorat
532 1600 697 1659 musicen
721 1599 767 1678 (ut
796 1599 911 1660 dehac
934 1602 1055 1678 primum
1076 1602 1119 1662 lo-

115 1687 199 1766 quar)
225 1692 336 1744 tantum
354 1683 410 1743 iarn
430 1683 488 1743 illis
506 1685 629 1762 antiquis
650 1682 828 1761 temporibus
844 1700 901 1742 non
924 1685 1010 1745 studii
1032 1685 1118 1746 modo

116 1786 213 1830 rerum
232 1769 320 1828 etiarn
335 1767 534 1827 venerationis
551 1767 699 1842 babuisse,
720 1777 750 1826 ut
767 1767 854 1828 iidem
871 1770 972 1828 musici
990 1777 1019 1828 et
1035 1779 1118 1829 vates

116 1864 142 1914 et
162 1853 316 1932 sapientes
334 1851 529 1911 iudicarentur
552 1852 676 1930 (mittam
694 1852 783 1931 alios)
810 1850 944 1930 Orpheus
967 1862 995 1912 et
1017 1852 1117 1921 Linus;

116 1955 237 2016 quorum
258 1944 411 2014 utrumque
434 1935 488 1995 diis
509 1937 653 2013 genitum,
680 1935 801 1995 alterum
822 1954 913 2012 vero,
942 1938 1008 2015 quia
1030 1937 1117 1996 rudes

115 2039 233 2100 quoque
257 2029 346 2098 atque
373 2028 507 2096 agrestes
534 2021 643 2080 animos
667 2020 856 2080 admiratione
878 2021 1036 2096 mulceret,
1060 2037 1119 2080 non
1156 2024 1160 2031 ’

115 2109 189 2168 ieras
221 2103 310 2165 modo
336 2103 389 2164 sed
417 2120 487 2165 saxa
517 2106 603 2165 etiam
626 2104 774 2182 silvasque
797 2104 915 2164 duxisse
937 2106 1116 2182 posteritatis

116 2191 273 2249 memoriae
294 2188 427 2248 traditum
446 2197 500 2247 est.
531 2187 632 2267 ltaque
660 2187 833 2266 Timagenes
853 2198 955 2249 auctor
973 2198 1033 2264 est,
1060 2206 1117 2249 om·
1126 2197 1160 2249 10

115 2277 188 2334 nium
212 2274 242 2332 in
265 2271 369 2331 litteris
392 2272 551 2331 studiorum
576 2274 800 2351 antiquissimam
821 2275 951 2333 musicen
974 2275 1117 2350 extitisse,

116 2367 141 2417 et
161 2357 332 2418 testimonio
359 2364 425 2415 sunt
449 2356 601 2416 clarissimi
627 2365 751 2435 poetae,
782 2356 858 2435 apud
881 2374 954 2434 quos
977 2360 1051 2417 inter
1072 2376 1117 2416 re·

114 2443 189 2519 galia
210 2441 346 2500 convivia
363 2439 464 2502 laudes
483 2440 604 2500 heroum
627 2441 799 2500 acdeorum
820 2443 855 2502 ad
876 2441 1014 2500 citharam
1032 2457 1117 2499 cane-

115 2527 226 2586 bantur.
250 2523 339 2603 lopas
353 2540 426 2583 rero
440 2523 491 2584 ille
502 2524 626 2602 Vergilii
640 2542 735 2584 nonne
748 2525 832 2585 canit
846 2533 1000 2584 errantem
1014 2524 1118 2584 lanam

115 2611 249 2688 solisque
272 2609 397 2670 labores
416 2617 445 2668 et
461 2607 583 2669 cetera?
620 2608 730 2683 Quibus
754 2616 834 2667 certe
857 2606 952 2685 palam
969 2605 1119 2666 confirmat

117 2703 218 2754 auctor
236 2693 495 2768 eminentissimus,
514 2695 644 2753 musicen
663 2711 727 2752 cum
747 2693 905 2752 divinarum
924 2692 1009 2750 etiam
1023 2707 1119 2749 rerum

117 2779 285 2856 cognitione
304 2794 372 2836 esse
390 2778 581 2837 coniunctam.
616 2776 742 2849 Quodsi
761 2777 859 2852 datur,
878 2776 933 2835 erit
951 2776 1036 2834 etiam
1053 2780 1159 2834 ora-ll

116 2864 168 2923 tori
194 2862 376 2922 necessaria.
410 2861 557 2939 Siquidem
582 2862 628 2941 (ut
646 2861 783 2941 diximus)
806 2861 880 2920 baec
899 2877 1015 2938 quoque
1039 2876 1118 2938 pars,

117 2964 189 3024 quae
210 2945 248 3006 ab
272 2943 437 3005 oratoribus
460 2944 564 3005 relicta
583 2963 598 3004 a
618 2944 801 3023 philosophis
818 2953 863 3004 est
886 2954 1044 3022 occupata,
1068 2961 1119 3002 no·

117 3033 164 3090 stri
183 3031 286 3110 operis
306 3030 377 3104 luit,
401 3047 435 3088 ac
457 3031 520 3089 sine
543 3030 666 3088 omnium
687 3030 786 3089 talium
804 3030 925 3089 scientia
945 3046 1003 3089 non
1020 3036 1120 3108 potest

68 3130 71 3137 ’
117 3132 181 3174 esse
203 3113 341 3193 perlecta
365 3113 542 3191 eloquentia.
582 3113 679 3190 Atque
703 3113 799 3172 claros
822 3114 936 3172 nomine
959 3116 1160 3193 sapientiaelt

116 3200 208 3276 viros,
231 3215 318 3259 nemo
337 3196 529 3273 dubitaverit,
552 3197 699 3257 studiosos
718 3199 844 3256 musices
862 3197 968 3266 luisse;
988 3217 1051 3258 cum
1063 3198 1116 3272 Py·

117 3281 254 3362 thagoras
278 3292 367 3361 atque
390 3299 455 3341 enm
475 3281 569 3340 secuti
594 3290 746 3360 acceptam
769 3282 831 3340 sine
854 3280 940 3340 dubio
963 3284 1117 3360 antiquitus

117 3369 284 3446 opinionem
310 3365 512 3443 vulgaverint,
541 3365 674 3425 mundum
699 3366 793 3444 ipsum
814 3365 926 3425 ratione
949 3384 1016 3426 esse
1040 3383 1117 3426 com·

117 3455 260 3530 positum,
287 3469 374 3530 quam
391 3459 496 3529 postea
516 3451 553 3509 sit
570 3449 633 3525 lyra
656 3451 779 3518 imitata3
805 3467 860 3508 nec
876 3450 927 3510 illa
944 3450 1030 3509 modo
1050 3465 1116 3508 con·
