2566 4026
160 143 197 206 18
490 155 851 214 u.rno.qu1ur1umur

159 312 273 392 quidem
287 311 343 373 bac
361 311 570 387 castigatione,
590 311 615 369 si
634 308 766 369 assiduus
781 308 940 368 studiorum
956 317 1078 370 exactor
1092 312 1148 375 asti

110 407 148 463 15
156 397 233 456 terit.
275 394 358 456 Nunc
373 395 436 455 fere
456 394 634 472 negligentia
650 394 887 471 paedagogorum
900 392 944 453 sic
959 393 1105 454 emendari
1119 397 1161 455 ui·

157 480 258 556 detur,
279 488 311 538 ut
331 480 414 558 pueri
430 496 487 538 non
503 478 619 553 facere,
643 495 717 555 quae
732 485 814 536 recta
833 486 914 553 suut,
935 486 1078 554 cogantur
1096 479 1161 556 sed,

158 582 223 624 cum
241 580 299 623 nou
320 563 460 638 fecerint,
481 563 642 640 puniantur.
684 559 817 638 Denique
839 576 903 620 cum
924 560 1076 639 parvulum
1095 580 1162 622 ver·

158 646 276 707 beribus
294 648 446 724 coegeris,
464 645 531 724 quid
546 645 643 705 iuveni
657 644 765 721 facias,
783 645 829 704 cui
846 662 901 704 nec
916 644 1048 704 adhiberi
1062 654 1164 724 potest

113 731 204 796 ruhte
216 738 310 790 metus
327 740 356 790 et
371 733 480 790 maiora
495 728 632 790 discenda
648 725 735 788 sunt?
763 728 858 804 Adde,
875 729 953 806 quod
968 727 1057 788 multa
1070 747 1161 809 vapu-

158 813 283 874 lantibus
299 815 377 875 dictu
393 814 534 874 deformia
552 822 581 873 et
594 829 663 872 mox
677 812 872 872 verecundiae
889 812 985 873 futura
1002 829 1093 891 saepe
1110 814 1161 874 do·

158 899 222 958 lure
237 898 287 957 vel
301 908 377 958 metu
396 898 573 974 acciderunt,
589 899 637 975 qui
653 897 747 976 pudor
761 897 867 973 frangit
883 897 1005 955 animum
1021 905 1050 956 et
1064 896 1162 958 abiicit

116 989 148 1048 17
156 992 244 1061 atquc
261 983 352 1061 ipsius
374 981 448 1042 lucis
464 981 561 1060 fugam
577 990 606 1041 et
623 980 747 1040 taedium
769 980 867 1041 dictat.
905 979 965 1040 Iam
986 981 1011 1040 si
1025 981 1119 1040 minor
1133 983 1161 1042 in

157 1066 321 1143 deligendis
349 1065 501 1126 custodum
525 1065 574 1124 vel
596 1073 822 1143 praeceptorum
847 1063 975 1123 moribus
1002 1065 1056 1124 fuit
1081 1083 1161 1141 cura,

156 1150 246 1230 pudet
262 1150 377 1227 dicere,
397 1153 426 1211 iu
447 1168 521 1229 quae
537 1148 644 1229 probra
658 1148 775 1209 nefandi
796 1147 927 1208 homines
942 1149 999 1207 isto
1021 1149 1162 1209 caedendi

156 1235 218 1294 iure
235 1233 403 1311 abutantur,
427 1252 511 1313 quam
532 1234 581 1295 det
595 1232 660 1294 aliis
679 1250 796 1312 quoque
811 1231 1013 1310 nonuunquam
1028 1234 1161 1292 occasio·

156 1337 221 1377 nem
243 1318 291 1378 hic
311 1320 484 1378 miserorum
501 1327 603 1379 metus.
640 1316 705 1377 Nou
726 1315 863 1376 morabor
878 1318 906 1375 in
926 1324 1009 1394 parte
1028 1316 1097 1385 bac;
1120 1319 1161 1377 ni·

156 1403 241 1460 mium
257 1410 302 1462 est
324 1400 402 1478 quod
422 1401 602 1479 intelligitur.
636 1400 732 1474 Quare
753 1400 810 1459 hoc
833 1400 941 1460 dixisse
958 1401 1029 1459 satis
1051 1410 1111 1470 est;
1133 1403 1162 1461 iu

157 1493 281 1544 aetatem
297 1483 436 1544 infirmam
460 1494 488 1544 et
503 1485 624 1544 iniuriae
646 1483 800 1544 obnoxiam
820 1486 925 1544 nemini
941 1483 1029 1544 debet
1047 1486 1162 1545 nimium

116 1567 258 1628 telicerc.
295 1567 378 1627 Nunc
399 1567 503 1647 quibus
526 1567 717 1627 instituendus
733 1569 770 1626 sit
785 1567 909 1643 artibus,
933 1568 981 1646 qui
996 1568 1040 1628 sic
1055 1567 1161 1628 forma·

156 1651 248 1727 bitur,
274 1660 305 1711 ut
327 1651 390 1711 lieri
408 1654 503 1731 possit
525 1660 640 1727 orator,
668 1660 697 1711 et
719 1668 794 1729 quae
816 1652 844 1710 in
865 1669 979 1730 quaque
1001 1660 1099 1713 aetate
1120 1654 1161 1712 in·

157 1735 303 1812 choanda,
323 1735 423 1796 dicere
441 1736 597 1814 ingrediar.

511 1888 555 1938 DE
575 1878 808 1939 Guhmmxuicuss·

141 2004 147 2016 ·
241 1986 290 2046 IV.
337 1986 445 2046 Primus
467 1987 494 2045 in
521 2003 574 2063 eo,
602 1989 650 2065 qui
671 1985 818 2046 scribendi
840 1987 1017 2066 legendique
1038 1986 1161 2067 adeptus

157 2071 211 2130 erit
233 2069 418 2146 facultatem,
443 2072 693 2147 grammaticis
715 2080 761 2130 cst
782 2071 877 2130 locus.
910 2070 975 2132 Nec
997 2071 1105 2148 refert,
1124 2073 1160 2133 de

156 2152 269 2214 Graeco
293 2171 328 2213 an
344 2154 380 2214 de
395 2151 496 2214 Latino
519 2155 641 2233 loquar,
665 2172 826 2233 quanquam
842 2152 984 2216 Graecum
999 2174 1068 2216 esse
1082 2158 1160 2235 prio·

132 2252 217 2303 orem
231 2236 339 2314 placet.
377 2237 499 2316 Utrique
521 2239 623 2299 eadem
644 2241 690 2299 via
711 2247 767 2299 est.
798 2238 879 2300 Haec
896 2242 984 2318 igitur
999 2241 1159 2319 professio,

157 2338 221 2381 cum
236 2320 407 2381 brevissime
422 2323 451 2381 iu
472 2322 542 2382 duas
557 2333 656 2402 partes
673 2323 830 2400 dividatur,
851 2333 957 2384 recte
978 2324 1160 2403 loquendi

156 2405 306 2465 seientiam
335 2414 364 2466 et
394 2415 588 2484 poetarum
616 2411 908 2484 enarrationem,
936 2409 1002 2488 plus
1022 2407 1111 2469 babet
1131 2409 1161 2469 in

131 2504 277 2558 arecessu
299 2506 383 2567 quarn
398 2490 494 2551 fronte
510 2495 666 2570 promittat.
702 2493 774 2553 Nam
798 2501 827 2552 et
850 2491 1043 2552 scribendi
1061 2493 1159 2552 ratio

156 2575 309 2634 coniuncta
339 2592 402 2634 cum
434 2574 581 2654 loquendo
612 2586 671 2650 est,
709 2586 738 2635 et
770 2576 981 2636 enarrationem
1009 2575 1160 2651 praecedit

156 2658 347 2718 emendata
368 2659 508 2734 lectio,
527 2668 556 2718 et
570 2661 687 2718 mixtum
702 2658 746 2717 his
761 2657 893 2717 omnibus
908 2657 1080 2716 iudicium
1097 2666 1157 2727 est;

156 2759 213 2819 quo
236 2741 350 2820 quidem
371 2744 410 2801 ita
424 2759 531 2801 severe
552 2751 617 2801 sunt
636 2743 681 2800 usi
700 2751 819 2801 veteres
840 2741 1034 2818 grammatici,
1056 2750 1160 2801 utnon

155 2844 258 2884 versus
274 2825 361 2886 modo
385 2826 518 2885 censoria
538 2825 659 2903 quadam
678 2825 792 2902 virgula
808 2833 911 2884 notare
927 2834 956 2884 et
978 2824 1088 2902 libros,
1112 2827 1160 2905 qui

156 2908 231 2967 falso
253 2908 421 2969 viderentur
442 2910 587 2987 inscripti,
606 2919 739 2986 tanquam
760 2908 891 2969 subditos
913 2927 1096 2970 summovere
1117 2911 1159 2972 la·

156 2991 233 3051 milia
249 2995 432 3070 permiserint
447 2993 517 3069 sibi,
539 2993 592 3053 sed
607 3002 741 3054 auctores
758 2993 832 3054 alius
846 2995 876 3054 in
891 2994 1020 3054 ordinem
1034 2995 1159 3071 redege-

128 3075 211 3134 4rint
227 3074 301 3135 alios
314 3078 428 3136 omniuo
445 3079 604 3138 exemerint
615 3095 743 3137 numero.
767 3077 830 3138 Nec
845 3087 948 3157 poetas
965 3079 1076 3156 legisse
1089 3080 1159 3138 satis

157 3166 216 3227 est;
240 3161 443 3221 excutiendum
459 3178 543 3222 omne
559 3164 732 3240 scriptorum
750 3180 843 3240 genus
858 3179 917 3222 non
932 3172 1054 3241 propter
1068 3162 1159 3223 histo·

155 3243 213 3300 rias
233 3244 319 3304 modo
339 3245 392 3305 sed
407 3245 513 3322 verba,
533 3263 607 3324 quae
624 3247 794 3325 frequenter
814 3247 859 3306 ius
879 3246 914 3307 ab
930 3246 1097 3307 auctoribus
1113 3265 1159 3306 su·

156 3334 244 3386 munt.
288 3327 358 3387 Turn
385 3348 480 3408 neque
505 3332 576 3391 citra
600 3333 729 3390 musicen
755 3332 942 3408 grammatice
967 3340 1066 3410 potest
1091 3348 1160 3390 esso

155 3410 301 3491 perfecta,
321 3417 427 3475 cumei
443 3415 479 3474 de
492 3416 590 3474 metris
606 3414 804 3493 rhythmisque
821 3414 972 3476 dicendum
988 3417 1036 3496 sit,
1053 3433 1118 3493 nec,
1135 3415 1159 3474 si
