2566 4026
427 168 844 237 unsc.0nnu0n.n1n.1,t.
1099 161 1140 223 39

128 336 235 388 serunt
257 327 308 388 illa
332 343 450 406 quaque
473 327 615 386 servanda
636 327 816 402 discrimina,
838 335 869 386 ut
886 347 927 389 ec
943 332 1138 408 praepositio·

127 431 211 488 nem,
237 415 263 470 si
284 411 406 472 verbum
428 420 602 490 sequeretur
628 414 749 490 specto,
770 410 883 471 adiecta
909 414 1055 474 secundae
1079 415 1138 490 syl·

127 496 216 557 labae
230 517 248 557 s
262 496 376 572 littera,
403 497 551 574 siponto,
573 503 685 554 remota
707 494 913 554 scriberemus.
947 497 1001 558 llla
1021 505 1162 577 quoquot

128 589 248 641 servata
271 589 352 640 esta
374 579 471 640 multis
489 580 666 654 differentia,
688 587 718 637 ut
740 579 799 655 od,
824 597 887 639 cum
910 590 989 641 esset
1011 599 1136 661 praepo·

127 667 214 740 sitio,
240 664 420 740 dilueram,
446 682 508 723 cum
524 673 618 723 autem
636 665 817 738 coniunctio,
840 666 1032 741 tacciperet;
1055 668 1135 726 itern-

128 767 187 828 que
202 769 290 825 cum,
313 751 338 808 si
354 758 468 828 tempus
484 748 674 827 signiticaret,
697 765 751 825 per
768 746 809 823 Q,
832 748 856 805 si
873 749 1022 825 comitem,
1046 748 1137 828 perG

126 851 163 894 ac
180 833 253 894 duas
272 842 432 912 sequentes
449 832 636 892 scriberetur.
669 830 832 908 Frigidiora
849 830 981 908 bisalis,
1001 842 1032 893 ut
1047 837 1161 912 qaid-6

126 918 205 996 quid
226 937 245 978 c
265 926 395 996 quartam
415 915 555 994 haberet,
578 935 614 975 ne
634 917 817 992 interrogare
839 915 884 975 bis
906 917 1084 987 videremur;
1108 928 1137 978 et

126 1002 265 1080 quotidie
286 1018 345 1060 non
363 1003 491 1078 cotidie,
513 1009 543 1060 ut
566 1003 602 1060 sit
620 1008 691 1078 qoot
713 1000 831 1061 diebos.
864 999 974 1061 Verum
993 1001 1067 1062 haec
1081 1004 1136 1062 iam

125 1087 215 1146 etiam
229 1086 308 1146 inter
321 1087 401 1164 ipsas
418 1087 543 1162 ineptias
559 1093 746 1144 evanuerunt.
782 1082 890 1157 Quaeri
906 1085 1000 1162 solet,
1020 1087 1049 1144 in
1065 1088 1160 1154 scri-l

123 1169 224 1230 bendc
242 1171 479 1248 praepositiones
495 1185 606 1244 sonum,
621 1187 706 1247 quem
719 1171 834 1227 iunctae
849 1168 988 1245 efficiunt,
1001 1186 1037 1228 an
1051 1187 1136 1248 quem

123 1263 301 1332 separatae,
325 1253 486 1313 observare
507 1255 675 1313 conveniat:
699 1261 746 1327 ut,
767 1268 830 1310 cum
845 1252 911 1311 dico
926 1254 1070 1332 obtinuit,
1089 1273 1135 1315 se·

123 1338 251 1399 cundem
270 1339 375 1400 enimb
393 1338 518 1398 litteram
536 1339 610 1410 ratio
627 1339 740 1414 poscit,
761 1353 846 1395 aures
859 1339 951 1414 magis
968 1338 1084 1398 audiunt
1092 1359 1135 1419 p,·

122 1432 154 1482 et
172 1424 335 1501 immonis,
355 1421 426 1482 illud
447 1423 536 1497 enim,
558 1422 636 1500 quod
653 1423 761 1480 veritas
778 1421 884 1497 exigit,
908 1424 1057 1500 sequentis
1076 1424 1161 1499 syl-8

121 1505 212 1567 labae
236 1523 311 1566 sono
334 1509 442 1566 victum
463 1525 493 1566 oe
513 1507 629 1582 gemina
650 1512 848 1565 commutatur.
886 1504 940 1565 Est
963 1515 991 1566 et
1013 1509 1041 1566 in
1062 1509 1160 1568 diui-9

121 1590 229 1651 (lendis
241 1591 340 1651 verbis
356 1590 539 1666 observatio,
552 1590 674 1650 mediam
686 1589 811 1649 litteram
825 1600 1032 1650 consonantem
1043 1594 1134 1670 priori

121 1693 159 1734 an
173 1671 310 1752 sequenti
324 1675 457 1751 syllabae
469 1675 625 1751 adiungas:
645 1692 784 1752 omcpeo
797 1675 887 1750 enim,
908 1677 973 1752 quia
991 1679 1133 1754 perseius

121 1762 276 1838 posterior
296 1777 312 1818 a
333 1761 503 1838 mactando
525 1768 586 1834 est,
609 1779 626 1820 a
645 1758 770 1818 litteram
789 1759 892 1817 tertiae
915 1758 1007 1828 dabit;
1030 1762 1133 1821 obste-

121 1844 222 1919 mus,
242 1846 309 1921 quia
326 1862 364 1902 ex
381 1843 552 1903 abstinentia
565 1844 666 1904 temeti
685 1843 845 1920 composita
864 1860 924 1902 nox
945 1851 1004 1918 est,
1024 1845 1133 1922 primae

120 1927 283 2004 relinquet.
324 1926 396 1986 Nam
417 1927 444 1986 ll
464 1922 593 2007 quidem
607 1929 635 1986 in
657 1927 744 1986 nullis
766 1924 865 1986 uerbis
887 1926 1023 1986 utendum
1051 1930 1175 2005 putc,l(t

121 2012 179 2070 nisi
207 2029 283 2089 quae
312 2011 474 2088 significat,
506 2013 591 2071 etiam
619 2020 650 2071 ut
673 2011 736 2070 sola
758 2019 891 2088 ponatur.
929 2010 993 2071 Hoc
1016 2028 1052 2069 eo
1076 2027 1134 2070 non

122 2097 228 2170 omisi,
250 2095 327 2173 quod
343 2096 457 2174 quidam
477 2113 556 2171 eam,
578 2097 712 2174 quotiens
726 2094 753 2153 A
767 2103 921 2174 sequatur,
937 2097 1133 2155 necessariam

122 2177 265 2254 credunt,
285 2198 348 2238 cum
361 2182 398 2239 sit
412 2177 435 2239 Ο
449 2180 561 2255 littera,
581 2198 655 2257 quae
674 2179 709 2238 ad
728 2195 827 2238 omnes
844 2178 964 2239 vocales
982 2180 1039 2238 vim
1053 2196 1133 2239 suam

144 2263 267 2323 erlerat.

120 2282 141 2342 p
210 2346 319 2407 Verum
343 2347 550 2426 orthographia
568 2364 685 2426 quoque
702 2346 903 2408 consuetudini
920 2349 1026 2424 servit,
1050 2348 1130 2408 ideo·
1142 2353 1173 2405 11

122 2451 183 2511 que
207 2449 298 2509 saepe
316 2440 423 2491 mutata
446 2441 500 2491 est.
540 2431 613 2490 Nam
634 2432 684 2492 illa
705 2433 901 2492 vetustissima
922 2441 1039 2492 transeo
1062 2440 1132 2490 tem-

122 2533 217 2595 pora,
246 2514 348 2594 quibus
374 2525 402 2575 et
426 2517 581 2594 pauciores
609 2516 725 2576 litterae
747 2533 803 2574 nec
825 2514 935 2573 similes
957 2514 1002 2574 his
1024 2515 1131 2573 nostris

124 2618 225 2660 earum
251 2598 363 2659 formae
389 2599 505 2660 fuerunt
534 2609 563 2660 et
584 2602 629 2659 vis
653 2617 771 2679 quoque
798 2599 929 2672 diversa,
961 2599 1036 2655 sicut
1057 2597 1132 2674 apud

124 2683 257 2745 Graecos
284 2681 309 2744 0
330 2684 461 2760 litterae,
485 2703 560 2763 quae
582 2686 695 2745 interim
716 2685 805 2762 longa
828 2701 862 2743 ac
883 2679 981 2740 brevis
1005 2688 1036 2739 ut
1057 2678 1132 2757 apud

122 2784 196 2843 nos,
221 2769 335 2827 interim
352 2784 407 2846 pro
429 2769 542 2844 syllaba
563 2786 647 2847 quam
667 2771 781 2830 nomine
804 2784 857 2828 suo
880 2765 1015 2844 exprimit
1036 2765 1132 2842 posita

123 2861 185 2920 est3
206 2861 238 2910 ut
255 2851 364 2911 Latinis
386 2852 580 2913 veteribusD
600 2853 730 2931 plurimis
753 2856 781 2912 in
802 2852 901 2913 verbis
925 2849 1068 2909 adiectum
1089 2847 1131 2907 ul·
1139 2854 1173 2908 12

121 2938 237 3011 timum,
253 2936 332 3014 quod
346 2937 528 2997 manifestum
541 2946 586 2995 est
600 2939 685 2997 etiam
700 2957 737 2998 ex
750 2937 882 2997 columna
895 2941 1036 3010 rostrata,
1057 2950 1131 3012 quae

122 3029 168 3080 est
183 3019 306 3080 Duellio
329 3021 358 3078 in
380 3021 445 3080 loro
467 3023 581 3100 posita;
604 3023 715 3081 iuterim
738 3023 913 3100 uncque,
937 3020 1017 3078 utin
1038 3017 1130 3096 pulvi·

118 3107 181 3164 nari
197 3104 295 3179 Solis,
317 3104 366 3181 qui
385 3105 491 3164 colitur
503 3106 582 3164 iuxta
604 3106 705 3166 aedem
720 3106 847 3180 Quirini,
866 3121 1035 3182 vesperam,
1053 3102 1131 3180 quod

117 3190 355 3268 nesporopioem
383 3191 552 3268 accipimus.
593 3189 639 3249 De
668 3191 825 3250 mutatione
848 3190 933 3248 etiarn
960 3186 1175 3262 liberorumne

117 3274 153 3335 de
177 3291 236 3354 qua
256 3289 347 3350 supra
369 3272 442 3349 dixi,
466 3273 536 3332 nibil
553 3282 690 3352 repetere
708 3274 755 3333 hic
774 3290 898 3333 necesse
920 3280 981 3348 est,
1003 3272 1131 3332 fortasse

115 3361 192 3418 enim
215 3359 295 3416 sicut
318 3357 486 3418 scribebant
508 3359 593 3417 etiam
618 3357 821 3437 loquebantur.
857 3356 1056 3417 Semiuocales
1079 3371 1130 3432 ge·
1139 3357 1173 3411 14

111 3445 226 3504 minare
258 3441 305 3500 diu
329 3456 388 3499 non
415 3441 469 3501 luit
490 3443 668 3502 usitatissimi
695 3442 800 3515 moris,
831 3450 916 3520 atque
940 3460 957 3500 e
984 3439 1129 3500 contrario
