2566 4026
395 191 820 263 rusu.oasuon.u1a.v,t.
1050 188 1110 250 197

104 354 282 432 poenitentia
302 360 347 412 est
362 359 392 410 et
407 351 580 429 promissum
598 351 763 428 suspectius
781 360 825 428 et,
841 353 866 411 si
881 356 1108 434 perseverarint,

103 436 296 515 reprehensio
311 435 437 496 facilior.
1124 468 1156 485 ..

186 518 295 580 Eorum
309 536 400 595 vero,
422 516 554 596 quibus
576 518 829 595 denuntiatur,
852 538 919 597 pars
935 523 1051 581 testium
1065 532 1151 589 estus

104 622 178 683 quae
196 622 277 664 reum
293 603 413 663 laedere
428 602 518 677 velit,
540 620 608 680 pars
624 620 699 680 quae
714 602 802 679 nolit,
823 604 910 682 idque
926 605 1038 664 interim
1053 607 1109 668 scit

103 697 258 748 accusator
280 689 396 747 interim
418 688 522 746 nescit.
557 684 711 763 Fingamus
734 689 762 746 iu
781 689 948 765 praesentia
963 690 1055 758 scire;
1079 692 1108 750 iu

102 782 226 851 utroque
247 780 343 831 tamen
357 788 470 849 genere
486 771 601 830 summis
617 770 725 831 artibus
740 773 945 850 interrogantis
961 789 1034 850 opus
1051 782 1105 834 est.

101 855 172 915 Nam
195 858 220 915 si
240 855 328 915 habet
348 864 454 914 testem
476 854 610 933 cupidum
630 854 780 931 laedendi,
813 874 918 916 cavere
940 856 1028 916 dehet
1049 858 1107 918 hoc
1115 870 1150 927 16

101 944 208 1018 ipsum,
232 959 269 998 ne
292 940 433 1017 cupiditas
458 940 520 998 eius
542 949 695 1017 appareat;
716 957 772 1000 uec
786 943 881 1000 statim
897 941 932 1000 de
950 958 1002 1018 eo,
1028 943 1107 1020 quod

101 1027 128 1082 in
148 1024 283 1083 iudicium
304 1025 400 1099 venit,
416 1026 551 1100 rogare,
576 1022 628 1082 scd
649 1023 747 1102 aliquo
769 1026 889 1085 circuitu
905 1026 940 1085 ad
956 1025 983 1084 id
1000 1044 1104 1103 perve-

100 1109 178 1184 nire,
203 1117 234 1167 ut
250 1107 308 1184 illi,
334 1107 411 1186 quod
432 1108 555 1168 maxime
577 1107 676 1168 dicere
697 1109 806 1183 voluit,
828 1108 961 1169 videatur
984 1127 1105 1187 expres-

100 1211 170 1259 sum;
188 1194 370 1268 necunimium
379 1194 488 1251 instare
500 1192 730 1269 interrogationi,
746 1210 782 1252 ne
796 1195 889 1254 omnia
898 1193 1104 1272 respondendo

100 1278 183 1337 testis
199 1276 284 1337 iidem
300 1294 380 1336 suam
395 1277 517 1342 minuat;
540 1276 593 1335 sed
609 1276 637 1334 in
653 1285 760 1336 tautum
776 1294 903 1338 evocare
919 1296 999 1353 eum,
1017 1296 1104 1356 quau·

100 1372 158 1420 tum
181 1380 295 1421 sumere
318 1380 356 1420 ex
376 1378 433 1420 uuo
460 1361 530 1420 satis
550 1361 596 1420 sit.
633 1358 672 1419 At
692 1362 720 1420 in
742 1378 794 1437 eo,
818 1364 866 1439 qui
884 1380 985 1421 verum
1000 1363 1104 1422 invitus
1113 1360 1147 1416 17

100 1447 228 1505 dicturus
250 1455 311 1522 est,
337 1446 427 1523 prima
448 1444 573 1505 felicitas
587 1445 792 1523 interrogantis
809 1455 1003 1524 extorquere,
1028 1446 1106 1526 quod

100 1532 124 1590 ts
146 1531 282 1590 noluerit.
317 1529 381 1589 Hoc
402 1547 460 1589 nou
482 1528 539 1590 alio
560 1529 646 1589 modo
668 1529 732 1589 lieri
749 1539 863 1608 potest,
888 1548 971 1609 quam
989 1529 1105 1609 longius

98 1617 327 1692 interrogatione
344 1616 478 1693 repetita.
502 1613 704 1692 Respondebit
719 1616 808 1691 enirn,
826 1632 900 1693 quae
915 1632 1024 1674 nocere
1038 1633 1104 1676 cau·

100 1717 150 1759 sae
175 1717 231 1759 non
256 1699 455 1767 arbitrabitur;
485 1717 523 1758 ex
546 1699 677 1776 pluribus
700 1697 823 1775 deinde,
853 1718 928 1778 quae
950 1699 1104 1759 confessus

101 1786 169 1860 erit,
196 1801 232 1843 eo
251 1785 444 1862 perducetur,
469 1792 515 1858 ut,
541 1783 617 1861 quod
633 1783 732 1843 dicere
748 1800 805 1842 non
820 1783 898 1859 vult,
922 1802 1031 1861 negare
1046 1799 1104 1842 non

99 1871 201 1946 possit.
224 1867 313 1943 Nam,
336 1870 410 1926 utin
426 1869 558 1927 oratione
574 1885 676 1946 sparsa
691 1869 862 1946 plerumque
878 1868 1042 1945 colligimus
1059 1886 1102 1927 ar·
1112 1876 1147 1932 18

97 1961 249 2030 gumenta,
278 1969 351 2031 quae
368 1970 421 2030 per
437 1971 469 2010 se
485 1951 555 2010 nihil
571 1969 652 2010 reum
667 1969 828 2029 aggravare
844 1952 1010 2027 videantur,
1035 1969 1102 2011 con-

97 2039 271 2114 gregatione
287 2036 392 2095 deinde
409 2052 509 2094 eorunr
526 2034 633 2095 factum
649 2037 862 2096 convincimus:
883 2037 922 2095 ita
940 2035 1104 2096 huiusmodi

98 2123 181 2180 testis
198 2121 285 2180 multa
302 2121 337 2180 de
355 2121 511 2194 anteactis,
527 2121 614 2179 multa
631 2121 667 2179 de
682 2122 836 2196 insecutis,
854 2120 939 2195 loco,
958 2129 1102 2199 tempore,

98 2222 243 2284 persona,
269 2206 375 2264 ceteris
393 2214 439 2264 est
453 2203 691 2281 interrogandus,
708 2214 738 2263 ut
754 2206 783 2263 in
797 2204 915 2282 aliquod
930 2221 1103 2283 responsum

56 2304 61 2313 ’
96 2290 221 2365 incidat,
238 2298 306 2367 post
322 2289 399 2366 quod
415 2288 458 2348 illi
474 2286 523 2346 vel
536 2287 640 2361 lateri,
660 2305 733 2364 quae
745 2288 894 2363 volumus,
911 2306 1037 2348 necesse
1054 2289 1102 2363 sit,

96 2374 147 2433 vel
169 2376 221 2448 iis,
247 2391 321 2451 quae
341 2374 397 2432 ianr
417 2372 537 2445 dixerit,
561 2387 735 2447 repugnare.
774 2370 806 2430 ld
827 2374 924 2431 sinon
946 2372 1144 2446 contingit:19

97 2458 240 2536 reliquum
263 2460 334 2533 crit,
359 2466 390 2516 ut
412 2474 476 2515 eum
496 2454 576 2514 nolle
600 2454 698 2513 dicere
721 2454 901 2514 manifestum
919 2456 969 2523 sit;
990 2463 1102 2532 protra-

98 2542 285 2620 hendusque,
308 2543 381 2600 utin
398 2540 512 2618 aliquo,
537 2538 614 2616 quod
628 2537 678 2597 vel
695 2548 777 2598 extra
792 2555 907 2598 causam
923 2540 975 2614 sit,
998 2539 1101 2616 depre-

98 2627 253 2691 hendatur:
276 2625 417 2684 tenendus
437 2626 522 2684 etiam
544 2623 665 2699 diutius,
688 2632 719 2682 ut
740 2623 833 2683 omnia
849 2641 883 2682 ac
900 2621 994 2700 plura,
1018 2640 1102 2700 quam

96 2729 146 2769 res
163 2711 320 2785 desiderat,
337 2727 390 2788 pro
406 2727 458 2768 reo
475 2708 598 2769 dicendo
616 2716 769 2786 suspectus
785 2705 871 2766 iudici
886 2706 948 2775 fiat;
972 2723 1028 2784 quo
1044 2723 1103 2764 uon

97 2797 190 2853 minus
205 2794 339 2869 nocebit,
363 2811 447 2871 quarn
463 2794 487 2851 si
499 2810 569 2852 vera
585 2793 614 2851 in
628 2810 708 2851 reum
724 2791 854 2852 dixisset.
890 2790 944 2866 At,
967 2792 1007 2865 si,
1025 2789 1145 2868 quodto

99 2878 228 2939 secundo
249 2879 317 2938 loco
340 2879 478 2952 diximus,
506 2878 619 2935 nesciet
639 2885 736 2952 actor,
765 2875 832 2953 quid
854 2875 997 2954 propositi
1018 2875 1102 2933 testis

98 2963 242 3023 attulerit:
267 2962 420 3041 paulatim,
445 2970 489 3037 et,
514 2970 544 3020 ut
559 2960 678 3036 dicitur,
700 2961 879 3038 pedetentim
894 2958 1101 3035 interrogando

98 3049 267 3125 experietur
283 3047 404 3106 animum
420 3047 481 3105 eius
498 3053 527 3103 et
541 3044 577 3105 ad
590 3045 618 3105 id
629 3060 818 3123 responsum,
840 3043 916 3123 quod
931 3042 1102 3102 eliciendum

99 3133 170 3207 erit,
190 3150 245 3210 per
260 3130 367 3207 gradus
383 3131 479 3193 ducet.
500 3129 573 3204 Sed,
590 3130 655 3206 quia
669 3144 868 3208 nonnunquam
887 3136 951 3187 sunt
963 3127 1017 3187 hae
1031 3132 1144 3205 quo-tl

98 3233 155 3293 que
171 3217 287 3275 testium
304 3224 397 3290 artes,
417 3224 447 3274 ut
462 3214 554 3293 primo
570 3212 606 3273 ad
621 3214 797 3273 voluntatem
812 3212 1023 3292 respondeant,
1043 3228 1100 3291 quo

98 3302 209 3360 maiore
230 3299 287 3359 lide
311 3299 426 3359 diversa
447 3307 552 3377 postea
573 3298 684 3357 dicant:
708 3307 753 3357 est
768 3299 910 3372 oratoris,
935 3305 1102 3375 suspectum

98 3393 221 3458 testem,
240 3384 304 3443 dum
320 3383 459 3462 prodest,
480 3383 633 3443 dimittere.

183 3467 373 3527 Patronorum
392 3469 420 3526 in
436 3475 518 3546 parte
535 3466 698 3546 expeditior
713 3467 741 3525 in
756 3474 839 3545 parte
854 3464 1000 3526 dililcilior
1014 3466 1144 3523 iuter-tl
