2566 4026
159 179 220 240 244
464 195 500 239 nr.
516 193 594 240 uae.
611 193 829 253 oumrmmur

158 354 291 424 oportet,
311 362 369 405 non
385 348 459 405 euim
474 346 657 415 aonoeditur;
685 355 784 405 oetera
810 348 894 425 sequi
913 347 967 405 nisi
989 346 1156 409 ooulirmata

158 430 248 507 prima
272 438 355 507 parte
376 446 434 488 non
455 438 591 507 possunt;
613 438 644 488 ut
666 438 696 489 et
717 431 874 506 assumptio
889 431 1003 489 interim
1018 429 1156 493 confessa

158 521 203 572 est
217 520 262 586 ιιι,
287 509 398 574 Omnes
418 520 519 573 autem
538 514 642 575 voluat
655 514 776 575 beatam
788 514 882 574 mtam
894 515 1019 583 aivam
1043 515 1155 575 interim

156 594 305 674 probanda
325 604 357 655 ut
376 595 442 672 illa,
467 594 557 668 Quod
571 604 616 657 ast
631 595 824 671 dissolutam,
845 615 938 658 sensa
955 604 1061 666 earm,-
1080 616 1155 674 oum,

156 678 252 739 soluta
273 696 399 756 corpore
421 680 513 738 anima
535 697 571 739 an
589 680 627 738 sit
649 678 815 738 immortalis
829 678 877 738 vel
893 679 929 739 ad
944 689 1059 758 tempus
1073 691 1156 741 certe

155 770 286 836 maneat,
303 763 341 821 sit
357 764 386 820 iu
401 761 498 821 dubio.
538 761 629 834 Quam
644 762 867 839 assumptionem
887 763 936 823 alii
950 765 1091 824 rationem
1107 764 1156 827 alii

154 854 269 904 voaunt.
379 876 389 886 ν

115 933 148 986 14
238 925 423 1006 Epiohirema
438 936 534 988 autern
549 928 629 988 nullo
645 928 740 988 differt
755 946 772 987 a
787 929 983 1007 syllogismis,
1007 929 1062 988 nisi
1077 932 1156 1008 quod

155 1011 198 1070 illi
214 1019 243 1070 et
253 1011 354 1089 plures
369 1010 476 1071 hahent
491 1013 608 1089 speeies
620 1021 649 1071 et
659 1029 730 1071 vera
745 1011 886 1088 eolligunt
901 1015 990 1087 veris,
1009 1013 1153 1090 epichire-

155 1095 239 1153 matis
254 1094 436 1172 frequentior
459 1095 537 1153 oiroa
556 1093 706 1154 eredibilia
722 1103 767 1154 est
785 1113 863 1154 usus.
901 1094 973 1154 Nam
995 1096 1020 1154 si
1044 1098 1154 1157 eontin-

155 1186 241 1259 geret
256 1195 373 1255 semper
384 1185 573 1237 controversa
585 1176 729 1237 confessis
741 1176 882 1254 probare:
898 1180 948 1237 vix
959 1187 1039 1238 esset
1054 1179 1083 1238 in
1097 1179 1156 1243 hoo

113 1272 145 1323 15
154 1281 266 1342 genere
282 1279 351 1323 usus
367 1261 501 1322 oratoris.
530 1258 603 1321 Nam
619 1260 686 1339 quid
701 1262 817 1338 ingenio
834 1269 879 1320 est
896 1278 986 1339 opus,
1011 1270 1042 1320 ut
1058 1262 1154 1325 dieas:

154 1347 243 1409 Boas
258 1349 302 1409 ad
315 1349 542 1425 vespertinam,
563 1345 647 1406 solas
667 1346 745 1406 anim
757 1362 827 1407 sam
839 1344 923 1421 filias
939 1345 1089 1422 defuncti,
1105 1347 1156 1407 vel

154 1432 239 1492 solas
255 1431 359 1506 dores,
378 1448 447 1490 eam
461 1431 530 1491 iare
546 1429 692 1490 donorum
704 1430 858 1507 possessio
873 1430 973 1489 testati
986 1431 1155 1491 seeundum

113 1514 276 1574 rotabatur
290 1513 460 1573 testamenti
473 1514 579 1588 detur,
600 1512 644 1572 ad
666 1529 713 1571 nae
727 1513 822 1588 ipitar
839 1513 981 1588 pertinet.
1013 1511 1073 1572 Sed
1089 1530 1154 1572 oum

153 1597 217 1672 ipsa
241 1596 315 1654 ratio
339 1595 367 1652 in
388 1597 588 1674 quaestionem
608 1595 704 1654 veuit:
728 1593 911 1653 efficiendum
926 1603 971 1653 est
987 1602 1103 1653 oertum
1114 1595 1153 1671 id,

155 1695 212 1757 quo
228 1677 377 1755 probaturi
391 1695 504 1753 sumus,
522 1677 599 1755 quod
613 1679 754 1736 insertum
770 1685 829 1736 est:
853 1687 884 1736 ut
900 1677 924 1734 si
941 1679 1004 1754 ipsa
1020 1675 1097 1737 torte
1112 1681 1154 1737 iu·
1175 1728 1178 1733 .

154 1762 282 1819 tentione
299 1760 424 1836 dicatur,
446 1757 508 1820 Aut
520 1761 602 1838 filias
616 1778 676 1820 noa
693 1779 726 1821 as
741 1768 795 1821 aut
808 1779 867 1822 aon
886 1779 921 1821 es
933 1760 1085 1839 lepitimas
1098 1768 1153 1823 aut

153 1862 213 1904 noa
227 1862 261 1904 es
273 1845 357 1905 solas
367 1866 380 1912 ,·
401 1845 528 1921 itemque
550 1841 612 1903 dat
630 1862 690 1904 aaa
712 1862 745 1905 es
765 1843 869 1918 dares,
892 1851 947 1904 aut
960 1862 1021 1904 aaa
1041 1845 1154 1906 iustam

154 1932 362 1988 testamentum
377 1936 433 2005 ost,
446 1935 501 1988 aut
520 1945 634 2003 capere
647 1945 707 1986 aaa
726 1934 828 2003 potes,
850 1935 905 1987 aat
917 1926 1012 1986 dadas
1029 1927 1152 1989 colere-

156 2011 231 2080 dos,·
248 2009 430 2070 efficiendum
446 2017 491 2068 est
505 2011 626 2083 iustum,
651 2017 773 2086 propter
793 2009 871 2087 quod
886 2008 968 2069 uoltis
984 2007 1061 2068 boue
1076 2009 1151 2069 adiu·

114 2098 147 2153 17
155 2091 244 2151 dicari
260 2091 393 2152 debeant.
427 2091 485 2151 Sed
501 2100 559 2151 tum
575 2100 620 2151 est
631 2092 799 2150 necessaria
810 2091 861 2151 illa
872 2109 980 2150 summa
996 2093 1152 2168 oonuexio,

156 2192 219 2233 oum
239 2175 395 2235 intervenit
415 2177 488 2234 ratio
510 2174 636 2252 longior.
677 2173 841 2252 Aliquando
868 2174 1011 2235 sufficiunt
1032 2175 1153 2235 intentio

154 2274 189 2316 ao
203 2259 294 2318 ratio:
310 2257 407 2320 Sileat
421 2261 501 2319 eaim
515 2259 597 2336 lopas
610 2260 692 2318 inter
706 2275 797 2318 arma
810 2276 869 2319 aea
883 2276 917 2318 se
932 2259 1091 2336 aspectat
1104 2260 1154 2319 ia·

154 2341 235 2417 dent,
251 2361 321 2403 eam
333 2343 371 2418 ei,
391 2343 443 2420 qai
454 2350 621 2420 expectare
629 2342 711 2417 velit,
723 2349 794 2401 ante
803 2342 919 2401 iaiasta
928 2359 1028 2418 poena
1039 2340 1153 2403 luenda

153 2424 193 2483 sit
221 2439 313 2502 qaam
333 2426 415 2486 iusto
439 2426 617 2503 repetenda.
655 2422 785 2502 Ideoque
807 2422 835 2482 id
856 2423 1052 2498 enthymema,
1075 2423 1153 2502 quod

155 2516 200 2566 est
223 2525 261 2566 ex
284 2508 546 2586 consequentibus,
568 2509 671 2566 rationi
686 2506 778 2566 simile
794 2506 934 2566 dixerunt.
968 2507 1026 2565 Sed
1046 2515 1075 2566 et
1097 2507 1153 2565 siu·

154 2590 233 2666 gula,
251 2592 421 2669 interimque
436 2600 529 2664 reete,
549 2599 704 2667 ponuntur,
720 2599 750 2647 ut
767 2591 860 2666 ipsum
875 2588 945 2649 illud
962 2588 1060 2650 sileat
1073 2590 1155 2668 tapes

116 2671 234 2734 letata
255 2690 364 2742 arram·
385 2682 414 2731 et
434 2691 451 2732 a
471 2675 584 2733 ratione
605 2675 734 2749 incipere
758 2670 802 2730 ias
824 2681 885 2746 est,
908 2671 1012 2731 deinde
1035 2672 1154 2732 conolu·

155 2755 241 2831 dere,
264 2765 295 2814 ut
314 2756 436 2815 ibidem:
458 2753 574 2828 Quodsi
588 2756 749 2816 daodeoim
770 2755 894 2815 talaiae
909 2763 1091 2816 nocturnam
1103 2755 1153 2833 lit·

154 2857 220 2900 rant
237 2838 473 2916 quoquomodo,
498 2840 642 2899 diamasa
656 2846 775 2913 aalma,
795 2839 824 2898 si
839 2856 873 2897 se
892 2839 950 2898 talo
964 2838 1153 2916 defenderet,

154 2920 286 2999 interfici
294 2922 418 3000 impurae
430 2922 606 2982 voluerant:
624 2922 693 2998 quis
703 2927 758 2996 est,
771 2921 835 2998 qai,
849 2935 967 2997 qaoqao
981 2921 1072 2981 modo
1085 2921 1154 2998 quis

153 3005 332 3082 interfectas
355 3004 413 3079 sit,
432 3006 620 3082 partiendam
644 3004 753 3081 patet?
791 3002 920 3063 Variavit
942 3002 989 3062 hio
1010 3002 1104 3063 adhue
1125 3010 1154 3063 et

155 3104 255 3147 rursus
270 3089 409 3147 rationem
424 3090 510 3146 tertio
526 3087 593 3147 looo
616 3087 727 3164 posuit,
755 3105 824 3157 auat
843 3086 964 3161 videat,
985 3087 1154 3163 aliquando

114 3169 291 3245 mutatam
304 3172 393 3231 aodis
406 3172 537 3249 adipeis
550 3171 672 3248 porripi
687 3169 813 3247 lepidas.
852 3167 960 3228 Prioris
975 3177 1071 3229 autem
1088 3185 1152 3247 par·

155 3252 192 3309 tis
210 3253 290 3313 duxit
307 3253 453 3314 ordinem:
477 3252 659 3314 insidiatori
679 3270 753 3313 vero
773 3260 802 3312 et
823 3252 936 3313 latroni
956 3268 1037 3329 qaae
1054 3258 1153 3330 potest
1172 3318 1175 3323 ,

155 3335 266 3412 inferri
279 3338 394 3398 ioiasta
418 3338 501 3397 aaa?
524 3335 581 3396 hoo
598 3335 733 3398 intentio:
765 3331 848 3407 Quid
867 3335 1027 3396 comitatus
1046 3333 1152 3407 nostri,

158 3417 232 3494 qaid
247 3419 349 3500 pladii
369 3420 492 3480 volant?
513 3417 571 3478 hoo
590 3419 678 3484 ratio;
704 3413 787 3488 Quos
800 3417 916 3479 labere
935 3425 1018 3479 certa
1036 3435 1099 3479 non
1118 3417 1141 3478 li
