2566 4026
396 166 486 214 1usn.
501 162 846 231 oanuon.c1n.11,m.
1065 155 1124 219 101

116 321 258 404 operibus
272 320 353 382 volo.
392 320 465 381 Nam
486 321 554 400 quid
569 329 669 380 orator
687 322 716 379 in
733 319 876 381 laudando
896 322 986 384 iaciet
1000 325 1054 385 nisi
1072 325 1125 386 ho·

115 418 266 469 nestorum
286 416 315 465 et
335 407 460 484 turpium
480 401 615 484 peritus?
637 406 733 465 autin
754 405 903 465 suadendo
923 409 978 467 uisi
1001 409 1126 471 utilitato

116 487 295 572 perspecta?
324 492 420 551 autin
442 490 573 565 iudiciis,
597 490 622 549 si
642 489 768 549 iustitiae
790 489 828 548 sit
848 488 987 568 ignarus?
1025 490 1125 567 Quid?

115 595 173 637 non
189 575 387 636 fortitudinem
406 573 535 653 postulat
551 591 599 633 res
622 573 740 650 eadem,
765 591 829 633 cum
843 591 934 653 saepe
950 585 1050 637 contra
1066 587 1137 638 tur·

114 661 250 726 buleutas
266 658 368 738 populi
388 661 494 735 minas,
518 676 609 736 saepe
633 675 697 718 cum
713 658 882 736 periculosa
903 662 1062 737 potentium
1081 662 1124 723 oi·

114 746 215 820 iensa,
238 760 456 821 nonnunquam,
479 752 510 801 ut
527 742 634 802 iudicio
655 741 829 817 Miloniano,
852 743 929 802 inter
951 745 1125 806 circumfusa

114 830 234 889 militum
251 844 328 888 arma
345 827 496 888 dicendum
511 829 563 895 sit;
582 835 628 901 ut,
645 828 669 885 si
684 827 775 886 virtus
790 836 923 904 nonest,
939 847 976 887 ne
990 828 1124 906 perlecta
1225 874 1230 884 .

115 914 231 994 quidem
248 930 315 972 esse
331 913 425 990 possit
440 912 544 972 oratio.
585 910 697 984 Quodsi
718 928 753 970 ea
774 913 802 970 in
822 928 940 990 quoque
961 913 1150 975 animaliomll

114 1008 161 1059 est
176 1001 284 1074 uirtus,
309 1013 364 1074 qua
379 1004 510 1075 praestat
528 1004 627 1055 cetera
642 995 690 1055 vel
705 995 864 1074 pleraque,
880 998 954 1056 utin
971 997 1058 1057 leone
1073 999 1124 1057 iru-

114 1090 217 1161 petus,
240 1084 269 1140 in
285 1097 361 1159 equo
382 1080 540 1148 velocitas3
560 1078 704 1138 hominem
719 1096 808 1158 porro
824 1082 938 1140 ratione
955 1090 1042 1159 atque
1059 1097 1124 1142 ora·

113 1169 194 1227 tione
212 1165 364 1226 excellere
380 1166 487 1225 ceteris
500 1173 611 1224 certum
627 1173 687 1223 est:
705 1182 756 1224 cur
771 1160 828 1223 non
842 1173 900 1225 tam
914 1164 1125 1243 ineloquentia

115 1269 201 1330 quam
223 1251 379 1310 iuratione
395 1251 530 1308 virtutem
546 1249 608 1307 eius
630 1265 698 1307 esse
716 1247 882 1318 credamus;
906 1258 1047 1328 recteque
1066 1249 1127 1311 hoc

113 1336 192 1414 apud
211 1331 385 1395 Ciceronem
406 1333 512 1393 dixerit
531 1330 672 1392 Crassus:
694 1329 751 1393 Est
769 1335 848 1393 euim
867 1335 1039 1411 eloquentia
1060 1352 1125 1395 uua

114 1421 270 1498 quaedam
284 1418 323 1480 de
335 1419 461 1479 summis
473 1418 653 1492 virtutihus,
676 1418 785 1495 etipse
804 1415 909 1477 Cicero
927 1435 978 1478 sua
995 1434 1122 1497 persona
1132 1428 1167 1481 10

114 1521 179 1564 cum
196 1503 232 1563 ad
243 1501 361 1563 Brutum
375 1504 404 1562 io
416 1501 549 1580 epistolis
565 1511 623 1560 tum
638 1501 703 1562 aliis
720 1503 806 1561 etiam
820 1501 894 1562 locis
909 1503 1045 1563 virtutem
1060 1519 1125 1564 earn

113 1583 268 1666 appellet?
314 1586 353 1646 At
377 1587 557 1665 prooemium
583 1585 737 1664 aliquando
764 1603 799 1645 ac
825 1589 1020 1648 narrationem
1046 1587 1125 1647 dicet

113 1672 205 1733 malus
221 1671 307 1731 homo
325 1680 354 1731 et
368 1679 546 1746 argumenta,
564 1671 607 1729 sic
622 1679 653 1728 nt
667 1669 737 1730 nihil
751 1672 789 1730 sit
804 1671 832 1729 in
848 1671 892 1730 his
908 1671 1122 1750 requirendum.

116 1755 186 1815 llam
207 1764 236 1815 et
256 1756 331 1816 latro
355 1754 495 1834 pugnabit
517 1755 640 1829 acriter,
663 1755 754 1813 virtus
777 1762 871 1814 tamen
892 1757 946 1816 erit
966 1755 1123 1823 fortitudo;

116 1850 144 1900 et
159 1849 302 1900 tormenta
318 1841 381 1899 sine
397 1841 506 1916 gemitu
521 1838 598 1897 leret
614 1837 705 1899 malus
720 1855 841 1915 servus,
857 1839 1011 1900 tolerantia
1027 1848 1124 1899 tamen

114 1924 226 1985 doloris
242 1923 327 1984 laude
343 1942 395 1983 sna
413 1940 471 1983 non
485 1921 606 1982 carebit.
642 1921 733 1983 lllulta
753 1921 822 1981 liunt
837 1922 939 1984 eadem
957 1924 1010 1983 sed
1026 1923 1122 1982 aliter.

114 2008 265 2069 Sufficiant
280 2009 369 2084 igitur
383 2007 476 2083 haec,
502 2007 567 2084 quia
584 2005 621 2064 de
636 2004 760 2065 utilitate
779 2024 867 2085 supra
883 2008 1078 2068 tractavimus.

435 2158 523 2218 QUAE
542 2158 693 2209 MATERIA
711 2159 799 2211 ElUS.

199 2256 277 2318 XXI·
305 2255 455 2318 Materiam
469 2257 632 2318 rhetorices
648 2259 763 2337 quidam
779 2259 912 2349 dixerpnt
927 2276 995 2319 esse
1004 2261 1124 2363 pratio-
1168 2266 1179 2285 '·

113 2363 200 2416 arem,
218 2343 315 2420 quain
330 2343 473 2402 sententia
488 2344 605 2421 ponitur
619 2343 694 2421 apud
707 2342 859 2403 Platonem
877 2341 1012 2420 Gorgias.
1041 2343 1125 2417 Quae

113 2431 139 2488 si
154 2429 194 2488 ita
213 2428 373 2506 accipitur,
396 2435 427 2486 ut
443 2442 540 2486 sermo
558 2444 729 2506 quacunque
745 2427 781 2487 de
797 2445 830 2486 re
849 2429 1030 2504 compositus
1046 2426 1124 2487 dica·

114 2522 160 2572 tur
187 2512 298 2586 oratio,
321 2527 379 2570 non
399 2512 518 2572 materia
547 2511 599 2571 sed
622 2526 696 2588 opus
722 2519 783 2586 est,
806 2519 837 2569 ut
858 2511 987 2570 statuarii
1012 2518 1122 2580 statua;

114 2603 221 2657 namet
237 2596 330 2654 oratio
347 2594 472 2655 eflicitur
487 2606 549 2656 arte
566 2596 641 2656 sicut
655 2602 758 2654 statua.
789 2595 839 2654 Sin
854 2592 909 2652 hac
923 2593 1124 2673 appellatione

115 2679 206 2740 verba
227 2680 290 2757 ipsa
310 2679 467 2757 signilicari
488 2688 638 2759 putamus,
663 2677 732 2738 nihil
754 2677 828 2738 haec
853 2678 916 2736 sine
937 2695 1034 2738 rerum
1055 2677 1123 2737 sub·

115 2766 219 2824 stantia
240 2764 357 2823 iaciunt.
393 2762 514 2836 Quidam
537 2771 719 2843 arqumcuta
736 2763 979 2841 persuaeihitiaa
1002 2779 1076 2840 quae
1095 2770 1149 2831 eto

114 2852 179 2927 ipsa
196 2850 224 2906 in
240 2857 322 2925 parte
338 2857 404 2907 sunt
419 2850 518 2926 operis
535 2859 564 2908 et
580 2857 642 2908 arte
661 2847 730 2907 irunt
746 2856 775 2906 et
788 2848 909 2907 materia
925 2855 1023 2925 egent.
1054 2846 1122 2920 Qui·

115 2934 178 2993 dam
202 2933 306 2993 civiles
326 2940 537 3010 quaeetcoues‚·
564 2949 685 3010 quorum
712 2933 810 3010 opinio
831 2947 889 2990 non
908 2929 1049 3009 qualitate
1070 2930 1124 2992 sed

114 3018 201 3078 modo
218 3018 336 3092 erravit,
355 3025 400 3076 est
415 3017 490 3076 enim
505 3016 578 3077 haec
593 3017 712 3077 materia
726 3015 889 3076 rhetorices
904 3014 957 3075 sed
973 3031 1031 3074 uon
1046 3013 1122 3076 sola.

115 3101 248 3175 Quidam,
267 3102 332 3178 quia
349 3102 439 3160 virtus
456 3102 493 3160 sit
507 3101 665 3176 rhetorice,
680 3101 828 3162 materiam
844 3102 906 3159 eius
923 3108 1016 3161 totam
1029 3101 1149 3170 vitaras

114 3193 231 3246 vocant.
269 3184 345 3260 Alii,
372 3186 439 3264 quia
466 3202 524 3245 non
553 3186 677 3245 omnium
697 3185 834 3244 virtutum
860 3185 980 3244 materia
1002 3184 1040 3244 sit
1061 3192 1123 3244 tota

113 3271 172 3331 vita
188 3269 241 3330 scd
257 3268 417 3348 pleraeque
432 3286 530 3330 earum
545 3278 699 3329 versentur
714 3267 898 3347 inpartibus,
915 3268 990 3328 siout
1004 3269 1123 3345 iustitia,

113 3352 272 3428 fortitudo,
295 3353 471 3413 continentia
495 3353 621 3432 propriis
643 3351 748 3413 officiis
764 3361 793 3412 et
810 3369 864 3412 suo
886 3352 942 3413 line
957 3352 1123 3430 intelligun-

114 3447 178 3499 tur:
208 3437 376 3498 rhetoricen
400 3454 518 3516 quoque
539 3437 637 3499 dicunt
656 3437 685 3496 in
704 3454 760 3497 una
785 3436 882 3516 aliqua
904 3447 988 3517 parte
1012 3454 1119 3516 ponen-
