2566 4026
329 377 372 458 u.
393 374 560 459 riorus
584 362 917 468 'oururrunuus

663 562 721 677 Η
791 561 835 677 0
904 566 961 678 N
1029 567 1061 681 1

644 762 664 809 0

612 763 635 808 U

182 563 594 681 TRYP

486 910 767 976 SALUTEM.

196 1256 384 1365 Efflagttesu
416 1288 561 1348 cotidiano
593 1290 746 1364 convicio,
783 1296 813 1348 ut
843 1287 951 1364 libros,
991 1306 1064 1366 quos
1093 1289 1128 1349 ad

113 1387 290 1448 Marcellum
315 1405 411 1446 meum
438 1386 473 1447 de
496 1387 678 1447 Institutione
704 1388 831 1446 oratoria
856 1387 1047 1465 scripseram,
1074 1389 1128 1446 iam

116 1487 253 1545 emittere
275 1484 447 1563 inciperem.
492 1483 565 1544 Nam
584 1484 649 1562 ipse
671 1501 723 1543 eos
745 1484 869 1544 nondum
892 1483 1033 1563 opinabar
1057 1486 1126 1544 satis

115 1585 308 1659 maturuisse,
332 1581 435 1660 quibus
452 1580 676 1659 componendis,
699 1590 730 1641 ut
751 1583 826 1658 scis,
848 1583 934 1661 paulo
956 1583 1021 1661 plus
1044 1600 1126 1660 quam

116 1682 264 1743 biennium
284 1691 328 1742 tot
348 1683 457 1760 alioqui
477 1684 604 1760 negotiis
624 1683 771 1742 districtus
792 1683 933 1762 impendi;
958 1683 1036 1761 quod
1054 1693 1123 1743 tem·

118 1799 170 1859 pus
194 1797 255 1840 non
277 1788 334 1839 tam
359 1779 426 1839 stilo
454 1797 538 1857 quam
563 1780 741 1858 inquisitioni
766 1782 886 1840 instituti
911 1782 1009 1858 operis
1032 1798 1125 1859 prope

117 1880 218 1940 iuiiniti
241 1887 272 1938 et
294 1878 428 1955 legendis
450 1878 637 1955 auctoribus,
662 1881 709 1957 qui
730 1888 795 1938 sunt
814 1877 1054 1955 innumerabiles,
1077 1879 1125 1939 da·

118 1986 173 2036 tum
194 1986 251 2037 est.
286 1975 364 2036 Usus
385 1975 488 2036 deiude
507 1976 618 2038 Horatii
640 1977 780 2054 consilio,
805 1977 852 2055 qui
873 1979 902 2036 in
924 1986 986 2036 arte
1007 1979 1151 2055 poeticas

117 2078 236 2154 suadet,
279 2095 316 2136 ne
344 2077 553 2155 praecipitetur
585 2078 672 2138 editio
704 2093 875 2156 uocumque
904 2086 1064 2154 prematur
1092 2079 1125 2139 io

117 2195 247 2252 oenum,
272 2173 375 2235 dabam
393 2174 428 2232 iis
445 2175 549 2250 otium,
562 2183 614 2252 ut,
635 2175 809 2253 refrigerato
825 2177 997 2235 inventionis
1015 2193 1123 2252 amore,

118 2272 288 2351 diligentius
312 2272 457 2350 repetitos
479 2280 614 2350 tanquam
635 2273 731 2335 lector
751 2274 973 2354 perpenderem.
1019 2273 1078 2333 Sed
1100 2276 1152 2337 si3

117 2379 272 2450 tantopere
296 2368 493 2446 efflagitautur
514 2388 599 2448 quam
623 2380 652 2431 tu
675 2371 818 2449 affirmas,
841 2374 1037 2451 permittamus
1058 2372 1124 2432 vela

120 2469 209 2528 sentis
233 2476 264 2527 et
286 2484 368 2526 oram
383 2466 564 2527 solventibus
583 2468 658 2529 hene
683 2486 846 2546 precemur.
891 2469 1010 2553 Multum
1030 2477 1124 2527 nutem

116 2567 212 2626 intua
235 2582 356 2644 quoque
378 2565 434 2625 fide
457 2584 492 2625 ac
514 2566 663 2644 diligentia
684 2567 809 2643 positum
831 2574 892 2641 est,
923 2574 953 2624 ut
974 2569 1003 2623 in
1022 2581 1121 2623 manuus

115 2663 259 2725 hominum
285 2681 370 2742 quam
392 2663 614 2724 emendatissimi
637 2664 764 2724 veniant.
