2566 4026
188 163 227 224 at
501 175 537 221 nn.
549 173 628 222 sna.
641 173 861 233 cornutorum

187 327 356 406 Quanquam
372 328 446 386 enim
460 329 623 387 rectissime
640 328 773 388 traditum
788 337 850 404 est,
869 328 1105 408 perspicuitatem
1120 343 1189 407 pro·

185 413 273 491 priis,
297 419 427 471 ornatum
441 410 586 471 translatis
608 411 706 471 verbis
726 414 818 488 magis
839 431 944 489 egere:
973 413 1097 472 sciamus
1119 411 1190 473 nihil

144 510 176 564 16
186 505 316 555 ornatum
334 512 418 571 esse,
435 495 513 573 quod
528 496 565 553 sit
579 496 775 574 improprium.
806 495 864 555 Sed
881 497 1035 556 cumidem
1052 496 1189 572 frequen-

145 651 146 654 ,
184 581 293 640 tissime
309 579 393 658 plura
413 578 592 655 significent,
613 579 690 657 quod
706 580 877 656 συνωνυμία
892 588 1028 640 vocatur:
1053 581 1109 639 iam
1124 588 1190 638 sunt

184 662 248 723 aliis
265 663 321 723 alia
332 661 517 737 honestiora,
533 660 718 737 sublimiora,
734 662 882 739 nitidiora,
899 663 1085 738 iucundiora,
1101 679 1189 722 voca·

184 747 268 809 liora.
302 744 374 806 Nam
389 755 420 805 ut
437 744 569 821 syllabae
586 764 602 804 e
622 746 726 806 litteris
743 744 845 805 melius
864 746 1032 807 sonantibus
1048 745 1189 806 clariores

185 839 264 891 sunt:
281 831 320 889 ita
336 829 427 890 verba
443 848 459 888 e
476 828 597 904 syllabis
613 831 704 906 magis
724 829 853 906 vocalia,
878 840 920 907 et,
940 847 997 909 quo
1015 831 1081 909 plus
1098 831 1189 907 quod·

184 933 242 994 que
257 915 374 993 spiritus
389 912 496 988 habet,
517 913 613 972 auditu
629 912 788 992 pulchrius.
811 912 867 990 Et,
884 915 962 992 quod
977 913 1047 974 lacit
1062 912 1188 988 syllaba-

183 1017 262 1073 rum,
281 997 357 1057 idem
371 997 526 1056 verborum
542 1012 659 1075 quoque
674 997 749 1056 inter
764 1014 797 1056 se
813 998 979 1076 copulatio,
1002 1006 1033 1057 ut
1049 996 1125 1056 aliud
1141 996 1189 1056 alii

142 1083 309 1146 lliunetum
337 1081 440 1142 melius
466 1088 560 1140 sonet.
603 1080 743 1141 Diversus
765 1089 859 1140 tamen
881 1100 960 1141 usus.
1008 1080 1080 1141 Nam
1101 1078 1188 1138 rebus

183 1165 331 1227 atrocibus
352 1165 442 1225 verba
465 1166 550 1224 etiam
571 1165 636 1243 ipso
655 1165 751 1224 auditu
771 1182 877 1244 aspera
891 1165 983 1242 magis
1004 1165 1187 1224 convenient.

184 1251 214 1311 ln
231 1251 395 1309 universum
411 1249 526 1327 quidem
542 1250 649 1327 optima
664 1248 835 1326 simplicium
853 1249 1025 1325 creduntur,
1049 1265 1124 1326 quae
1141 1255 1189 1306 aut

183 1334 307 1394 maxime
329 1333 491 1394 exclamant
512 1340 559 1392 aut
581 1349 654 1396 sono
677 1341 743 1392 sunt
759 1333 972 1393 iucundissima.
1015 1331 1052 1391 Et
1066 1331 1189 1391 honesta

185 1416 300 1496 quidem
316 1416 446 1497 turpibus
462 1417 578 1496 potiora
593 1434 709 1496 semper
723 1434 779 1477 neo
792 1416 916 1476 sordidis
932 1434 1055 1495 unquam
1076 1417 1105 1474 in
1121 1432 1189 1474 ora-

142 1504 263 1568 18tione
289 1501 400 1563 erudita
425 1500 519 1562 locus.
562 1498 648 1560 Clara
669 1500 719 1561 illa
748 1511 834 1579 atque
858 1500 991 1560 sublimia
1016 1499 1189 1578 plerumque

184 1589 323 1646 materiae
345 1585 431 1645 modo
456 1585 647 1646 discernenda
670 1594 744 1644 sunt.
791 1583 876 1657 Quod
899 1584 968 1644 alibi
994 1583 1188 1660 magnificum,

184 1668 320 1731 tumidum
333 1668 411 1728 alibi.
444 1667 482 1728 Et
497 1686 572 1748 quae
589 1668 705 1730 humilia
721 1669 798 1728 circa
809 1687 858 1728 res
874 1686 1009 1746 magnas,
1026 1676 1093 1745 apta
1111 1669 1189 1726 circa

183 1754 311 1812 minores
323 1753 465 1812 videntur.
505 1751 544 1812 Ut
559 1760 654 1812 autem
670 1754 699 1811 in
711 1754 842 1812 oratione
855 1752 943 1812 nitida
954 1750 1082 1811 notabile
1099 1751 1188 1810 humi·

184 1836 240 1898 lius
257 1834 378 1896 verbum
392 1845 422 1896 et
436 1835 517 1895 velut
530 1835 660 1895 macula:
682 1838 720 1896 ita
736 1854 752 1895 a
768 1854 902 1896 sermone
918 1838 996 1896 tenui
1010 1834 1132 1894 sublime
1148 1835 1189 1892 ni-

183 1919 330 1997 tidumque
357 1919 504 1980 discordat
524 1918 612 1997 fitque
635 1929 816 1998 corruptum,
843 1922 909 1999 quia
929 1922 958 1980 in
979 1919 1066 1999 plano
1088 1926 1187 1978 tumet.

144 2005 177 2060 19
186 2001 335 2076 Quaedam
349 2022 407 2064 non
422 2013 479 2064 tam
493 2005 606 2063 ratione
622 2022 706 2082 quam
721 2023 809 2064 sensu
824 2005 999 2065 iudicantur:
1016 2012 1046 2063 ut
1063 2001 1145 2079 illud,

392 2123 434 2135 —-
450 2085 551 2148 Caeca
564 2087 729 2167 lampabant
744 2090 874 2168 foedera
887 2107 996 2168 porca,

185 2172 256 2232 iecit
272 2171 393 2249 elegans
409 2172 487 2232 fictio
503 2172 641 2247 nominis,
659 2173 736 2250 quod
752 2172 895 2232 siluisset
910 2191 1022 2251 porco,
1041 2171 1099 2230 vile
1116 2178 1188 2230 erat.

184 2254 217 2316 ln
234 2256 402 2334 quibusdam
416 2256 489 2316 ratio
505 2255 656 2316 manifesta
672 2266 727 2316 est.
770 2255 910 2328 Risimus,
932 2264 961 2315 et
977 2256 1080 2314 merito
1096 2271 1189 2332 nuper

185 2349 317 2420 poetam,
336 2342 384 2419 qui
400 2341 512 2401 dixerat

331 2424 527 2486 Praetentura
541 2426 573 2484 ia
587 2426 665 2486 cista
680 2442 783 2485 mares
796 2442 902 2486 rosere
918 2421 1047 2486 Caruilii.

142 2508 222 2570 20At
236 2507 362 2585 Vergilii
378 2511 512 2568 miramur
527 2506 609 2583 illud,
868 2572 869 2575 Ἴ

462 2623 506 2638 -
521 2589 625 2670 Saepe
642 2591 773 2669 eatquas
791 2611 867 2653 mar.

183 2674 256 2736 Nam
272 2674 421 2755 epitheton
435 2677 566 2754 eoipaaa
580 2683 691 2753 aptum,
710 2677 859 2754 proprium
876 2674 989 2751 effecit,
1005 2692 1042 2733 ne
1055 2672 1121 2752 plus
1138 2692 1189 2733 er·

183 2767 386 2838 pectaremus,
404 2767 433 2818 et
445 2777 529 2819 casus
542 2758 696 2837 singularis
707 2761 799 2837 magis
814 2759 928 2834 decuit,
942 2766 971 2819 et
984 2758 1114 2818 clausula
1125 2760 1189 2836 ipsa

183 2845 267 2903 unius
283 2841 414 2918 syllabae
429 2860 487 2902 non
503 2845 607 2903 usitata
623 2841 732 2903 addidit
746 2845 877 2920 gratiam.
921 2841 1049 2902 Imitatus
1071 2851 1116 2901 est
1136 2843 1188 2901 ita·

185 2944 241 3004 que
259 2935 411 3005 utrumque
425 2925 572 3002 Horatius,

433 3043 475 3060 -ι
490 3009 646 3073 Nascetur
666 3011 819 3072 ridiculas
839 3028 916 3071 mue.

141 3092 247 3153 alueo
272 3093 405 3172 augenda
425 3113 542 3175 semper
565 3097 657 3155 oratio
684 3093 737 3154 sed
761 3091 960 3154 summittenda
986 3109 1189 3170 nonnunquam

185 3186 240 3236 est.
277 3177 342 3237 Vim
369 3178 457 3241 rebus
485 3178 639 3257 aliquando
665 3177 821 3237 verborum
841 3178 905 3256 ipsa
927 3176 1072 3237 humilitas
1093 3176 1187 3235 affert.

183 3258 245 3335 An,
267 3280 331 3321 cum
355 3262 423 3323 dicit
443 3264 472 3322 in
487 3263 622 3323 Pisonem
638 3259 759 3337 Gicero,
793 3257 868 3322 Cam
889 3261 944 3322 tibi
964 3269 1027 3322 tota
1050 3260 1190 3339 copaatr'o

182 3362 312 3406 serraco
332 3347 520 3424 advehatur,
544 3345 696 3407 incidissse
719 3342 832 3404 videtur
850 3345 880 3403 in
900 3344 1048 3404 sordidum
1067 3360 1188 3411 nomen,

181 3444 240 3487 non
261 3444 297 3487 eo
314 3438 508 3509 contemptum
529 3430 666 3506 hominis,
689 3445 774 3506 quem
792 3427 970 3488 destructum
983 3427 1116 3505 volebat,
1139 3444 1187 3486 au·
