2566 4026
396 165 835 236 msu.01esu0a.u1s.v1,1.
1056 160 1118 222 255

113 324 192 384 xime
209 321 238 381 iu
254 322 309 383 bac
328 330 413 400 parte
427 322 516 383 debet
530 339 668 381 crescere
688 324 796 393 oratio;
816 324 897 401 quia,
910 326 1047 404 quidquid
1062 345 1120 387 non

115 407 214 468 adiicit
229 405 392 484 prioribus,
416 407 502 466 etiam
526 405 681 466 detrahere
701 407 833 483 videtur,
857 417 887 467 et
906 407 994 469 facile
1020 411 1118 471 deficit

115 489 257 566 allectus,
280 493 328 570 qui
351 489 510 550 descendit.

199 572 266 634 Nou
285 574 379 634 solum
394 582 488 633 autem
511 574 633 633 diceudo
649 573 702 633 sed
724 576 808 634 stiam
832 575 1008 636 iaciendo
1030 589 1162 655 quae-30

113 658 180 720 dam
195 658 330 719 lacrimas
345 670 510 733 movemus,
530 658 652 718 undeet
674 659 838 736 producere
858 660 955 736 ipsos,
976 661 1023 739 qui
1042 664 1118 738 peri-

116 742 268 818 clitentur,
295 742 445 821 squalidos
473 750 560 820 atque
590 741 735 801 deformes
765 751 793 802 et
820 742 931 803 liberos
958 760 1057 802 eornm
1084 763 1119 806 ac

114 835 253 906 parentes
274 827 449 900 institutum,
474 835 504 884 et
524 826 559 885 ab
582 825 801 885 accusatoribus
821 835 969 887 cruentum
991 827 1117 905 gladium

115 909 231 970 ostendi
246 918 276 968 st
291 908 368 969 lecta
383 928 400 968 e
413 909 580 969 vulneribus
598 926 666 969 ossa
677 918 707 969 et
718 919 818 970 vestas
830 912 970 988 sanguine
983 911 1117 990 perfusas

113 994 262 1070 ridemus,
291 1002 320 1052 et
347 994 468 1053 vulnera
500 992 624 1068 resolvi,
658 993 813 1054 verberata
844 1012 969 1073 corpora
1005 997 1116 1056 nudari.

115 1074 243 1152 Quarum
257 1094 353 1136 rerum
368 1078 472 1155 ingens
496 1077 666 1155 plerumque
684 1079 728 1136 vis
745 1087 791 1138 est
809 1079 933 1138 velutin
951 1097 1012 1139 rem
1033 1097 1117 1157 prae·
1125 1091 1158 1145 31

114 1169 228 1221 sentem
253 1162 362 1220 animos
381 1161 524 1224 bominum
545 1162 724 1237 ducentium,
751 1172 781 1222 nt
798 1163 937 1240 populum
958 1161 1117 1223 Romanum

115 1246 176 1322 egit
200 1245 231 1303 iu
256 1243 385 1304 furorem
411 1253 563 1324 praetexta
592 1242 624 1304 C.
652 1242 788 1306 Caesaris
812 1245 942 1324 praelata
966 1249 994 1305 iu
1016 1246 1117 1305 iuuere

115 1337 244 1389 cruenta.
287 1328 443 1388 Sciebatne
456 1328 639 1388 interiectum
660 1347 739 1405 eum,
763 1346 869 1408 corpus
886 1329 1011 1407 denique
1024 1331 1117 1407 ipsum

114 1413 279 1490 impositum
298 1411 377 1472 lecto
396 1421 474 1487 erat,
499 1421 528 1471 at
548 1414 638 1472 vestis
653 1421 749 1472 tamen
768 1413 819 1473 illa
839 1414 978 1490 sanguiue
999 1412 1117 1472 madens

113 1498 153 1555 ita
172 1497 406 1573 repraesentavit
426 1497 577 1573 imaginem
603 1496 742 1572 sceleris,
767 1505 798 1557 ut
823 1513 880 1556 nou
907 1499 1023 1556 occisus
1050 1514 1117 1556 esse

115 1576 226 1640 Gaesar
242 1579 365 1639 sedtum
377 1581 500 1639 maxime
512 1579 606 1639 occidi
620 1580 777 1640 videretur.
822 1580 881 1640 Sed
896 1597 953 1640 non
968 1581 1034 1641 ideo
1049 1590 1160 1659 pro-32

113 1662 260 1738 barerim,
281 1663 359 1741 quod
373 1663 480 1723 iactum
498 1672 527 1723 et
542 1663 611 1740 lego
631 1667 739 1742 etipse
761 1665 915 1742 aliqnando
936 1666 1009 1740 vidi,
1036 1665 1116 1741 depi-

115 1755 191 1809 ctam
209 1746 305 1807 tabula
321 1765 408 1825 supra
423 1747 526 1806 lovem
542 1748 694 1824 imaginem
713 1749 772 1822 rei,
798 1750 878 1807 cuius
901 1751 1054 1808 atrocitate
1075 1750 1116 1806 iu-

114 1832 172 1894 dex
191 1840 254 1891 erat
269 1831 502 1891 commovendus.
548 1830 629 1903 Quae
648 1833 722 1892 euim
739 1840 784 1891 est
796 1833 904 1891 actoris
919 1832 1052 1908 infautia,
1069 1833 1117 1910 qni

113 1923 219 1975 mutam
241 1915 318 1975 illam
340 1915 468 1992 effigiem
490 1917 581 1991 magis
603 1934 687 1994 quam
712 1917 872 1975 orationem
898 1933 952 1993 pro
979 1934 1012 1974 se
1035 1924 1118 1993 putet

113 1996 297 2059 locuturam?
340 1997 380 2058 At
421 1998 524 2058 sordes
558 2007 587 2057 et
627 2000 794 2079 squalorem
827 2008 857 2059 et
891 1999 1160 2078 propinquorum33

114 2098 233 2162 quoque
248 2082 368 2142 similem
385 2081 512 2142 habitum
528 2084 589 2142 scic
605 2082 768 2160 proluisse,
786 2091 815 2143 et
835 2101 976 2160 magnum·
991 2086 1027 2146 ad
1041 2083 1116 2143 salu-

113 2176 172 2226 tern
193 2175 365 2227 momentum
387 2184 493 2244 preces
515 2165 656 2226 attulisse.
702 2166 799 2239 Quare
824 2175 855 2225 et
875 2166 1041 2226 obsecratio
1065 2166 1116 2226 illa

112 2251 239 2315 iudicum
257 2268 312 2328 per
327 2251 474 2311 carissima
492 2251 630 2327 pignora,
654 2251 753 2327 utique
775 2251 799 2308 si
815 2258 844 2308 et
863 2267 916 2309 rec
938 2260 1003 2309 snut
1021 2250 1115 2324 liberi,

113 2336 239 2411 coniux,
256 2342 409 2412 parentes,
426 2333 503 2393 utilis
520 2334 588 2399 erit:
612 2341 641 2391 et
656 2332 776 2392 deornm
793 2334 878 2392 etiam
904 2335 1051 2397 invocatio
1065 2350 1115 2391 ve·

112 2418 156 2479 lut
172 2436 211 2478 ex
228 2417 304 2479 bona
317 2419 494 2478 couscientia
507 2416 642 2493 prolecta
663 2417 755 2475 videri
778 2415 870 2485 solet;
894 2425 1013 2476 stratum
1037 2416 1115 2474 deni·
1123 2425 1159 2480 34

113 2519 172 2581 que
187 2505 286 2562 iacere
305 2511 335 2561 et
349 2519 445 2578 genna
464 2499 635 2578 complecti,
654 2500 747 2559 nisisi
767 2509 863 2558 tamen
876 2516 1001 2578 persona
1016 2515 1069 2557 uos
1086 2507 1116 2557 et

112 2595 247 2646 anteacta
273 2587 331 2646 vita
359 2594 389 2644 et
413 2585 456 2643 rei
484 2583 616 2643 condicio
642 2582 819 2661 prohibebit.
865 2583 1012 2656 Quaedam
1041 2583 1116 2641 enim

112 2679 171 2730 tam
187 2668 302 2729 fortiter
317 2669 422 2727 tuenda
438 2686 522 2745 quam
536 2666 612 2727 facta
627 2675 701 2725 suut.
745 2667 853 2727 Verum
865 2668 908 2726 sic
924 2665 1057 2725 babeuda
1072 2675 1117 2724 est

113 2754 294 2814 auctoritatis
309 2754 395 2827 ratio,
412 2768 448 2809 ne
460 2753 497 2810 sit
511 2752 603 2809 invisa
621 2751 772 2810 securitas.
805 2748 870 2808 Fuit
885 2748 1027 2828 quondam
1042 2751 1157 2814 iuter35

112 2837 304 2896 haecomnia
329 2836 576 2912 potentissimum,
600 2831 709 2911 quob.
732 2831 879 2892 Murenam
898 2830 1003 2892 cicero
1030 2851 1116 2893 accu-

114 2919 243 2979 santibus
266 2919 433 2979 clarissimis
455 2919 524 2977 viris
544 2919 687 2996 eripuisse
709 2917 868 2997 praecipue
895 2916 1025 2994 videtur,
1050 2934 1116 2995 per-

114 3004 281 3082 suasitque,
305 3002 375 3062 uibil
399 3019 466 3061 esse
492 3002 527 3061 ad
554 3009 739 3079 praesentem
765 3018 860 3062 rerum
887 3009 990 3062 statum
1019 3000 1116 3060 utilius

116 3104 200 3166 quam
215 3087 308 3165 pridie
331 3083 473 3145 Galeudas
495 3083 641 3146 lanuarias
662 3086 774 3163 ingredi
798 3085 985 3146 consulatum.
1032 3083 1116 3156 Quod

115 3188 209 3249 genus
231 3171 337 3229 nostris
360 3168 537 3249 temporibus
560 3178 650 3229 totum
674 3186 768 3249 paene
794 3169 936 3229 sublatum
962 3177 1024 3243 est,
1053 3185 1116 3227 cum

116 3257 210 3315 omnia
227 3272 314 3313 curae
330 3253 498 3332 tutelaeque
514 3256 596 3312 unius
616 3255 713 3314 innixa
736 3253 895 3331 periclitari
916 3251 995 3312 nullo
1019 3252 1116 3313 iudicii

116 3338 195 3399 exitu
213 3339 334 3416 possint.

200 3421 245 3482 De
261 3422 478 3482 accusatoribus
497 3430 526 3481 et
542 3423 600 3481 reis
616 3439 678 3481 sum
693 3421 825 3497 locutus,
847 3420 913 3500 quia
932 3421 961 3481 iu
978 3417 1157 3500 periculisbb
