2566 4026
389 161 479 210 insu.
502 161 651 211 onuuoa.
674 162 889 230 n1n.xr1,1o.
1066 151 1128 214 267

120 317 224 397 quibus
247 315 344 376 nullae
362 315 439 394 apud
456 333 508 376 eos
531 317 643 376 dulcius
666 318 792 396 spirant;
814 336 885 396 quas
906 321 1028 380 mutuari
1049 321 1127 381 solc-

118 420 198 479 mus,
223 401 357 480 quotiens
380 399 496 460 illorum
511 399 672 460 nominibus
688 402 802 461 utimur.
835 400 920 475 Quod
937 421 1001 462 cum
1018 407 1171 472 contin-28

118 487 176 563 git:
200 486 301 546 nescio
325 484 470 563 quomodo
492 484 613 546 hilarior
634 487 766 564 protinus
784 485 900 546 renidet
920 488 1031 563 oratio,
1055 497 1086 548 ut
1100 490 1129 548 in

117 571 259 650 Ephyres
286 578 315 628 et
337 567 498 650 Zephyris,
537 568 619 643 Quae
646 571 671 630 si
693 571 801 630 nostris
826 570 931 631 litteris
948 570 1127 632 scribantur:

119 655 237 714 surdum
265 653 398 733 quiddam
423 663 453 713 ει
474 652 627 714 barbarum
653 654 799 731 efficient,
828 663 858 714 et
879 655 962 715 velut
978 656 1011 715 -in
1032 656 1129 716 locum

119 757 219 799 earum
234 738 395 798 succedent
417 739 516 798 tristes
540 747 570 798 et
591 738 745 814 horridae,
774 738 877 817 quibus
897 737 1020 800 Graecia
1037 750 1126 801 caret.

117 823 192 883 Nam
209 832 239 883 et
254 823 320 898 illa,
344 840 419 903 qnae
444 832 489 882 εει
512 831 596 883 sexta
616 831 797 899 nostrarum,
822 841 916 902 paene
934 841 992 883 non
1007 824 1170 897 humanans

116 924 195 966 voce
216 906 265 967 vel
287 908 403 966 omnino
426 924 484 967 non
505 924 582 967 voce
604 909 701 986 potius
723 909 798 967 inter
822 906 986 969 discrimina
1003 908 1128 969 dentium

118 990 244 1052 efflanda
258 999 317 1060 est;
335 1009 421 1069 quac,
439 992 524 1052 etiarn
537 1009 601 1051 cum
612 991 746 1052 vocalem
757 992 889 1070 proxima
903 994 1009 1071 accipit
1021 1011 1128 1072 quassa

118 1075 348 1155 quodammodo,
374 1077 474 1154 utique
491 1076 625 1156 quotiens
641 1076 767 1154 aliquam
786 1085 993 1136 consonantem
1009 1076 1127 1155 frangit,

114 1168 149 1219 nt
164 1161 193 1218 in
207 1159 265 1220 hoc
282 1161 347 1239 ipso
362 1161 496 1239 sucepit,
512 1158 600 1219 multo
617 1160 648 1220 lit
663 1160 817 1224 horridior.
850 1160 993 1221 Aeolicae
1011 1177 1128 1241 quoque

113 1245 251 1320 litterae,
275 1261 331 1322 qua
352 1262 474 1305 scrotum
497 1263 679 1324 cervumque
701 1244 839 1321 dicimus,
864 1245 975 1305 etiamsi
996 1244 1088 1305 forma
1111 1263 1127 1306 a

117 1328 203 1388 nobis
221 1328 372 1406 repudiata
390 1337 452 1405 est,
475 1329 520 1388 vis
536 1336 632 1388 tamen
649 1345 703 1388 nos
718 1329 783 1407 ipsa
800 1329 998 1408 persequitur.
1032 1329 1171 1398 Durasao

118 1420 149 1472 et
164 1413 215 1473 illa
229 1411 357 1488 syllabas
373 1411 458 1488 lacit,
476 1431 551 1492 quae
567 1412 603 1473 ad
619 1412 834 1491 coniungendas
851 1412 964 1473 demum
980 1413 1127 1473 subiectas

118 1497 174 1557 sibi
195 1495 317 1557 vocales
342 1505 387 1556 cst
412 1497 506 1573 utilis,
531 1497 602 1557 alias
628 1515 828 1576 supervacua,
850 1506 881 1556 ut
906 1513 1000 1576 equos
1021 1497 1077 1558 hac
1099 1505 1128 1556 et

118 1598 228 1661 equom
244 1580 411 1650 scribimus;
430 1599 493 1641 cum
512 1583 597 1641 etiam
609 1582 692 1660 ipsae
707 1580 763 1641 hac
775 1581 896 1642 vocales
912 1581 987 1641 duae
1000 1581 1129 1642 efficiant

118 1682 238 1741 sonum,
261 1664 354 1743 qualis
371 1665 447 1744 apud
463 1663 594 1726 Graecos
612 1665 707 1725 nullus
724 1674 785 1741 est,
809 1666 937 1744 ideoque
955 1666 1045 1726 scribi
1061 1664 1126 1726 illo-

117 1767 181 1808 rum
196 1749 300 1811 litteris
317 1767 375 1809 non
391 1757 500 1828 potest.
531 1747 627 1823 Quid?
644 1750 722 1828 quod
737 1749 879 1829 pleraque
895 1766 949 1808 nos
971 1749 1022 1811 illa
1044 1751 1127 1830 quasi
1135 1763 1168 1818 31

117 1833 264 1910 mugiente
292 1833 389 1894 littera
414 1833 553 1894 cludimus
577 1832 621 1910 bl,
652 1853 707 1912 qua
736 1832 844 1893 nullum
869 1832 982 1895 Graece
1004 1833 1127 1893 verbum

118 1917 211 1980 cadit:
227 1917 312 1978 atilli
328 1936 367 1994 ny
389 1919 541 1979 iucundam
562 1927 592 1978 et
612 1920 640 1978 in
656 1918 713 1978 fine
729 1919 888 1997 praecipue
905 1919 988 1996 quasi
1004 1919 1125 1977 tinnien-

116 2012 177 2062 tem
192 2002 269 2061 illins
286 2001 355 2061 loco
373 2011 497 2080 ponunt,
522 2020 596 2081 quae
616 2012 661 2062 εει
677 2002 753 2081 apud
769 2020 823 2062 nos
838 2002 986 2062 rarissima
1002 2003 1031 2062 in
1047 2002 1125 2062 clau·

116 2085 200 2144 sulis.
239 2082 336 2158 Quid?
362 2087 440 2163 qnod
457 2085 588 2161 syllabae
604 2095 723 2147 nostrae
739 2088 767 2146 in
782 2087 805 2146 B
821 2086 946 2146 litteram
964 2095 994 2145 ει
1011 2086 1036 2146 D
1055 2088 1170 2157 inni-32

117 2176 215 2229 tuntur
230 2167 305 2228 adeo
322 2185 445 2246 aspere,
462 2179 492 2228 ut
508 2169 642 2249 plerique
657 2187 715 2230 non
731 2171 995 2248 antiquissimorum
1010 2170 1127 2248 quidem

118 2251 173 2312 sed
193 2260 289 2312 tamen
311 2261 442 2312 veterum
463 2252 578 2313 mollire
599 2257 804 2333 temptaverint
824 2272 883 2314 non
898 2253 992 2314 solum
1013 2272 1128 2315 occaso

118 2353 173 2416 pro
193 2337 336 2398 obversis
358 2337 481 2398 dicendo
499 2336 553 2397 sed
575 2346 605 2397 et
619 2339 648 2397 in
665 2339 884 2418 praepositione
901 2338 924 2397 B
942 2337 1058 2398 litterae
1075 2336 1125 2397 ab·

118 2438 219 2480 sonam
236 2429 265 2480 et
282 2422 375 2498 ipsam
393 2421 413 2480 S
437 2421 628 2483 subiiciendo.
667 2423 727 2484 Sed
745 2432 883 2484 accentus
906 2439 1040 2501 quoque,
1064 2437 1169 2492 cum33

117 2507 217 2582 rigore
239 2506 380 2583 quodam,
404 2514 462 2565 turn
485 2506 669 2567 similitudine
692 2508 772 2586 ipsa,
794 2509 885 2567 minus
910 2524 1016 2566 suaves
1036 2505 1126 2567 babe-

116 2608 195 2658 mus;
218 2589 285 2667 quia
306 2589 404 2650 ultima
427 2589 540 2666 syllaba
564 2609 619 2651 nec
643 2600 728 2652 acuta
749 2610 873 2671 unquam
902 2592 1044 2652 excitatur
1070 2609 1126 2650 nec

117 2673 195 2734 flexa
223 2674 446 2735 circumducitur
474 2675 528 2736 sed
553 2677 582 2735 in
604 2693 723 2754 gravem
751 2674 800 2735 vel
823 2676 894 2736 duas
917 2693 1025 2752 graves
1051 2675 1127 2735 cadit

118 2774 245 2835 semper.
285 2757 387 2836 ltaque
410 2767 489 2819 tanto
512 2768 558 2818 εει
581 2777 677 2819 sermo
697 2753 825 2820 Graccus
840 2759 941 2820 Latino
964 2760 1126 2832 iucundior,

117 2849 149 2900 ut
163 2842 255 2900 nostri
271 2850 395 2920 poetae,
412 2845 547 2921 quotiens
562 2843 648 2904 dulce
665 2862 781 2905 carmen
797 2862 865 2903 esse
880 2844 1041 2919 voluerint,
1061 2842 1125 2902 illo·

117 2943 180 2985 rum
201 2925 230 2985 id
251 2926 412 2986 nominibus
437 2938 588 2988 exornent.
625 2927 676 2987 llis
696 2928 746 2988 illa
769 2930 953 3007 potentiora,
978 2927 1057 3006 quod
1078 2939 1169 2994 resae

116 3008 258 3088 plurimae
282 3020 382 3070 carent
411 3011 675 3090 appellationibus,
699 3021 730 3072 ut
754 3030 804 3072 eas
829 3029 954 3072 necesse
974 3013 1010 3070 sit
1034 3020 1126 3072 trans·

117 3093 198 3154 lerre
225 3103 273 3153 aut
301 3096 467 3165 circumire;
496 3098 582 3157 etiam
606 3098 711 3173 iniis,
737 3115 812 3176 quae
839 3096 1022 3156 denominata
1051 3103 1125 3171 sunt,

118 3194 229 3236 summa
246 3188 403 3257 paupertas
420 3180 449 3239 in
472 3181 574 3241 eadem
596 3198 650 3240 uos
672 3180 906 3260 frequentissime
928 3179 1070 3248 revolvit;
1099 3187 1127 3240 at

117 3259 178 3321 illis
193 3276 251 3320 non
265 3262 422 3323 verborum
437 3264 540 3342 modo,
557 3265 611 3325 sed
625 3265 785 3342 linguarum
804 3266 889 3325 etiam
904 3265 980 3324 inter
995 3283 1028 3324 se
1044 3264 1112 3324 diue

117 3345 242 3405 rentium
257 3346 342 3424 copia
358 3356 413 3407 est.

206 3427 303 3501 Quare
319 3432 368 3508 qui
390 3449 406 3492 a
428 3432 536 3493 Latinis
557 3433 658 3513 exiget
678 3432 758 3495 illam
778 3433 899 3511 gratiam
916 3433 1058 3493 sermonis
1075 3431 1168 3494 rit-35
