2566 4026
168 150 229 212 246
482 156 845 218 u.unn.ournr1n1nu1
933 128 939 138 “

137 318 280 385 evidetur
295 316 323 374 in
339 316 529 394 possessione
544 333 641 374 earum
655 330 751 373 rerum
772 312 874 372 luisse.
902 309 975 370 Hinc
997 313 1093 372 etiarn
1115 313 1191 375 illud

168 411 231 477 est,
254 400 332 478 qaod
350 396 454 459 Cicero
474 398 607 477 pluribus
621 407 650 458 et
664 397 745 457 libris
766 405 794 454 et
815 394 949 474 epistolis
965 404 1120 473 testatur,
1146 399 1189 458 di·

168 484 252 546 cendi
273 483 441 544 facultatem
461 501 498 542 er
518 484 622 542 intimis
638 482 799 560 sapientiae
814 477 942 538 lontibus
958 478 1075 555 liuere,
1101 481 1174 541 ideo

167 586 224 648 que
256 568 430 646 aliquamdiu
453 576 664 646 praeceptores
688 564 807 625 eosdem
833 563 924 622 luisse
948 579 1066 624 morum
1094 574 1188 644 atque

167 651 291 713 dicendi.
330 650 517 729 Quapropter
537 652 612 711 haec
636 649 800 709 exhortatio
822 664 887 708 mea
902 663 961 706 non
980 664 1018 706 eo
1036 652 1186 726 pertinet,

165 746 196 796 ut
212 754 281 796 esse
298 745 444 794 oratorem
466 734 673 814 pbilosoplrum
688 734 792 808 velim,
815 731 928 812 quando
945 748 1005 790 non
1022 731 1087 793 alia
1104 735 1186 794 vitae

166 829 248 881 secta
273 819 390 896 longius
411 837 427 878 a
444 818 576 878 civilibus
593 819 698 879 ciliciis
716 826 803 896 atque
819 815 855 875 ab
878 818 954 875 omni
971 834 1099 876 munere
1116 835 1185 878 ora·

138 906 238 965 'ltoris
260 905 395 963 recessit.
434 901 506 962 Nam
527 905 591 982 quis
613 901 856 981 pbilosophorum
872 909 920 959 aut
935 902 965 959 in
984 900 1105 961 iudiciis
1122 901 1184 962 ire·

166 1006 259 1068 quens
281 996 328 1047 aut
351 986 447 1046 clarus
469 989 497 1046 in
521 986 703 1046 contionibus
720 981 793 1044 fuiti
822 984 893 1059 Quis
910 983 1038 1061 denique
1056 987 1086 1044 in
1103 987 1184 1064 ipsa,

166 1090 251 1151 quam
266 1073 390 1131 manime
405 1071 540 1150 plerique
556 1073 754 1149 praecipiunt,
778 1071 822 1129 rei
837 1067 972 1146 publicae
994 1068 1183 1130 administra-

166 1158 244 1215 tione
262 1164 396 1215 rersatus
415 1151 483 1214 est?
514 1154 603 1234 Atqui
620 1173 677 1232 ego
696 1154 794 1229 illum,
812 1171 897 1231 quem
915 1154 1052 1227 instituo,
1071 1153 1182 1214 Rorna-

165 1258 233 1299 num
255 1239 397 1317 quendam
416 1239 504 1298 velim
528 1257 595 1299 esse
619 1241 795 1319 sapientem,
822 1239 871 1315 qui
890 1253 949 1296 non
969 1239 1101 1297 secretis
1123 1239 1182 1298 dis·

165 1323 362 1402 putationibus
389 1324 443 1383 sed
468 1341 565 1383 rerum
593 1323 800 1403 experimentis
824 1331 912 1401 atque
940 1320 1083 1399 operibus
1106 1341 1183 1383 vere

136 1407 283 1469 servitem
298 1410 389 1467 virum
408 1407 555 1468 exhibeat.
586 1408 646 1468 Sed
661 1409 729 1486 quia
747 1407 866 1466 deserta
885 1405 920 1465 ab
936 1405 998 1480 bis,
1022 1407 1075 1482 qui
1090 1424 1128 1466 se
1145 1407 1182 1466 ad

167 1493 363 1571 eloquentiam
390 1492 590 1567 contulerunt,
612 1492 705 1552 studia
727 1491 889 1569 sapientiae
909 1507 966 1548 non
983 1490 1040 1548 iam
1062 1490 1092 1550 in
1110 1500 1181 1552 actu

167 1593 221 1636 suo
242 1585 328 1655 atque
351 1578 379 1635 in
401 1575 456 1635 bac
479 1577 535 1636 lori
557 1576 624 1637 luce
643 1584 795 1636 versantur
817 1575 869 1634 sed
892 1575 920 1633 in
940 1574 1074 1652 porticus
1098 1583 1131 1634 et
1152 1577 1180 1634 in

166 1661 314 1737 gymnasia
329 1661 469 1739 primum,
482 1677 551 1719 mox
565 1662 594 1719 in
612 1669 771 1720 conventus
787 1657 952 1719 scholarum
967 1668 1178 1719 recesserunt:

166 1744 212 1819 id,
230 1745 307 1822 quod
324 1753 370 1804 est
389 1746 499 1803 oratori
516 1746 714 1804 necessarium
730 1761 786 1804 nec
802 1761 819 1802 a
835 1743 950 1803 dicendi
970 1744 1178 1821 praeceptori-

167 1827 222 1887 bus
241 1828 381 1903 traditur,
401 1825 437 1886 ab
455 1828 492 1885 iis
506 1837 609 1906 petere
625 1829 754 1887 nimirum
773 1844 898 1887 necesse
921 1835 983 1901 est,
1004 1825 1084 1903 apud
1101 1843 1178 1905 quos

168 1912 320 1986 remansit,
338 1910 508 1971 evolvendis
521 1913 636 1991 penitus
652 1911 831 1987 auctoribus,
850 1910 950 1988 quide
966 1910 1073 1968 virtute
1088 1928 1177 1988 prae-

169 1995 292 2073 cipiunt;
324 2004 356 2053 ut
379 1996 504 2054 oratoris
526 1997 585 2056 vita
612 2014 675 2056 cum
696 1996 820 2056 scientia
837 1995 994 2055 divinarum
1014 2011 1118 2054 rerum
1141 1995 1178 2054 sit

138 2078 411 2157 9bumanarumque
432 2081 594 2140 coniuncta.
635 2080 719 2155 Quae
740 2081 823 2159 ipsae
852 2087 960 2159 quanto
984 2078 1115 2138 maiores
1143 2097 1178 2140 ac

167 2161 352 2242 pulchriores
367 2164 554 2240 riderentur,
574 2166 599 2224 si
615 2164 714 2225 illasii
731 2163 883 2239 docerent,
903 2163 952 2241 qui
970 2163 1058 2222 etiam
1074 2162 1177 2243 eloqui

167 2249 415 2326 praestantissime
431 2245 574 2327 possenti
594 2247 767 2326 Utinamquo
783 2247 820 2307 sit
834 2256 947 2326 ternpus
961 2263 1099 2324 unquam,
1118 2263 1177 2326 quo

167 2332 319 2410 perlectus
340 2332 463 2412 aliquis,
485 2333 600 2412 qualem
616 2341 769 2412 optamus,
799 2340 898 2391 orator
915 2331 989 2391 banc
1013 2339 1109 2390 artem
1130 2350 1177 2391 su·

167 2415 260 2495 perbo
276 2419 391 2477 nornine
415 2424 444 2476 et
465 2419 543 2477 vitiis
560 2417 738 2495 quorundam
756 2415 834 2476 bona
852 2417 914 2475 eius
930 2417 1176 2493 corrumpentium

166 2501 288 2559 invisam
303 2501 431 2561 vindicet
444 2501 499 2561 sibi
515 2520 561 2576 ac,
579 2501 660 2561 velut
674 2500 762 2560 rebus
778 2501 923 2578 repetitis,
942 2500 973 2558 in
985 2514 1096 2577 corpus
1114 2500 1176 2560 elo·

128 2585 304 2663 loquentiae
324 2585 458 2645 adducat.
493 2585 575 2660 Quae
596 2585 710 2664 quidem
731 2585 852 2644 comsit
874 2585 905 2644 in
923 2584 974 2642 tris
993 2580 1087 2642 divisa
1109 2601 1175 2662 par·

167 2676 230 2744 tes,
253 2667 477 2745 naturalem,
503 2669 694 2745 moralem,
715 2668 951 2730 rationalem:
980 2684 1037 2745 qua
1058 2667 1174 2727 tandem

167 2769 225 2812 non
241 2762 286 2812 est
302 2770 366 2812 cum
382 2754 507 2812 oratoris
523 2771 616 2832 opere
632 2750 804 2813 coniuncta?

252 2835 325 2897 Nam
340 2846 371 2896 ut
387 2836 516 2896 ordinem
531 2847 610 2897 retro
628 2855 757 2914 agamus,
772 2836 808 2897 de
824 2837 921 2897 ultima
939 2835 1004 2911 illa,
1020 2851 1098 2912 quae
1115 2842 1175 2894 tota

168 2929 301 2981 versatur
313 2921 342 2980 in
356 2921 471 2998 verbis,
488 2938 572 2981 nemo
589 2920 774 2997 dubitaverit,
790 2922 814 2980 si
831 2929 860 2981 et
875 2921 1074 2999 proprietates
1090 2918 1174 2978 vocis

169 3005 309 3083 cuiusque
333 3022 424 3065 nosse
445 3015 474 3065 et
500 3005 633 3083 ambigua
654 3007 771 3084 aperire
793 3014 822 3065 et
838 3004 982 3083 perplexa
1002 3004 1175 3064 discernere

169 3087 250 3149 etde
267 3089 351 3149 falsis
372 3090 500 3150 iudicare
521 3099 551 3150 et
567 3090 710 3167 colligere
731 3108 767 3149 ac
785 3089 959 3165 resolvere,
986 3104 1064 3167 quae
1086 3086 1174 3163 velis,

127 3180 315 3233 lloratorum
340 3183 397 3234 est.
430 3173 599 3253 Quanquam
614 3193 649 3234 ea
664 3183 793 3233 nontam
816 3183 862 3233 est
874 3176 981 3232 minute
998 3180 1087 3251 atque
1106 3188 1174 3232 con·

41 3260 46 3270 '
170 3257 231 3316 eise
247 3259 276 3317 in
292 3257 452 3318 actionibus
469 3259 604 3318 utendum
622 3276 706 3337 quarn
722 3259 750 3317 iu
765 3255 1016 3338 disputationibus,
1034 3257 1176 3335 quianon

169 3338 279 3399 docere
296 3343 382 3402 modo
395 3344 448 3404 sed
463 3360 584 3403 movere
597 3345 682 3403 etiarn
697 3359 732 3402 ac
748 3341 897 3402 delectare
916 3339 1068 3401 audientes
1085 3339 1176 3401 debet

170 3431 285 3500 orator,
312 3426 348 3485 ad
371 3428 449 3506 quod
470 3429 578 3506 impeto
604 3445 721 3508 quoque
747 3446 782 3488 ac
804 3425 913 3486 vinicus
937 3435 967 3485 et
992 3424 1108 3486 decore
1132 3434 1177 3485 est
