2566 4026
406 176 838 243 1rrsr.onnoon.o1o.vr,t.
1060 166 1121 229 249

120 335 263 411 omnibus,
278 335 326 412 qui
342 333 503 393 sollicitare
517 331 581 392 illas
598 339 709 391 aetates
729 331 836 407 solent,
846 332 1014 394 anteferret.
1045 333 1120 406 Qua-

119 428 243 500 propter
269 418 312 478 illi
335 417 447 492 dolori,
476 435 561 495 quem
585 434 622 474 ex
644 424 735 476 matre
763 417 870 494 optima
895 425 983 495 atque
1009 435 1122 479 omnem

120 504 236 565 laudem
254 519 447 580 supergressa
465 517 575 578 paucos
594 509 659 560 ante
678 518 793 560 meuses
810 518 962 578 ceperam,
978 503 1120 579 gratulor..

119 587 212 648 llinus
237 588 312 646 enim
341 596 401 661 est,
430 585 507 662 qood
540 584 663 644 flendum
688 601 753 643 meo
783 585 897 644 nomine
930 602 1016 663 qaam
1045 588 1122 665 quod

119 672 196 732 illius
220 670 402 748 gaudendum
425 679 479 729 est.
524 667 587 728 Una
609 668 771 746 posthaec
798 668 964 741 Quintiliani
986 671 1042 729 mei
1070 673 1152 749 spoli

119 774 153 817 ac
168 755 320 833 voluptate
338 753 461 828 nitebar,
478 763 506 812 et
521 761 637 830 poterat
652 752 789 813 sufficere
806 753 922 812 solatio.
966 752 1032 813 Non
1050 755 1124 814 enim

118 839 277 914 flosculos,
301 843 375 897 sicut
397 839 492 916 prior,
520 837 574 897 sed
594 839 650 896 iam
673 838 813 896 decimum
841 839 944 896 aetatis
972 840 1122 914 ingressus

118 941 239 1000 annum,
256 931 354 982 certos
373 940 408 981 ac
428 920 605 982 deformatos
629 920 740 980 fructos
763 920 940 981 ostenderat.
985 919 1053 982 loro
1070 927 1165 1000 perlt)

117 1007 193 1071 mala
209 1024 288 1082 mea,
305 1024 358 1084 per
372 1005 520 1065 infelicem
537 1005 761 1080 conscientiam,
780 1021 834 1083 per
848 1005 916 1065 illos
932 1023 1047 1081 manes,
1072 1024 1122 1065 nu·

73 1163 75 1167 ,
118 1092 195 1150 mina
210 1092 266 1150 mei
282 1090 410 1165 doloris,
428 1088 481 1150 has
497 1107 543 1149 me
558 1091 587 1148 in
601 1089 653 1149 illo
669 1088 778 1148 vidisse
792 1089 914 1148 virtutes
931 1090 1048 1166 ingenii,
1065 1105 1123 1149 non

117 1176 205 1235 modo
230 1174 266 1234 ad
291 1173 494 1252 percipiendas
528 1173 712 1251 disciplinas,
746 1189 802 1252 quo
828 1171 898 1232 nihil
928 1174 1123 1250 praestantius

118 1260 246 1336 cognovi
272 1257 393 1335 plurima
419 1266 574 1336 expertus,
601 1256 746 1335 studiique
772 1259 827 1316 iam
859 1265 917 1316 tum
944 1273 1002 1316 non
1028 1258 1123 1318 coacti

118 1342 230 1421 (sciunt
252 1344 479 1420 praeceptores)
502 1341 555 1400 sed
576 1340 745 1419 probitatis,
771 1341 905 1419 pietatis,
927 1340 1120 1417 humanitatis,

116 1425 315 1500 liberalitatis,
338 1434 369 1484 ut
386 1443 506 1503 prorsus
529 1435 632 1503 posset
652 1423 718 1484 bino
741 1443 809 1484 esse
826 1425 895 1485 tanti
921 1425 1047 1484 fulminis
1062 1444 1121 1485 me·

117 1517 180 1585 tus,
196 1509 274 1587 quod
288 1509 473 1569 observatum
489 1509 551 1569 fere
569 1518 627 1583 est,
651 1509 777 1569 celerius
798 1509 935 1568 occidere
959 1509 1122 1570 festinatam

116 1595 325 1667 maturitatem,
347 1602 378 1651 et
400 1611 468 1653 esse
488 1595 589 1653 nescio
612 1610 711 1670 quam,
734 1610 809 1670 quae
825 1610 894 1670 spes
910 1602 1003 1653 tantas
1018 1594 1121 1654 decer·

116 1686 181 1756 pat,
206 1677 355 1752 invidiam,
377 1694 414 1735 ne
433 1674 572 1737 videlicet
592 1676 685 1750 ultra,
707 1694 792 1754 quam
815 1677 922 1737 homini
947 1678 1042 1738 datum
1064 1687 1119 1754 est,

116 1769 217 1821 nostra
233 1760 438 1838 provehantur.
484 1760 578 1820 Etiam
592 1760 643 1819 illa
658 1759 775 1821 fortuita
786 1761 905 1821 aderant
921 1763 1025 1837 omnia,
1038 1763 1163 1822 vocisll

117 1845 278 1904 iucunditas
291 1844 482 1922 claritasque,
500 1846 559 1903 oris
578 1845 704 1904 suavitas
728 1853 756 1904 et
774 1847 802 1904 in
817 1854 995 1924 utracunque
1011 1844 1119 1923 lingua,

115 1938 252 2007 tanquam
275 1928 311 1987 ad
333 1946 396 1987 eam
418 1928 530 1987 demum
554 1936 636 1987 natus
666 1937 760 2002 esset,
784 1945 927 2007 expressa
955 1931 1120 2006 proprietas

116 2012 241 2072 omnium
258 2012 427 2071 litterarum.
473 2012 532 2071 Sed
548 2010 623 2071 baec
638 2028 708 2089 spes
724 2011 831 2081 adhuo;
849 2011 899 2072 illa
914 2014 1034 2088 maiora,
1052 2030 1120 2073 con-

115 2096 238 2170 stantia,
254 2097 398 2172 gravitas,
418 2104 519 2155 contra
537 2094 657 2155 dolores
674 2097 760 2156 etiam
771 2113 806 2156 ac
821 2105 913 2155 metus
926 2097 1024 2156 robur.
1048 2096 1120 2157 Nam

115 2196 174 2259 quo
189 2178 241 2239 ille
258 2181 368 2254 animo,
395 2197 450 2258 qua
471 2179 648 2239 medicorum
674 2179 861 2240 admiratione
888 2181 1027 2240 mensium
1051 2190 1120 2241 octo

115 2262 311 2324 valetudinem
326 2260 409 2322 tulit?
431 2272 462 2322 ut
476 2281 522 2322 me
537 2265 565 2321 in
583 2263 725 2340 supremis
750 2263 917 2324 consolatus
940 2261 1008 2323 est?
1036 2282 1120 2343 quam

116 2349 202 2407 etiam
228 2348 367 2407 deficiens
396 2348 509 2426 iamque
535 2364 592 2406 non
617 2355 718 2406 noster
745 2347 839 2424 ipsum
865 2347 946 2407 illum
974 2347 1120 2408 alienatae

115 2431 219 2491 mentis
239 2448 370 2492 errorem
389 2432 466 2492 circa
488 2431 566 2490 solas
588 2430 700 2490 litteras
722 2426 840 2490 babuit?
873 2429 989 2490 Tuosne
1010 2448 1085 2509 ego,
1102 2441 1162 2495 012

115 2533 199 2575 meae
215 2533 285 2594 spes
307 2516 425 2591 inanes,
449 2513 581 2575 labentes
608 2513 729 2590 oculos,
753 2523 832 2573 tuum
853 2513 1012 2591 fugientem
1035 2515 1118 2592 spiri·

115 2608 174 2658 tum
189 2597 272 2659 vidi?
309 2599 399 2660 Tuum
423 2616 530 2677 corpus
549 2598 683 2675 frigidum
706 2615 839 2675 exangue
863 2598 1033 2675 complexus
1061 2599 1119 2658 ani·

115 2701 189 2742 mam
206 2684 342 2761 recipere
364 2700 519 2761 auramque
542 2699 721 2742 communem
740 2681 856 2741 haurire
875 2680 997 2758 amplius
1017 2678 1124 2759 potuii'

113 2765 226 2843 Dignus
246 2766 291 2826 bis
310 2767 501 2843 cruciatibus,
519 2783 592 2844 quos
609 2765 684 2841 fero,
702 2765 805 2843 dignus
820 2764 864 2824 luis
881 2765 1114 2842 cogitationibus.
1173 2768 1177 2774 '

114 2848 195 2909 l'eue
216 2850 363 2910 consulari
384 2869 477 2928 nuper
499 2850 656 2928 adoptione
678 2849 714 2910 ad
739 2849 863 2909 omnium
884 2866 954 2927 spes
976 2847 1117 2909 honorum
1126 2856 1160 2912 1³

115 2936 195 3011 prius
223 2933 383 3010 admotum,
405 2943 434 2992 te
458 2934 601 2995 avunculo
625 2935 755 3012 praetori
775 2949 916 3011 generum
935 2933 1117 3008 destinatum,

115 3025 161 3092 te,
181 3018 305 3076 omnium
321 3035 408 3096 spes,
426 3019 610 3078 acutissimae
627 3018 814 3096 eloquentiae
830 3013 1032 3077 candidatum?
1064 3017 1117 3077 Su·

119 3109 234 3178 perstes
254 3119 361 3179 parens
387 3111 495 3162 tantum
517 3101 691 3179 poenas-i
735 3101 772 3162 lit
793 3102 818 3160 si
844 3116 901 3160 nou
919 3100 1024 3178 cupido
1043 3100 1118 3161 lucis

115 3194 196 3244 certe
211 3187 350 3263 patientia
364 3186 491 3245 vindicet
506 3194 535 3245 te
550 3184 664 3263 reliqua
682 3203 747 3245 mea
769 3192 874 3245 aetate.
919 3183 992 3244 Nam
1011 3185 1118 3245 frustra

113 3268 188 3328 mala
207 3270 301 3329 omnia
325 3269 360 3330 ad
381 3271 489 3329 crimen
509 3269 641 3329 fortunae
663 3269 838 3346 relegamus.
883 3266 976 3328 Nemo
995 3269 1050 3329 uisi
1065 3285 1117 3329 sua

115 3351 199 3431 culpa
217 3353 264 3414 diu
285 3353 374 3414 dolet.
420 3354 480 3413 Sed
495 3354 634 3429 vivimus,
652 3362 681 3412 et
697 3354 793 3432 aliqua
807 3352 923 3413 vivendi
937 3352 1012 3413 ratio
1029 3360 1160 3432 quae-tf

115 3436 204 3497 reuda
220 3447 275 3513 est,
298 3436 531 3517 credendumque
548 3436 722 3496 doctissimis
743 3435 923 3514 bominibus,
939 3436 988 3517 qui
1001 3438 1116 3498 unicum
