2566 4026
141 165 204 229 242
462 176 824 235 rs.ese.ou1nu1nmn1

143 352 201 414 que
219 334 247 394 ei
262 332 393 412 protinus
408 329 625 410 probationem,
642 330 729 409 quale
743 348 798 409 pro
813 330 941 409 Ligario,
960 330 1068 394 Caere
1080 342 1144 396 tuas

143 418 256 494 dudio,
278 415 360 494 pand
374 422 445 476 erat
455 415 577 492 ahquid
595 416 629 475 io
641 423 774 492 uaccae
784 423 894 494 purte,
916 417 1000 493 quod
1009 418 1144 494 probari

140 509 262 581 peraeta
274 518 357 560 cunc
370 499 476 559 melior
487 515 527 559 cc
535 499 709 559 iudicanda
720 507 775 574 ert,
790 515 883 576 pacm
895 501 987 561 οιίαιιι
997 501 1044 561 dii
1053 502 1142 562 ediu-

141 594 264 654 eercmt,·
283 582 372 643 habet
395 582 469 641 enim
491 583 632 641 rationem
658 591 689 640 et
711 583 957 661 propositionem,
978 583 1144 644 nonhabet

112 667 368 732 aconclnsionen.
418 664 461 725 lta
488 674 534 724 est
558 665 611 728 ille
635 664 825 742 imperfectus
850 665 1049 743 syllogismus.
1096 665 1144 727 ux

141 749 397 831 pugnantibus
413 765 502 825 vero,
519 749 597 828 quod
613 750 700 808 etiem
716 749 811 808 solum
827 749 1008 824 enthymema
1025 750 1143 829 quidam

140 844 263 911 vocant,
287 834 392 894 fortior
405 832 496 892 multo
516 831 651 910 probatio
670 841 725 891 est.
763 831 835 892 Tale
853 841 900 892 est
919 830 1072 893 Ciceronis
1086 849 1144 912 pro

140 917 264 979 Milone:
287 914 367 978 Eius
385 918 481 994 icitur
494 917 599 977 mortis
613 917 727 977 sedetis
743 917 872 991 ultores,
895 918 985 977 maius
1002 918 1144 993 nitcmci

113 1005 254 1082 spoletio
264 1020 325 1080 per
337 1019 392 1062 cor
405 1001 525 1062 restitui
539 1017 647 1077 posse,
667 1000 778 1060 solida
819 997 904 1072 Quod
924 999 1143 1078 quidem-etiam

141 1084 295 1164 aliquando
309 1083 494 1161 multiplicari
509 1081 603 1158 solet,
626 1091 658 1142 ut
677 1091 726 1141 est
746 1081 783 1142 ab
802 1083 907 1144 eodem
921 1091 952 1142 et
965 1100 1020 1162 pro
1037 1082 1143 1145 eodem

141 1186 193 1229 reo
211 1169 336 1230 laetum:
365 1164 461 1240 Quem
472 1167 568 1245 mitur
582 1184 652 1228 eum
666 1167 798 1227 omnium
812 1168 918 1246 pretio
934 1167 1047 1246 noluit,
1062 1167 1145 1230 hunc

140 1253 234 1314 coluit
254 1271 323 1314 cam
345 1253 519 1329 abacorum
545 1249 695 1327 querela?
721 1266 812 1328 quem
836 1251 924 1325 intre,
949 1266 1040 1327 quem
1064 1251 1144 1327 loco,

141 1352 230 1414 quem
243 1342 394 1415 tempore,
415 1350 505 1411 quem
520 1333 642 1412 impunc
655 1352 717 1394 coo
732 1341 777 1394 eat
791 1352 904 1407 curua,
919 1334 1001 1395 hunc
1014 1334 1144 1411 irriura'c,

140 1421 245 1498 iniquo
259 1420 342 1495 loco,
363 1419 467 1480 alieno
477 1425 628 1495 tempore,
649 1417 869 1496 comperiente
883 1419 996 1495 capitia
1006 1435 1070 1480 non
1084 1419 1144 1479 du-

113 1504 248 1569 lbr'tccit
261 1503 427 1564 cecidere?
456 1497 599 1578 Optimum
613 1509 709 1560 autem
722 1500 837 1561 videtur
853 1499 1075 1575 enthymematis
1091 1518 1144 1578 ge·
1185 1512 1187 1517 ·

140 1603 204 1660 nus,
223 1603 288 1645 cum
302 1586 331 1644 in
346 1583 548 1662 propositione
563 1582 694 1643 dissimili
709 1584 758 1644 vel
773 1585 919 1645 contraria
933 1585 1008 1644 ratio
1026 1582 1143 1645 subiun-

140 1669 227 1746 gitur,
243 1667 330 1748 quale
351 1675 396 1728 est
412 1665 634 1727 Demosthenis:
654 1665 723 1728 Noc
746 1669 842 1744 mam,
862 1669 892 1730 ei
905 1669 989 1746 .un
1007 1683 1144 1747 acquum

141 1760 249 1814 ccratrc
266 1752 350 1831 tepea
371 1758 474 1813 actum
498 1757 557 1826 est,
576 1751 671 1827 idque
690 1757 723 1811 iu
744 1771 777 1813 ea
797 1752 948 1828 muitetur,
970 1750 1094 1814 idcirco
1115 1758 1145 1812 te

141 1835 281 1897 consents
297 1852 400 1913 poeno
419 1833 568 1904 libercri5
588 1834 661 1911 quia
681 1853 699 1895 e
717 1836 873 1897 contrario
887 1833 1034 1896 damnari
1052 1834 1145 1897 oculto

141 1919 248 1998 mapin.
286 1914 368 1980 Nam
382 1926 431 1994 ut,
452 1918 482 1978 ai
495 1917 565 1995 quia
587 1935 692 1979 eorum
714 1915 880 1980 damnatus
895 1926 994 1994 earet,
1017 1924 1051 1980 tat
1065 1917 1143 1980 tcec

140 2002 404 2081 conscripsissent
414 2002 469 2078 itu,
482 2002 648 2063 damnatus
658 2008 690 2061 tu
699 2001 728 2060 e·
737 1998 845 2077 lucrm,
857 2020 917 2063 aon
926 2002 1043 2064 scribet
1051 2002 1143 2064 abur.

112 2098 129 2150 5
224 2084 532 2164 Epiohirematos
555 2094 584 2143 et
600 2092 735 2162 quattuor
752 2093 782 2143 et
796 2086 923 2164 quinque
939 2093 970 2147 et
987 2101 1043 2145 sex
1058 2085 1144 2144 etiam

141 2168 237 2229 laetae
254 2176 319 2228 sunt
333 2178 433 2247 partes
449 2186 465 2229 a
481 2167 660 2247 quibusdam.
689 2165 794 2227 Cicero
810 2169 934 2228 maxime
950 2169 1079 2248 quinque
1094 2168 1143 2227 de·

141 2251 248 2327 tendit,
276 2260 308 2312 ut
322 2253 359 2311 sit
376 2251 540 2331 propositio
565 2251 670 2312 deinde
689 2253 763 2311 ratio
786 2253 849 2311 eius
865 2261 923 2310 tnm
939 2251 1099 2329 assumptio
1116 2259 1145 2311 et

142 2336 204 2395 eius
219 2334 365 2414 probatio,
382 2337 480 2415 quinta
496 2335 677 2414 complexim
694 2337 761 2414 quia
776 2351 848 2396 vero
864 2335 978 2394 interim
993 2342 1144 2414 etpropo·

141 2420 207 2479 sitio
225 2428 380 2497 nonegeat
391 2421 511 2480 rationis
523 2427 552 2479 et
563 2418 721 2496 assumptio
734 2419 926 2497 probationis,
940 2433 1142 2498 nonnunquam

142 2503 228 2562 etiam
243 2502 448 2582 complexione
464 2519 538 2581 opus
552 2519 609 2561 non
624 2503 676 2561 sit:
699 2509 728 2560 et
740 2502 978 2581 quadripertitam
994 2510 1024 2561 et
1038 2503 1141 2579 triper-

114 2587 220 2651 stiram
236 2595 265 2646 et
280 2586 444 2664 bipertitam
460 2602 577 2664 qnoque
601 2584 664 2644 lieri
678 2601 769 2662 posse
785 2585 1044 2646 ratiocinationem.
1074 2583 1142 2644 hlihi

142 2678 171 2729 et
192 2669 323 2748 pluribus
343 2668 525 2729 nihilominus
549 2666 715 2728 auctoribus
737 2677 817 2727 tres
839 2687 977 2729 summum
997 2667 1142 2728 videntur.

140 2750 212 2812 Nam
232 2753 271 2812 ita
294 2770 328 2812 sc
350 2751 438 2812 habet
457 2753 513 2811 ista
543 2759 659 2824 natura,
681 2759 713 2810 ut
737 2752 789 2827 sit,
812 2751 850 2812 de
865 2768 924 2831 quo
941 2759 1100 2832 quaeratur
1115 2758 1143 2810 et

141 2853 195 2914 per
210 2835 288 2915 quod
304 2834 457 2914 probatum
483 2835 597 2894 tertium
619 2833 704 2894 adiici
726 2843 825 2912 potest
847 2835 929 2895 velut
944 2853 982 2895 ex
998 2851 1142 2895 consensu

142 2918 261 2978 duorum
279 2918 519 2978 antecedentium.
556 2917 598 2977 lta
620 2917 675 2976 erit
695 2918 786 2995 prima
807 2919 992 2994 intentio,
1013 2917 1142 2978 secunda

141 3002 359 3080 assumptio,
381 3001 467 3061 tertia
491 3000 686 3060 connexio.
733 2998 805 3060 Nam
829 3000 1009 3062 confirmatio
1032 3001 1143 3080 primae

141 3102 176 3144 ac
192 3084 337 3145 secundae
353 3085 443 3164 partis
459 3084 610 3144 exornatio
632 3091 661 3142 et
677 3083 786 3143 eisdem
802 3084 910 3144 cedere
925 3092 1064 3163 possunt,
1081 3083 1141 3164 qui·

111 3167 197 3232 ibus
213 3167 408 3229 subiiciuntur.
446 3168 595 3245 sumamus
619 3167 693 3226 enim
714 3184 752 3226 ex
768 3165 913 3228 Cicerone
935 3169 1062 3247 quinque
1077 3184 1142 3245 par·

141 3252 210 3310 tium
227 3252 405 3331 exemplum:
427 3248 537 3313 Melius
558 3250 770 3328 pubescentes·
783 3269 837 3327 ec,
854 3268 935 3330 quae
950 3252 1076 3314 coasilio
1092 3268 1141 3311 re-

138 3342 256 3412 putatur
281 3352 372 3414 quam
396 3351 476 3413 quac
506 3334 572 3394 aine
598 3333 721 3395 consilio
750 3332 1015 3396 administrantem
1062 3332 1142 3393 llanc

141 3417 260 3494 primam
277 3428 388 3498 partem
404 3425 566 3485 numerant;
590 3434 652 3476 eam
675 3416 814 3498 deinceps
833 3417 992 3479 rationibus
1008 3417 1097 3477 variis
1113 3421 1142 3476 et
