2566 4026
154 143 213 207 152
473 157 509 203 a.
522 155 600 204 aaa.
614 155 834 216 opinaremur

152 327 221 372 vero
237 310 304 371 milri
321 309 499 370 Domitianus
522 309 671 387 Augustus
691 313 802 370 sororis
823 328 894 371 snae
917 286 1054 393 nepotum
1071 316 1151 378 dele·

149 396 263 474 gaverit
284 411 398 469 curam,
424 409 481 452 non
497 395 567 453 satis
582 393 722 453 honorem
736 394 906 455 iudiciorum
922 398 1094 460 coelestium
1109 403 1151 461 in-

150 479 296 556 telligam,
324 479 379 536 nisi
407 494 444 536 ex
465 475 523 537 hoc
541 478 637 536 oneris
656 494 772 556 quoque
792 480 1016 555 magnitudinem
1036 486 1150 545 metiar.

121 562 220 636 aQnis
237 562 311 621 enirn
323 561 391 621 milri
413 569 461 620 aut
480 577 576 620 mores
599 561 752 620 excolendi
774 563 811 621 sit
828 562 946 641 modus,
969 576 999 626 ut
1020 585 1073 627 eos
1095 586 1152 628 non

149 647 289 706 immerito
304 645 472 723 probaverit
487 645 684 705 sanctissimus
704 642 832 705 censor?
855 656 903 706 aut
917 650 1029 726 studia,
1055 670 1092 710 ne
1108 652 1151 711 le-

149 729 262 789 lellisse
278 729 306 788 in
321 728 364 787 luis
377 729 478 788 videar
494 729 654 807 principem
669 736 699 787 ut
715 730 744 787 in
758 728 889 789 omnibus
911 733 950 792 ita
965 735 993 792 in
1009 734 1152 814 eloquen-

120 815 188 878 stin
206 829 323 892 quoque
344 808 616 872 eminentissimum?
651 810 763 885 Quodsi
784 830 869 872 nemo
891 817 1024 894 miratur,
1047 828 1152 897 poetas

150 897 289 956 maximos
308 913 398 974 saepe
415 896 541 972 iecisse,
561 904 592 955 ut
611 912 669 954 non
684 895 778 955 solum
795 898 882 956 initiis
898 915 1020 977 operum
1034 918 1152 961 suornm

149 979 245 1041 llnsas
268 982 438 1040 invocarent
459 979 511 1040 sed
531 979 664 1058 provecti
680 996 798 1058 qnoque
814 979 947 1059 longius,
970 1002 1034 1043 cnm
1049 986 1084 1045 ad
1101 986 1151 1045 ali·

150 1081 234 1143 quem
250 1065 415 1141 graviorem
436 1065 584 1124 venissent
603 1063 716 1139 locum,
738 1073 907 1142 repeterent
926 1076 994 1127 rota
1022 1077 1050 1127 et
1071 1069 1152 1128 velut

121 1159 224 1211 encra
249 1150 419 1226 precatione
444 1157 610 1207 uterentur:
642 1146 709 1206 mihi
738 1163 855 1226 quoqne
884 1151 1019 1228 profecto
1043 1153 1152 1230 poterit

149 1232 273 1309 ignosci,
292 1234 327 1308 si,
344 1231 420 1310 quod
436 1233 526 1308 initio,
543 1248 600 1310 quo
615 1231 735 1309 primurn
750 1229 824 1291 hanc
840 1236 989 1295 materiam
1005 1235 1150 1310 inchoavi,

150 1331 207 1375 non
222 1315 368 1392 feceram,
384 1335 461 1376 nunc
476 1332 575 1375 ornnes
593 1316 621 1374 in
638 1313 775 1374 auxilinm
791 1315 863 1376 deos
878 1318 1032 1397 ipsumque
1048 1320 1077 1378 in
1093 1320 1151 1397 pri-

149 1399 213 1474 mis,
230 1415 287 1478 quo
303 1417 400 1479 aeque
414 1400 596 1478 praesentius
609 1397 686 1458 alind
701 1415 757 1458 nec
772 1400 874 1460 studiis
887 1404 979 1480 magia
995 1404 1153 1480 propitium

149 1499 254 1542 numen
268 1491 328 1558 est,
346 1484 493 1551 invocem
509 1492 555 1557 ut,
578 1491 711 1560 quantum
731 1481 816 1541 nobis
839 1487 1052 1563 expectationis
1074 1486 1151 1546 adie-

150 1566 206 1639 cit,
223 1573 330 1625 tantum
344 1567 451 1643 ingenii
467 1567 592 1644 aspiret,
616 1565 778 1643 dexterque
792 1583 827 1627 ac
842 1567 946 1628 volens
962 1570 1033 1629 assit
1049 1579 1078 1628 et
1093 1588 1150 1646 me,

150 1647 266 1727 qualern
283 1665 351 1708 esse
366 1650 503 1724 credidit,
520 1648 617 1709 iaciat.

119 1738 138 1796 6
233 1729 320 1792 Guins
332 1732 401 1792 'milri
416 1732 566 1810 religionis
584 1749 641 1792 non
655 1732 729 1793 haec
746 1735 916 1810 coloratio,
940 1751 1014 1813 quae
1029 1738 1153 1796 maxima

150 1824 212 1887 est;
231 1815 284 1878 sed
302 1815 410 1895 alioqui
429 1818 471 1877 sic
483 1817 617 1895 procedit
632 1818 725 1896 ipsum
741 1834 826 1896 opus,
839 1827 870 1877 ut
884 1820 993 1877 maiora
1008 1821 1150 1895 praeteri·

149 1903 186 1962 tls
205 1919 241 1963 ac
256 1904 348 1980 magis
364 1901 452 1962 ardna
467 1902 538 1976 sint,
561 1918 636 1978 quae
656 1901 814 1979 ingredior.
854 1902 992 1980 Sequitur
1008 1903 1098 1977 enim,
1121 1911 1152 1961 ut

149 1985 381 2046 iudicialium
414 2002 629 2060 causarum,
664 2002 737 2063 quae
764 1995 829 2044 sunt
855 1986 977 2045 maxime
997 1987 1096 2046 variae
1117 2003 1153 2044 ac

148 2069 341 2148 multiplices,
369 2070 441 2131 ordo
469 2068 649 2147 explicetur:
678 2069 755 2147 quod
778 2070 927 2152 Q
943 2070 980 2128 sit
1013 2069 1151 2144 oillciunr,

150 2170 225 2231 quae
241 2154 314 2213 ratio
329 2152 479 2230 narrgdni,
503 2171 577 2231 quae
596 2152 904 2240 prm-atienamfides,
932 2171 985 2212 seu
1001 2146 1152 2231 proposita

151 2232 350 2296 eonllrinamns
368 2236 430 2296 siie
449 2245 548 2296 contra
565 2236 641 2297 dicta
657 2237 853 2312 dissolvimus,
870 2237 1030 2315 quantavis
1043 2237 1154 2319 inp-ey

145 2319 280 2403 *oram
303 2338 356 2380 sen
377 2321 535 2381 reficienda
551 2319 634 2380 brevi
649 2321 825 2399 repetitione
839 2338 934 2380 rerum
954 2325 1092 2381 memoria
1108 2328 1154 2379 est

150 2404 252 2464 iudicis
267 2403 330 2463 sive
347 2404 468 2464 allectus
485 2404 580 2484 (quod
598 2414 643 2464 est
657 2405 746 2482 longe
763 2405 1008 2484 potentissimum)
1027 2420 1151 2464 eommo-

122 2487 245 2557 7vendi.
297 2486 342 2548 De
366 2488 468 2567 quibus
489 2487 618 2568 partibus
639 2484 760 2566 singulis
783 2488 896 2566 quidam
912 2490 1067 2566 separatim
1082 2487 1152 2546 scri·

150 2571 222 2631 bere
237 2572 400 2632 maluerunt
414 2571 494 2632 velut
510 2589 582 2632 onus
597 2574 685 2632 totius
700 2573 833 2649 corporis
846 2572 948 2645 veriti,
972 2580 1002 2629 et
1023 2572 1066 2629 sio
1082 2586 1153 2646 quo-

152 2672 207 2732 qne
230 2655 395 2734 complures
422 2656 458 2715 de
480 2673 650 2734 unaquaque
672 2673 769 2715 earum
785 2654 876 2714 libros
893 2651 1043 2712 ediderunt
1050 2673 1057 2719 ;
1081 2668 1151 2727 quas

152 2755 208 2815 ego
231 2756 331 2798 omnes
347 2757 433 2798 ausus
450 2748 608 2798 contexere
624 2756 718 2819 prope
738 2737 875 2796 inlinitum
893 2734 1023 2795 laborem
1037 2734 1150 2811 prospi-

152 2823 198 2882 cio
222 2831 251 2882 et
272 2824 335 2901 ipsa
352 2823 528 2900 cogitatione
545 2820 676 2901 suscepti
692 2822 816 2880 muneris
830 2820 945 2895 fatigor.
977 2815 1036 2875 Sed
1049 2816 1151 2876 duran-

152 2904 217 2965 dum
244 2914 306 2982 est,
334 2907 399 2983 qnia
423 2907 589 2984 coepimus,
618 2915 648 2965 et
672 2908 697 2964 si
724 2902 832 2963 viribus
854 2900 1038 2975 deridemur,
1060 2901 1152 2959 animo

151 2996 247 3049 tamen
262 2989 517 3068 perseverandum.

546 3141 590 3190 Da
607 3136 763 3190 EXORDIO.

236 3235 259 3297 Ι.
297 3237 382 3312 Quod
400 3239 629 3317 principium
651 3235 749 3294 Latine
764 3233 813 3292 vel
833 3231 1023 3291 exordium
1039 3230 1155 3304 dicitur,

152 3320 260 3381 maiore
276 3321 398 3400 quadam
414 3323 525 3380 ratione
542 3319 646 3380 Graeci
664 3316 798 3376 videntur
808 3313 963 3392 προοίμιον
974 3316 1154 3379 nominasse;

154 3405 220 3484 qnia
236 3420 252 3463 a
267 3405 373 3464 nostris
388 3405 497 3465 initium
511 3401 597 3463 modo
619 3399 814 3476 significatur,
835 3395 877 3456 illi
899 3398 969 3456 satis
992 3396 1072 3457 clare
1088 3411 1152 3473 par·
