2566 4026
358 157 447 204 rnsr.
465 156 614 205 oxnuon.
632 157 701 205 nra.
719 158 756 223 v,
773 156 815 208 lo.
831 157 873 209 11.
1056 145 1116 209 221

117 322 236 375 tractus.
281 309 369 386 Nam,
398 327 472 388 qnae
493 310 607 388 priores
624 309 767 372 beneflcio
785 312 892 388 ingenii
910 312 1025 390 singula
1038 314 1117 375 inve·

116 405 237 471 nerunt,
264 394 348 454 nobis
376 402 404 452 et
425 410 483 452 non
509 402 573 453 sunt
594 394 766 471 requirenda
788 404 817 454 et
836 403 904 454 nota
924 405 989 456 sunt
1013 399 1116 458 omnia.

118 481 178 542 Sed
196 496 255 539 non
273 478 365 554 magis
380 477 438 537 hoc
452 485 497 536 sat
513 486 574 552 est,
598 495 682 556 quam
699 477 873 556 palaestram
888 477 1041 556 didicisse,
1063 483 1118 541 nisi

118 581 226 642 corpus
246 560 471 636 exercitatione,
497 561 685 636 continentia,
708 562 796 637 cibis,
824 569 890 621 ante
905 563 1000 623 omnia
1017 573 1117 624 natura

115 651 240 722 iuvatur,
259 646 333 705 sicut
347 652 447 703 contra
463 662 499 703 ne
514 643 564 703 illa
578 643 692 722 quidem
707 646 776 705 satis
791 645 854 705 sine
868 654 931 706 arte
944 647 1114 724 profuerint.

114 731 191 793 lllud
216 746 332 808 quoque
353 726 474 787 studiosi
495 726 678 805 eloquentiae
701 730 847 805 cogitent,
873 745 968 806 neque
987 731 1176 794 omnihusldi

115 816 145 874 in
161 815 273 889 causis,
296 829 371 890 quae
386 810 660 886 demonstravimus,
684 821 786 872 cuncta
801 830 891 892 posse
907 815 1044 891 reperiri;
1067 833 1117 874 ne·

117 917 191 977 qne,
220 915 285 957 cum
306 895 456 974 proposita
477 895 565 954 luerit
584 895 703 955 materia
725 895 855 972 dicendi,
886 896 1039 957 scrutanda
1063 898 1119 957 sin·

115 982 185 1060 gula
201 990 231 1040 et
246 979 327 1040 velut
342 978 467 1038 ostiatim
482 976 639 1056 pulsanda,
662 987 692 1037 ut
707 979 814 1055 sciant,
838 998 873 1040 an
888 978 924 1040 ad
941 979 1119 1058 probandum

115 1065 159 1141 id,
183 1063 261 1143 quod
278 1063 466 1137 intendimus,
486 1061 562 1120 forte
577 1062 789 1139 respondeant,
812 1064 867 1122 nisi
884 1080 948 1123 oum
962 1063 1074 1123 discunt
1090 1072 1120 1123 et

115 1148 210 1208 adhue
225 1165 279 1206 usu
296 1154 404 1206 carent.
449 1144 589 1204 lniinitam
608 1146 681 1204 enirn
696 1145 785 1206 iaciat
798 1147 863 1225 ipsa
876 1146 1049 1207 resdioendi
1061 1156 1176 1208 tar-123

116 1232 250 1305 ditatam,
274 1231 299 1288 si
314 1246 431 1308 semper
445 1246 569 1288 necesse
584 1230 636 1304 sit,
660 1236 691 1287 ut
706 1237 879 1307 temptantes
895 1231 1117 1310 unumquodque

116 1332 233 1390 corum,
258 1312 335 1392 quod
356 1315 393 1372 sit
413 1321 509 1390 aptum
526 1320 612 1389 atque
629 1313 803 1372 conveniens
819 1312 998 1392 experiendo
1013 1331 1117 1373 nosca-

115 1416 194 1467 mns;
216 1397 334 1472 neseio,
353 1414 389 1456 an
405 1396 489 1455 etiam
505 1394 709 1472 impedimento
725 1395 820 1457 lutura
836 1398 907 1472 sint,
925 1398 980 1456 nisi
992 1406 1021 1457 et
1033 1398 1118 1458 anoni

116 1481 259 1560 quaedam
282 1480 408 1557 ingenita
429 1488 529 1538 natura
545 1487 574 1537 et
590 1479 684 1539 studio
702 1481 862 1541 exercitata
876 1479 1019 1541 velocitas
1037 1489 1117 1541 recta

114 1583 169 1625 nos
185 1565 222 1626 ad
238 1582 289 1639 ea,
313 1580 387 1641 quae
406 1563 579 1621 conveniunt
600 1580 721 1640 causae,
746 1564 850 1624 ierant.
894 1562 982 1639 Nam,
1003 1573 1034 1624 ut
1051 1582 1116 1625 ean·
1126 1570 1176 1622 124

114 1659 160 1708 tus
175 1649 258 1708 vocis
276 1647 427 1725 plurimum
448 1647 526 1705 iuvat
543 1647 653 1707 sociata
669 1663 823 1707 nervorum
840 1647 1012 1716 concordia;
1036 1649 1062 1708 si
1076 1657 1117 1708 ta·

115 1750 181 1792 men
196 1730 305 1791 tardior
321 1747 437 1805 manus,
457 1731 511 1788 nisi
526 1730 664 1808 inspectis
680 1730 883 1809 demensisque
898 1731 1036 1808 singulis,
1056 1732 1117 1809 qui-

114 1816 169 1876 bus
185 1832 319 1894 quaeque
339 1830 399 1873 vox
420 1812 522 1873 fidibus
537 1813 681 1890 iungenda
696 1815 748 1890 sit,
769 1813 896 1890 dubitet,
919 1816 1015 1893 potius
1031 1815 1118 1875 luerit

115 1917 183 1960 esse
200 1906 365 1958 contentum
381 1912 434 1972 eo,
458 1896 534 1974 quod
550 1898 675 1976 simplex
690 1898 811 1959 canendi
826 1907 927 1958 natura
942 1898 1055 1958 tulerit:
1078 1899 1118 1957 ita

113 1982 278 2043 huiusmodi
297 1980 465 2060 praeceptis
486 1979 575 2040 debet
592 1981 706 2059 quidem
725 1991 822 2060 aptata
845 1999 913 2042 esse
934 1991 964 2041 et
990 1981 1117 2042 citharae

113 2067 201 2127 modo
224 2067 331 2125 intenta
351 2065 425 2124 ratio
447 2062 609 2133 doctrinae;
640 2064 691 2125 sed
713 2065 770 2126 lroc
794 2065 1004 2126 exercitatione
1029 2065 1175 2125 multa125

114 2149 368 2228 consequendum,
386 2156 432 2223 ut,
452 2148 688 2226 quemadmodum
703 2147 818 2209 illorum
834 2148 990 2225 artificum,
1007 2149 1119 2209 etiamsi

114 2234 173 2295 alio
198 2241 347 2312 spectant,
379 2249 478 2290 manus
500 2240 595 2290 tamen
618 2233 682 2310 ipsa
707 2232 916 2292 consuetudine
939 2230 975 2292 ad
999 2250 1118 2310 graves,

114 2325 233 2393 acutos,
256 2314 368 2376 medios
384 2314 484 2374 horum
502 2331 591 2373 sonos
602 2315 709 2374 fertur:
730 2316 773 2374 sio
785 2316 909 2376 oratoris
922 2317 1118 2392 cognitionem

113 2401 184 2461 nihil
199 2408 329 2460 moretur
345 2398 419 2458 haee
434 2397 561 2457 varietas
578 2406 810 2475 argumentorum
825 2408 854 2458 et
871 2399 956 2475 eopia
972 2398 1024 2458 sed
1037 2399 1118 2476 quasi

113 2484 219 2544 oilerat
240 2502 273 2543 se
298 2490 327 2542 et
349 2490 499 2556 occurrat,
526 2489 570 2556 et,
598 2490 629 2540 ut
646 2480 761 2541 litterae
778 2481 969 2558 syllabaeque
987 2481 1116 2540 scriben-

112 2571 182 2628 tium
205 2566 409 2645 cogitationem
425 2582 483 2624 non
500 2566 634 2642 exigunt,
657 2565 700 2623 sie
715 2565 855 2625 rationem
872 2571 977 2644 sponte
996 2563 1115 2642 quadarn

113 2660 280 2730 sequantur.

500 2802 544 2850 DE
562 2798 735 2850 EXEMPLIS.

198 2895 249 2955 ΧΙ.
294 2896 421 2956 Tertium
442 2914 534 2973 genus
551 2897 655 2972 exiis,
679 2914 753 2974 qnae
770 2896 952 2957 extrinsecus
970 2893 1115 2955 adducun-

113 2989 159 3039 tur
175 2980 205 3038 in
221 2997 351 3050 causam;
372 2979 475 3041 Graeci
490 2988 596 3039 vocant
616 2972 868 3058 παράδειγμα,
887 2997 944 3057 quo
960 2978 1075 3038 nomine
1087 2987 1117 3038 et

112 3063 292 3141 generaliter
314 3065 358 3123 usi
382 3072 447 3123 sunt
470 3065 498 3124 in
514 3064 589 3122 omni
607 3063 737 3123 similium
753 3063 937 3141 appositione
956 3071 985 3123 et
1002 3062 1115 3140 specia-

113 3146 181 3207 liter
201 3146 296 3223 iniis,
322 3165 398 3225 qnae
413 3165 508 3207 rerum
523 3157 671 3225 gestarum
686 3148 858 3207 auctoritate
878 3147 1012 3207 nituntur.
1057 3144 1115 3206 No·

113 3231 165 3289 stri
182 3231 247 3290 iere
263 3231 475 3291 similitudinem
490 3231 589 3291 vocari
607 3231 782 3305 maluerunt,
805 3229 881 3308 qnod
896 3230 932 3290 ab
948 3229 1005 3290 illis
1020 3249 1116 3308 raupa-

112 3305 187 3392 βολὴ
200 3313 314 3390 dicitur,
332 3313 453 3374 alterum
464 3313 640 3392 exemplum,
658 3332 818 3393 quanquam
832 3322 860 3372 et
875 3312 933 3375 hoc
947 3314 1040 3374 simile
1055 3322 1114 3382 est;

111 3397 184 3458 illud
200 3398 375 3476 exemplum.
420 3396 499 3474 Nos,
524 3414 580 3478 quo
597 3398 711 3460 facilius
728 3398 910 3477 propositum
925 3397 1141 3478 explicemus,2
