2566 4026
179 173 242 236 264
508 185 545 232 n.
556 185 635 232 uns.
652 185 873 245 oumnrnmru

181 339 342 402 efficiendis
357 341 461 401 melior
474 341 581 401 artifex
596 339 739 416 creditur,
762 341 791 400 in
813 339 904 401 ebore
921 358 996 400 vero
1013 341 1115 420 longe
1132 346 1202 405 citra

181 426 339 500 aemulum,
362 425 412 485 vel
433 427 458 484 si
477 424 547 484 nihil
568 424 624 482 nisi
638 405 797 484 blinerram
812 423 935 486 Athenis
959 433 1011 484 aut
1028 423 1201 506 Olympium

179 511 209 569 in
224 509 310 570 Elide
324 508 425 569 lovem
440 510 580 583 iecisset,
604 508 686 568 cuius
707 506 891 587 pulchritudo
910 508 1065 569 adiecisse
1091 511 1201 590 aliquid

177 595 263 654 etiam
279 602 420 672 receptae
435 593 571 670 religioni
587 591 716 660 videtum
739 592 813 653 adeo
829 594 965 654 maiestas
988 596 1099 672 operis
1116 596 1200 656 deum

177 678 322 755 aequavit.
361 677 408 738 Ad
429 680 582 737 veritatem
598 675 755 754 Lysippum
779 694 814 736 ac
829 676 999 737 Praxitelen
1022 681 1198 739 necessisse

177 762 285 839 optime
308 760 462 821 aiiirmant.
493 759 567 820 Nam
584 760 750 820 Demetrius
768 770 903 839 tanquam
918 763 1022 821 nimius
1046 764 1136 824 inea
1155 782 1197 822 re·

177 843 369 925 prehenditur
384 855 413 905 et
428 845 482 905 tuit
497 844 689 905 similitudinis
702 863 787 924 quam
799 845 1022 923 pulchritudinis
1040 849 1196 908 amantior.

134 941 168 994 ιο
262 928 295 988 ln
321 931 495 990 oratione
522 945 596 989 vero
625 930 650 988 si
678 929 797 1006 species
821 929 926 988 intueri
948 929 1046 1006 velis,
1075 933 1196 992 totidem

176 1031 272 1093 paene
285 1015 418 1092 reperias
433 1014 614 1090 ingeniorum
629 1022 700 1092 quot
717 1029 873 1090 corporum
889 1013 1008 1072 formas.
1034 1014 1102 1075 Sed
1114 1015 1196 1076 inere

178 1097 321 1177 quaedam
345 1115 457 1174 genera
479 1097 594 1157 dicendi
625 1096 798 1157 condicione
828 1105 992 1175 temporum
1012 1096 1194 1174 horridiora,

177 1181 288 1260 alioqui
311 1199 444 1258 magnam
471 1182 527 1241 iam
542 1182 650 1257 ingenii
665 1182 723 1240 vim
737 1198 809 1259 prae
827 1199 861 1240 se
876 1181 1012 1241 ferentia.
1047 1181 1127 1242 Hinc
1143 1185 1196 1243 sint

176 1264 287 1341 haelii,
311 1265 462 1341 Africani,
484 1261 612 1325 Catones
638 1265 724 1325 etiam
746 1263 946 1344 Gracchique,
970 1281 1048 1343 quos
1074 1275 1106 1326 tu
1128 1267 1197 1328 licet

176 1348 360 1425 Polygnotos
375 1349 424 1408 vel
443 1346 582 1409 Callonas
599 1349 745 1427 appelles.
776 1347 901 1410 blediam
914 1348 994 1409 illam
1007 1349 1141 1411 formam
1155 1360 1194 1410 te·

135 1441 264 1495 llneant
284 1433 316 1493 L.
339 1430 479 1508 Crassus,
507 1431 543 1506 Q.
567 1431 750 1492 Hortensius.
795 1432 867 1493 Tum
889 1431 996 1492 deinde
1019 1433 1195 1495 efflorescat

176 1534 235 1576 non
262 1517 380 1577 multum
406 1518 537 1577 intense
565 1516 727 1577 distantium
753 1525 886 1595 tempore
914 1525 1067 1577 oratorum
1090 1520 1194 1597 ingens

177 1610 347 1678 proventus.
383 1600 437 1661 Hic
456 1603 514 1660 rim
529 1597 688 1678 Caesaris,
714 1600 841 1660 indolem
859 1597 971 1675 Caelii,
999 1600 1193 1664 subtilitatem
1241 1626 1245 1663 ε

179 1680 302 1760 Calidii,
319 1684 498 1762 diligentiam
512 1684 669 1760 Pollionis,
687 1684 855 1762 dignitatem
870 1682 1035 1760 Messalae,
1057 1689 1193 1747 sanctita·

177 1776 236 1827 tem
253 1766 354 1844 Calvi,
382 1770 555 1845 gravitatem
570 1768 666 1843 Bruti,
695 1786 817 1828 acumen
832 1768 971 1846 Sulpicii,
999 1769 1194 1831 acerbitatem
1239 1768 1245 1847 j

178 1847 272 1910 Cassii
290 1853 487 1930 reperiemus;
518 1852 547 1911 in
566 1853 601 1910 iis
618 1853 721 1928 etiam,
744 1870 819 1931 quos
836 1852 893 1931 ipsi
909 1852 1051 1929 vidimus,
1077 1856 1193 1933 copiam

178 1934 330 2011 Senecae,
358 1937 437 1995 vires
464 1934 613 2011 Africani,
647 1938 840 1998 maturitatem
865 1934 949 2012 Afri,
982 1937 1193 1999 iucunditatem

135 2027 170 2081 12
178 2015 292 2097 Crispi,
309 2035 410 2079 sonum
427 2019 582 2094 Trachali,
599 2019 773 2098 elegantIam
789 2020 926 2080 Secundi.
957 2019 997 2080 ht
1013 2019 1054 2081 it.
1068 2021 1194 2084 Tullium

176 2119 235 2161 non
256 2103 337 2163 illum
359 2103 497 2164 habemus
513 2102 735 2182 Euphranorem
752 2105 832 2165 circa
851 2104 975 2184 plurium
1000 2106 1109 2166 artium
1128 2125 1193 2186 spe·

178 2189 239 2246 cies
255 2196 454 2265 praestantem
471 2188 524 2249 sed
539 2188 567 2247 in
584 2188 731 2264 omnibus,
755 2190 875 2268 quaein
891 2191 1009 2266 quoque
1024 2186 1192 2268 laudantur,

179 2271 440 2333 eminentissimum.
475 2271 567 2346 Quem
583 2281 679 2333 tamen
699 2281 728 2332 et
744 2290 861 2334 suorum
876 2272 1009 2333 homines
1025 2281 1193 2353 temporum
1239 2340 1242 2349 ¹

178 2357 328 2416 incessere
352 2357 496 2417 audebant
517 2365 547 2416 ut
568 2357 749 2417 tumidiorem
772 2367 801 2417 et
816 2358 954 2419 Asianum
977 2365 1007 2416 et
1026 2358 1192 2419 redundan-

178 2449 237 2499 tem
252 2448 282 2499 et
301 2441 330 2500 in
345 2439 569 2519 repetitionibus
591 2442 706 2501 nimium
724 2443 797 2501 etin
812 2440 920 2502 salibus
935 2440 1095 2519 aliquando
1111 2442 1192 2520 trigi-

178 2524 244 2583 dum
260 2533 289 2584 et
305 2525 563 2605 incompositione
581 2524 720 2602 fractum,
738 2524 916 2586 exultantem
932 2543 968 2585 ao
983 2543 1093 2604 paene,
1114 2524 1193 2607 quod

136 2606 282 2686 13procul
304 2608 393 2685 absit,
416 2611 479 2669 viro
502 2608 682 2679 molliorem;
706 2618 812 2688 postea
826 2627 899 2670 vero
918 2626 1004 2689 quam
1019 2608 1193 2671 triumvirali

177 2693 394 2771 proscriptione
418 2701 607 2771 consumptus
629 2703 691 2770 est,
718 2695 827 2772 passim
845 2695 894 2772 qui
910 2693 1048 2770 oderant,
1078 2696 1130 2774 qui
1151 2695 1191 2753 in·

177 2774 332 2852 videbant,
351 2778 399 2855 qui
415 2777 649 2854 aemulabantur,
667 2776 833 2838 adulatores
850 2779 937 2839 etiam
951 2781 1123 2856 praesentis
1139 2794 1190 2858 po·

177 2861 286 2919 tentiae
302 2876 360 2920 non
374 2879 583 2940 responsurum
597 2863 773 2928 invaserunt.
800 2861 856 2923 Ille
871 2871 983 2937 tamen,
1006 2863 1057 2940 qui
1077 2864 1190 2923 ieiunus

178 2962 195 3004 a
211 2943 381 3022 quibusdam
399 2955 486 3025 atque
503 2947 600 3007 aridus
618 2946 759 3022 habetur,
776 2963 834 3007 non
852 2947 937 3007 aliter
954 2945 990 3007 ab
1008 2946 1083 3024 ipsis
1099 2946 1190 3007 inimi·

179 3029 221 3087 cis
236 3028 313 3088 male
336 3028 436 3090 audire
452 3049 536 3109 quam
551 3032 644 3091 nimiis
659 3031 779 3092 donibus
796 3039 826 3091 et
844 3031 953 3109 ingenii
968 3029 1121 3092 affluentia
1139 3046 1190 3110 po·
1251 3046 1254 3051 ·

178 3113 239 3171 tuit.
277 3110 394 3173 Falsum
416 3123 588 3193 utrumque,
621 3115 676 3176 sed
697 3125 792 3176 tamen
813 3114 864 3176 illa
885 3115 1044 3175 mentiendi
1067 3116 1190 3195 propior

136 3197 308 3258 ssoooasio.
340 3196 504 3278 Praecipue
523 3216 596 3258 vero
613 3208 784 3278 presserunt
800 3216 881 3276 eum,
899 3199 947 3277 qui
963 3198 1058 3259 videri
1075 3199 1189 3260 Attico-

176 3297 239 3338 rum
260 3281 421 3341 imitatores
438 3284 656 3361 concupierant.
687 3283 768 3345 llaec
786 3301 887 3344 manus
910 3284 993 3361 quasi
1015 3282 1189 3361 quibusdam

179 3364 270 3423 sacris
285 3365 395 3426 initiata
413 3375 443 3426 nt
459 3366 650 3444 alienigenam
668 3377 697 3427 et
716 3386 816 3447 parum
831 3368 993 3428 studiosum
1008 3366 1189 3428 devinctum·

180 3462 236 3524 que
260 3446 317 3506 illis
344 3448 459 3525 legibus
482 3451 707 3531 insequebatur;
735 3451 812 3514 unde
833 3470 910 3511 nunc
924 3467 1042 3532 quoque
1065 3451 1142 3514 aridi
1163 3459 1190 3511 et
