2566 4026
379 117 470 166 msr.
494 116 643 166 onurorr.
666 118 735 166 uro.
758 117 787 186 1,
810 117 854 170 11.
1080 109 1121 171 53

116 273 242 336 omnibus
264 271 358 334 rebus
380 273 549 350 dicendum,
577 272 658 333 nullo
681 273 768 334 modo
790 274 852 334 sine
869 277 1032 352 geometria
1053 294 1122 338 esse

116 362 203 439 possit
226 366 342 418 orator.
692 376 695 381 ·

148 511 191 561 DE
209 511 320 561 PRIMA
339 509 633 562 PRONUNTIATIONIS
649 511 692 559 ET
712 509 835 561 GESTUS
854 509 1086 564 INSTITUTIONE.

192 609 246 670 XI.
272 609 407 670 Dandum
423 608 529 686 aliquid
544 609 688 669 comoedo
702 627 829 686 quoque,
842 609 907 670 dum
920 620 1051 689 eatenus,
1064 632 1122 693 qua

116 694 317 778 pronuntiandi
337 695 488 753 scientiam
509 692 621 753 iuturus
644 703 743 753 orator
765 692 921 753 desiderat.
958 695 1024 755 Non
1047 701 1122 757 enirn

116 797 251 860 puerum,
276 796 363 856 quem
385 779 414 836 in
432 777 490 837 boc
505 779 695 853 instituimus,
720 787 768 837 aut
788 778 931 839 femineae
956 782 1039 839 vocis
1062 783 1122 841 exi·

115 865 191 926 litate
213 863 315 940 frangi
345 861 414 921 volo
442 870 490 921 aut
520 861 651 921 seniliter
677 871 812 922 tremere.
857 861 920 922 Nec
935 865 1003 924 vitia
1028 863 1151 929 ebrie-2

115 951 175 1009 tatis
202 947 329 1024 effingat
351 963 446 1023 neque
464 945 565 1005 servili
581 945 745 1006 vernilitate
763 946 905 1007 imbuatur
926 965 982 1007 nec
1004 949 1121 1025 amoris,

116 1034 272 1107 avaritiae,
299 1039 393 1089 metus
414 1030 507 1089 discat
528 1029 679 1098 affectum
705 1048 779 1108 quae
803 1049 898 1109 neque
926 1033 1034 1092 oratori
1058 1042 1124 1092 sunt

115 1116 286 1178 necessaria
314 1122 344 1173 et
364 1122 507 1188 mentem,
532 1116 691 1192 praecipue
714 1115 742 1173 in
764 1124 860 1175 aetate
882 1117 974 1193 prima
995 1124 1123 1177 teneram

115 1201 207 1263 adbuc
231 1207 264 1258 et
288 1196 406 1274 rudem,
435 1198 571 1256 inficiunt.
617 1197 690 1257 Nam
712 1198 851 1276 frequens
877 1201 996 1258 imitatio
1019 1203 1148 1264 transitis

113 1289 272 1346 immores.
319 1280 364 1340 Ne
386 1291 487 1359 gestus
506 1282 621 1359 quidem
643 1284 735 1342 omnis
759 1301 794 1341 ac
817 1292 911 1342 motus
935 1301 951 1343 a
974 1284 1123 1345 comoedis

113 1369 259 1449 petendus
284 1374 340 1425 est.
388 1365 557 1445 Quanquam
582 1368 656 1424 enirn
678 1375 829 1445 utrumque
854 1385 953 1428 eorum
976 1367 1012 1429 ad
1034 1387 1124 1448 quen·

113 1456 176 1517 dam
199 1451 320 1512 modurn
342 1460 494 1528 praestare
517 1450 606 1510 debet
629 1459 742 1519 orator;
766 1451 918 1530 plurimum
936 1461 1031 1512 tamen
1055 1453 1124 1514 abe·

112 1541 148 1598 rit
165 1557 182 1598 a
198 1536 336 1610 scenico,
355 1552 411 1594 uec
426 1535 506 1595 vultu
521 1552 576 1593 nec
596 1552 679 1594 manu
696 1552 751 1594 nec
770 1535 992 1596 excursionibus
1011 1540 1123 1598 nimius.

113 1621 184 1682 llam
207 1622 233 1679 si
256 1636 313 1697 qua
334 1620 364 1677 in
381 1618 425 1678 bis
446 1636 492 1677 ars
514 1627 559 1677 est
578 1619 748 1693 dicentium,
774 1638 809 1680 ea
825 1624 917 1699 prima
933 1629 994 1697 est,
1017 1641 1054 1682 ue
1076 1640 1124 1682 ars

115 1725 180 1766 esse
202 1704 350 1764 videatur.

198 1788 289 1863 Quod
312 1796 357 1846 est
379 1787 466 1864 igitur
482 1786 566 1846 huius
582 1787 711 1847 doctoris
731 1784 881 1846 officium?
916 1787 1058 1867 Imprimis
1081 1791 1149 1850 vii

115 1876 152 1934 tia
181 1876 206 1933 si
231 1890 290 1950 qua
314 1880 379 1930 sunt
405 1873 464 1931 oris
487 1870 638 1946 emendet,
667 1881 697 1931 ut
720 1889 862 1950 expressa
885 1872 942 1930 sint
965 1872 1072 1947 verba,
1095 1882 1125 1932 ut

117 1961 174 2017 suis
198 1973 336 2035 quaeque
361 1955 475 2015 litterae
499 1957 578 2015 sonis
608 1957 799 2016 enuntientur.
845 1955 1028 2029 Quarundam
1050 1957 1125 2015 enim

116 2042 161 2102 vel
185 2041 321 2101 exilitate
343 2039 392 2098 vel
414 2040 591 2117 pinguedine
611 2040 698 2099 nimia
718 2039 894 2116 laboramus,
919 2041 1057 2119 quasdam
1074 2058 1124 2099 ve-

117 2128 155 2187 lut
178 2127 313 2186 acriores
342 2141 443 2201 parum
472 2123 614 2183 efficimus
645 2132 674 2183 et
697 2125 760 2183 aliis
783 2143 840 2185 nou
862 2124 1048 2185 dissimibbus
1071 2125 1147 2185 sed·

116 2213 198 2290 quasi
222 2206 425 2270 hebetioribus
447 2216 651 2286 permutamus.
699 2207 814 2287 Quippe
836 2207 900 2269 Rbo
919 2209 1049 2285 litterae,
1069 2215 1149 2289 qua5

116 2293 335 2355 Demosthenes
364 2308 480 2370 quoque
504 2290 664 2368 laboravit,
694 2290 791 2352 Labda
818 2295 951 2353 succedit
983 2295 1126 2372 (quarum

115 2382 157 2439 ris
180 2386 229 2438 est
258 2375 335 2456 apud
362 2393 416 2435 nos
443 2377 592 2456 quoque);
623 2384 651 2435 et
680 2394 743 2435 cum
769 2374 792 2435 (l
817 2395 851 2437 ac
873 2379 1005 2438 similiter
1023 2377 1047 2437 G
1067 2394 1126 2435 non

116 2464 288 2536 valuerunt,
311 2458 387 2520 in'l'
414 2477 449 2520 ac
471 2459 497 2518 D
520 2460 713 2521 emolliuntur.
754 2458 798 2518 Ne
821 2459 887 2518 illas
909 2459 1023 2538 quidem
1047 2461 1150 2520 circat

116 2549 135 2608 S
156 2547 287 2607 litteram
309 2543 431 2605 delicias
454 2543 502 2603 bic
525 2545 664 2622 magister
685 2542 772 2616 feret,
796 2559 851 2600 uec
872 2543 963 2603 verba
988 2546 1016 2602 in
1035 2542 1124 2602 fauci-

115 2630 168 2691 bus
191 2631 319 2709 patietur
337 2627 445 2704 audiri,
469 2644 525 2687 nec
548 2631 606 2687 oris
627 2629 764 2686 inanitate
781 2644 932 2703 resonare,
956 2644 1021 2701 nec,
1048 2624 1125 2703 qood

115 2718 232 2775 minime
258 2713 386 2773 sermoni
408 2729 481 2790 puro
506 2714 676 2787 conveniat,
705 2711 867 2789 simplicem
888 2713 971 2772 vocis
997 2719 1126 2770 naturam

116 2800 253 2878 pleniore
277 2796 402 2875 quodam
424 2813 498 2857 sono
528 2797 736 2871 circumlinire,
765 2796 842 2874 quod
871 2794 975 2856 Graeci
1004 2813 1127 2854 καταπε·

114 2881 289 2960 πλασμένον
307 2881 416 2941 dicunt.
433 2882 496 2942 .Sic
514 2881 678 2959 appellatur
690 2897 777 2939 sonus
789 2879 932 2955 tibiarum,
952 2896 1027 2957 quae
1044 2883 1151 2957 prae-i

116 2967 206 3028 elusis
232 2965 337 3045 quibus
356 2964 522 3025 clarescunt
540 2963 737 3039 foraminibus,
762 2974 845 3024 recto
861 2964 948 3025 modo
967 2965 1046 3023 exitu
1059 2979 1125 3039 gra·

115 3054 229 3112 olorem
251 3050 383 3128 spiritum
405 3048 536 3109 reddunt.

201 3133 324 3196 curabit
347 3135 449 3209 etiam,
478 3151 515 3193 ne
542 3143 690 3193 extremae
719 3132 852 3209 syllabae
881 3132 1067 3200 intercidant;
1095 3139 1152 3193 ut8

114 3239 168 3300 pur
190 3219 249 3280 sibi
272 3234 370 3279 sermo
394 3217 445 3285 sit;
468 3227 515 3293 ut,
539 3219 674 3296 quotiens
698 3217 916 3277 exclamandum
938 3219 1002 3292 erit,
1026 3216 1126 3276 lateris

114 3314 241 3366 conatus
260 3305 298 3362 sit
314 3302 366 3363 ille
388 3319 445 3362 non
464 3304 583 3380 capitis;
606 3310 636 3361 ut
656 3311 757 3379 gestus
780 3300 816 3361 ad
833 3318 954 3378 vocem,
977 3300 1074 3361 vultus
1091 3298 1127 3358 ad

112 3399 234 3468 gestum
257 3386 505 3448 accommodetur.
551 3383 771 3446 Observandum
796 3386 851 3446 erit
871 3388 973 3463 etiam,
996 3393 1026 3444 ut
1045 3390 1153 3445 recta9
