2566 4026
399 184 488 232 mss.
500 184 651 232 ouuron.
666 185 735 232 our.
750 187 788 250 u,
804 184 846 237 12.
1059 174 1116 237 231

120 338 178 398 dici
203 344 321 418 posset,
344 338 516 406 ostendere;
547 339 599 397 sed
625 338 692 399 mihi
720 356 931 417 supervacuum
958 341 1118 404 videbatur.

120 419 194 480 Nam
216 430 245 480 et
265 420 330 480 fere
351 431 492 499 apparet,
517 421 584 500 quid
604 424 631 481 in
652 423 798 497 iniuriam,
822 422 890 501 quid
911 424 940 482 in
963 428 1163 504 avaritiam,1o

121 505 190 582 quid
208 505 236 562 in
254 512 358 564 testem
375 505 527 581 inimicum,
549 507 616 583 quid
632 523 685 584 pro
701 514 777 565 teste
793 508 885 565 amico
902 506 1053 569 dicendum
1068 513 1119 580 sit;

119 597 150 647 et
172 586 209 647 de
232 588 363 647 omnibus
389 588 432 649 his
458 590 551 650 omnia
571 588 669 649 dicere
690 589 827 649 inlinitum
843 598 902 665 est,
923 599 980 650 tam
1001 591 1121 654 hercule

119 673 251 749 quamsi
274 674 553 749 controversiarum,
582 691 655 751 quae
685 675 741 733 sint
762 691 895 751 quaeque
919 674 1032 734 futurae
1054 679 1119 753 sint,

119 756 326 833 quaestiones,
349 766 534 834 argumenta,
567 759 724 817 sententias
751 757 867 816 tradere
896 758 992 816 velim.
1037 757 1120 837 lpsas
1130 771 1162 827 17

117 847 216 899 autem
244 849 477 916 argumentorum
504 839 585 900 velut
613 842 700 901 sedes
727 857 783 899 non
809 858 855 898 me
881 840 995 918 quidem
1021 858 1120 901 omnes
1178 912 1181 916 ¹

120 922 288 982 ostendisse
306 923 430 999 conlido,
450 923 586 1002 plurimas
605 933 709 984 tamen.

205 1004 290 1078 Quod
306 1023 342 1065 eo
359 1007 523 1084 diligentius
539 1007 702 1068 faciendum
715 1008 778 1083 luit,
799 1008 864 1085 quia
882 1007 1119 1085 declamationes,

118 1087 224 1165 quibus
240 1088 275 1148 ad
293 1090 580 1167 pugnamiorensem
596 1092 677 1151 velut
695 1091 864 1169 praepilatis
888 1093 1022 1150 exerceri
1042 1093 1120 1152 sole·

117 1171 236 1247 bamus,
254 1172 323 1231 olim
339 1175 393 1233 iam
409 1174 444 1233 ab
461 1174 511 1235 illa
526 1193 597 1234 vera
617 1176 740 1251 imagine
759 1174 858 1233 orandi
874 1184 1061 1234 recesserunt
1080 1185 1120 1236 at·

117 1272 176 1331 que
195 1254 231 1314 ad
246 1255 338 1316 solam
357 1259 537 1335 compositae
554 1258 733 1336 voluptatem
748 1259 844 1316 nervis
862 1267 971 1333 carent,
988 1258 1117 1318 nonullo

115 1336 230 1397 medius
253 1339 336 1398 lidius
353 1342 421 1399 vitio
438 1342 607 1415 dicentium,
635 1359 719 1419 quam
735 1358 792 1419 quo
808 1342 1015 1418 mancipiorum
1029 1359 1119 1419 nego·

116 1422 239 1480 tiatores
258 1421 367 1483 formae
379 1441 535 1502 puerorum
546 1424 682 1484 virilitate
696 1427 795 1484 excisa
806 1423 1015 1484 lenocinantur.
1047 1425 1120 1485 Nam
1128 1432 1161 1488 18

116 1513 148 1562 ut
164 1503 206 1563 illi
221 1504 310 1565 robur
325 1524 359 1565 ac
376 1507 503 1567 lacertos
513 1507 695 1586 'barbamque
710 1517 775 1568 ante
792 1509 885 1569 omnia
902 1517 930 1567 ct
946 1507 1017 1583 alia,
1044 1526 1119 1586 quae

116 1595 219 1647 natura
247 1591 365 1667 proprie
393 1591 518 1650 maribus
550 1591 644 1666 dedit,
675 1610 775 1670 parom
808 1591 970 1651 existimant
999 1592 1118 1668 decora,

117 1687 253 1748 quaeque
268 1673 370 1749 fortia,
394 1676 418 1732 si
434 1674 673 1749 liceret,'iorent
692 1684 723 1734 ot
747 1673 817 1735 dura
843 1675 988 1734 molliunt:
1010 1677 1049 1735 ita
1065 1692 1119 1735 nos

117 1752 245 1813 habitum
260 1756 353 1832 ipsum
369 1759 506 1817 orationis
521 1758 634 1817 virilem
661 1768 689 1817 et
704 1758 783 1816 illam
798 1759 855 1816 vim
870 1759 970 1817 stricte
985 1758 1118 1818 robuste-

117 1854 174 1914 que
197 1836 310 1898 dicendi
333 1848 434 1901 tenera
459 1841 580 1919 quadam
601 1841 774 1901 elocutionis
797 1850 863 1901 cute
884 1843 1047 1919 operimus,
1078 1851 1117 1917 et,

115 1921 181 1982 dum
204 1920 280 1985 levia
306 1926 361 1984 sint
384 1943 418 1984 ac
444 1926 547 2000 nitida,
570 1933 704 2003 quantum
727 1924 860 2000 valeant,
884 1925 954 1984 nihil
974 1927 1118 1985 interesse

116 2009 296 2068 arbitramur.
335 2009 393 2068 Sed
416 2009 483 2068 mihi
507 2018 635 2068 naturam
661 2008 779 2066 intuenti
802 2024 887 2067 nemo
910 2025 968 2067 non
987 2011 1032 2069 vir
1053 2026 1118 2087 spa·
1127 2019 1161 2074 19

116 2092 193 2152 done
217 2093 373 2151 formosior
397 2093 467 2166 erit,
489 2111 544 2151 nec
567 2101 624 2150 tam
646 2108 749 2151 aversa
770 2108 894 2169 unquam
917 2092 1062 2152 videbitur
1082 2091 1118 2152 ab

116 2193 210 2254 opere
232 2192 285 2234 suo
307 2174 502 2253 providentia,
527 2185 557 2234 ut
573 2174 706 2234 debilitas
722 2176 797 2232 inter
815 2175 922 2252 optima
939 2176 1055 2236 inventa
1070 2176 1117 2252 sit,

116 2277 172 2319 nec
194 2259 222 2318 id
243 2259 322 2318 ferro
347 2260 512 2336 speciosum
535 2257 597 2316 lieri
618 2255 743 2335 putabo,
770 2256 863 2334 quod,
891 2259 915 2316 si
936 2267 1117 2334 nasceretur,

115 2351 274 2402 monstrum
291 2351 361 2401 erat.
395 2341 552 2401 Libidinem
567 2343 645 2399 iuret
659 2342 752 2417 ipsum
764 2339 919 2399 elleminati
934 2358 1023 2400 sexus
1039 2359 1116 2400 men-

115 2426 245 2499 dacium,
274 2443 416 2503 nunquam
443 2435 538 2485 tameo
564 2423 621 2482 hoc
648 2423 797 2498 continget
818 2421 900 2481 malis
920 2423 1047 2482 moribus
1072 2442 1117 2482 re·

113 2528 214 2586 gnum,
230 2518 270 2584 ut,
287 2510 311 2567 si
325 2527 380 2586 qua
396 2510 525 2587 pretiosa
543 2508 629 2581 fecit,
648 2506 753 2565 lecerit
770 2513 798 2564 et
813 2503 899 2564 bona.
932 2506 1160 2585 Quapropterho

116 2592 328 2670 eloquentiam,
346 2592 415 2651 licet
431 2591 505 2652 hanc
521 2592 567 2669 (ut
582 2591 675 2650 sentio
693 2589 783 2664 enim,
801 2588 914 2669 dicam)
935 2589 1118 2650 libidinosam

114 2677 253 2753 resupina
264 2675 414 2754 voluptate
430 2674 570 2734 auditoria
581 2672 715 2752 probent,
732 2671 840 2733 nullam
851 2690 918 2732 esse
934 2672 1116 2747 existimabo,

114 2777 191 2836 quae
207 2776 244 2816 ne
260 2760 401 2818 minimum
414 2757 529 2836 quidem
539 2759 610 2816 inse
621 2758 755 2818 indicium
766 2757 887 2816 masculi
904 2765 934 2816 et
946 2757 1115 2834 incorrupti,

113 2860 151 2901 ne
170 2842 264 2902 dicam
279 2844 376 2918 gravis
393 2850 422 2900 et
437 2842 528 2901 sancti
540 2842 611 2916 viri,
636 2848 772 2900 ostentet.
813 2839 859 2898 An
873 2857 944 2901 vero
962 2846 1154 2900 statuerumt]

114 2926 244 2986 artifices
268 2928 457 3003 pictoresque
480 2925 646 2999 clarissimi,
669 2942 733 2983 cum
756 2940 883 3001 corpora
899 2942 983 3002 quam
1002 2924 1117 3002 specio·

114 3008 229 3068 sissima
252 3008 386 3086 lingendo
402 3008 586 3087 pingendove
607 3006 727 3066 ellicere
744 3016 901 3084 cuperent,
923 3025 1065 3085 nunquam
1089 3007 1118 3064 in

114 3093 191 3152 hunc
204 3093 365 3153 inciderunt
381 3108 521 3166 errorem,
537 3099 568 3150 ut
579 3090 707 3168 Bagoam
724 3097 772 3150 aut
787 3087 977 3167 Megabyzum
993 3091 1118 3168 aliquem

113 3178 142 3235 in
173 3177 338 3254 exemplum
364 3176 462 3253 operis
490 3183 637 3235 sumerent
662 3172 717 3233 sibi
739 3170 791 3231 sed
819 3171 1015 3253 Doryphoron
1038 3172 1118 3234 illum

113 3270 213 3337 aptum
232 3260 281 3319 vel
302 3260 419 3320 militiae
436 3258 484 3318 vel
507 3258 683 3336 palaestrae,
705 3255 827 3316 aliorum
851 3274 966 3336 quoque
985 3261 1118 3318 iuvenum

112 3341 325 3403 bellicosorum
346 3351 375 3402 et
398 3341 569 3402 athletarum
586 3358 716 3418 corpora
745 3337 854 3399 decora
877 3359 948 3400 vere
972 3343 1116 3401 existima·

113 3436 234 3486 verunt:
251 3443 316 3503 nos,
334 3427 383 3505 qui
399 3434 546 3484 oratorem
563 3424 710 3484 studemus
727 3419 880 3499 effingere,
897 3441 955 3483 non
970 3442 1047 3485 arma
1065 3422 1117 3483 sed
