<?xml version="1.0" encoding="UTF-8"?>
<!DOCTYPE html PUBLIC "-//W3C//DTD XHTML 1.0 Transitional//EN"
    "http://www.w3.org/TR/xhtml1/DTD/xhtml1-transitional.dtd">
<html xmlns="http://www.w3.org/1999/xhtml" xml:lang="en" lang="en">
 <head>
  <title>
</title>
<meta http-equiv="Content-Type" content="text/html;charset=utf-8" />
  <meta name='ocr-system' content='tesseract 3.04.00' />
  <meta name='ocr-capabilities' content='ocr_page ocr_carea ocr_par ocr_line ocrx_word'/>
</head>
<body>
  <div class='ocr_page' id='page_1' title='image "./mfabiiquintilia00bonngoog/mfabiiquintilia00bonngoog_0307.png"; bbox 0 0 2566 4026; ppageno 0'>
   <div class='ocr_carea' id='block_1_1' title="bbox 146 175 835 248">
    <p class='ocr_par' dir='ltr' id='par_1_1' title="bbox 146 175 835 248">
     <span class='ocr_line' id='line_1_1' title="bbox 146 175 835 248; baseline -0.006 -10"><span class='ocrx_word' id='word_1_1' title='bbox 146 175 207 238; x_wconf 76' lang='lat'><strong>280</strong></span> <span class='ocrx_word' id='word_1_2' title='bbox 456 191 492 237; x_wconf 88' lang='lat' dir='ltr'><strong>u.</strong></span> <span class='ocrx_word' id='word_1_3' title='bbox 515 189 593 235; x_wconf 80' lang='lat' dir='ltr'><strong>nna.</strong></span> <span class='ocrx_word' id='word_1_4' title='bbox 616 187 835 248; x_wconf 73' lang='lat' dir='ltr'><strong>antummum</strong></span> 
     </span>
    </p>
   </div>
   <div class='ocr_carea' id='block_1_2' title="bbox 87 343 1149 1932">
    <p class='ocr_par' dir='ltr' id='par_1_2' title="bbox 146 343 1148 425">
     <span class='ocr_line' id='line_1_2' title="bbox 146 343 1148 425; baseline 0 -19"><span class='ocrx_word' id='word_1_5' title='bbox 146 347 288 425; x_wconf 76' lang='lat' dir='ltr'><strong><em>sapienti.</em></strong></span> <span class='ocrx_word' id='word_1_6' title='bbox 328 343 409 417; x_wconf 82' lang='lat' dir='ltr'><strong>Quae</strong></span> <span class='ocrx_word' id='word_1_7' title='bbox 431 345 524 403; x_wconf 89' lang='lat' dir='ltr'><strong>omnia</strong></span> <span class='ocrx_word' id='word_1_8' title='bbox 548 352 612 402; x_wconf 91' lang='lat' dir='ltr'><strong>suut</strong></span> <span class='ocrx_word' id='word_1_9' title='bbox 637 343 858 420; x_wconf 87' lang='lat' dir='ltr'><strong>optimedicta;</strong></span> <span class='ocrx_word' id='word_1_10' title='bbox 880 344 1004 404; x_wconf 88' lang='lat' dir='ltr'><strong>sedeur</strong></span> <span class='ocrx_word' id='word_1_11' title='bbox 1029 346 1148 424; x_wconf 79' lang='lat' dir='ltr'><strong>proprie</strong></span> 
     </span>
    </p>

    <p class='ocr_par' dir='ltr' id='par_1_3' title="bbox 89 426 1148 842">
     <span class='ocr_line' id='line_1_3' title="bbox 89 426 1147 507; baseline -0.004 -15"><span class='ocrx_word' id='word_1_12' title='bbox 89 443 250 496; x_wconf 83' lang='lat' dir='ltr'>nonomen</span> <span class='ocrx_word' id='word_1_13' title='bbox 270 428 437 488; x_wconf 79' lang='lat' dir='ltr'><strong>urbanitatis</strong></span> <span class='ocrx_word' id='word_1_14' title='bbox 454 427 614 504; x_wconf 78' lang='lat' dir='ltr'>accipiant,</span> <span class='ocrx_word' id='word_1_15' title='bbox 636 444 693 486; x_wconf 91' lang='lat' dir='ltr'><strong>nou</strong></span> <span class='ocrx_word' id='word_1_16' title='bbox 709 427 805 487; x_wconf 90' lang='lat' dir='ltr'><strong>video.</strong></span> <span class='ocrx_word' id='word_1_17' title='bbox 841 426 967 500; x_wconf 81' lang='lat' dir='ltr'><strong>Quodsi</strong></span> <span class='ocrx_word' id='word_1_18' title='bbox 986 444 1043 488; x_wconf 91' lang='lat' dir='ltr'><strong>non</strong></span> <span class='ocrx_word' id='word_1_19' title='bbox 1059 438 1147 507; x_wconf 88' lang='lat' dir='ltr'><strong>totus,</strong></span> 
     </span>
     <span class='ocr_line' id='line_1_4' title="bbox 134 509 1147 590; baseline 0 -18"><span class='ocrx_word' id='word_1_20' title='bbox 134 522 176 573; x_wconf 74' lang='lat' dir='ltr'><strong>&#39;ut</strong></span> <span class='ocrx_word' id='word_1_21' title='bbox 195 512 261 572; x_wconf 90' lang='lat' dir='ltr'><strong>mihi</strong></span> <span class='ocrx_word' id='word_1_22' title='bbox 278 512 410 586; x_wconf 89' lang='lat' dir='ltr'><strong>videtur,</strong></span> <span class='ocrx_word' id='word_1_23' title='bbox 440 511 578 570; x_wconf 91' lang='lat' dir='ltr'><strong>orationis</strong></span> <span class='ocrx_word' id='word_1_24' title='bbox 595 509 679 570; x_wconf 90' lang='lat' dir='ltr'><strong>color</strong></span> <span class='ocrx_word' id='word_1_25' title='bbox 693 519 834 586; x_wconf 88' lang='lat' dir='ltr'><strong>meretur,</strong></span> <span class='ocrx_word' id='word_1_26' title='bbox 855 512 908 571; x_wconf 90' lang='lat' dir='ltr'><strong>sed</strong></span> <span class='ocrx_word' id='word_1_27' title='bbox 924 514 1009 571; x_wconf 89' lang='lat' dir='ltr'><strong>etiam</strong></span> <span class='ocrx_word' id='word_1_28' title='bbox 1025 513 1147 590; x_wconf 83' lang='lat' dir='ltr'><strong>singulis</strong></span> 
     </span>
     <span class='ocr_line' id='line_1_5' title="bbox 146 593 1148 674; baseline -0.001 -17"><span class='ocrx_word' id='word_1_29' title='bbox 146 597 230 657; x_wconf 85' lang='lat' dir='ltr'><strong>dietis</strong></span> <span class='ocrx_word' id='word_1_30' title='bbox 246 595 426 657; x_wconf 90' lang='lat' dir='ltr'><strong>tribuendum</strong></span> <span class='ocrx_word' id='word_1_31' title='bbox 447 603 507 653; x_wconf 93' lang='lat' dir='ltr'><strong>est:</strong></span> <span class='ocrx_word' id='word_1_32' title='bbox 530 595 580 654; x_wconf 92' lang='lat' dir='ltr'><strong>illa</strong></span> <span class='ocrx_word' id='word_1_33' title='bbox 600 596 696 673; x_wconf 87' lang='lat' dir='ltr'><strong>potius</strong></span> <span class='ocrx_word' id='word_1_34' title='bbox 709 593 818 654; x_wconf 88' lang='lat' dir='ltr'><strong>urbana</strong></span> <span class='ocrx_word' id='word_1_35' title='bbox 834 594 969 670; x_wconf 83' lang='lat' dir='ltr'><strong>dixerim,</strong></span> <span class='ocrx_word' id='word_1_36' title='bbox 989 606 1148 674; x_wconf 89' lang='lat' dir='ltr'><strong>quaesunt</strong></span> 
     </span>
     <span class='ocr_line' id='line_1_6' title="bbox 145 678 1146 759; baseline 0 -20"><span class='ocrx_word' id='word_1_37' title='bbox 145 683 261 759; x_wconf 87' lang='lat' dir='ltr'><strong>generis</strong></span> <span class='ocrx_word' id='word_1_38' title='bbox 279 680 418 753; x_wconf 87' lang='lat' dir='ltr'><strong>eiusdem,</strong></span> <span class='ocrx_word' id='word_1_39' title='bbox 437 695 494 756; x_wconf 84' lang='lat' dir='ltr'><strong>quo</strong></span> <span class='ocrx_word' id='word_1_40' title='bbox 510 678 631 738; x_wconf 90' lang='lat' dir='ltr'><strong>ridicula</strong></span> <span class='ocrx_word' id='word_1_41' title='bbox 649 678 780 738; x_wconf 90' lang='lat' dir='ltr'><strong>dicuutur</strong></span> <span class='ocrx_word' id='word_1_42' title='bbox 796 688 825 737; x_wconf 90' lang='lat' dir='ltr'><strong>et</strong></span> <span class='ocrx_word' id='word_1_43' title='bbox 840 688 935 738; x_wconf 91' lang='lat' dir='ltr'><strong>tamen</strong></span> <span class='ocrx_word' id='word_1_44' title='bbox 952 678 1074 740; x_wconf 88' lang='lat' dir='ltr'><strong>ridicula</strong></span> <span class='ocrx_word' id='word_1_45' title='bbox 1089 697 1146 740; x_wconf 92' lang='lat' dir='ltr'><strong>non</strong></span> 
     </span>
     <span class='ocr_line' id='line_1_7' title="bbox 146 762 1133 842; baseline -0.001 -18"><span class='ocrx_word' id='word_1_46' title='bbox 146 774 226 839; x_wconf 91' lang='lat' dir='ltr'><strong>sunt,</strong></span> <span class='ocrx_word' id='word_1_47' title='bbox 252 774 282 824; x_wconf 94' lang='lat' dir='ltr'><strong>ut</strong></span> <span class='ocrx_word' id='word_1_48' title='bbox 307 765 342 824; x_wconf 96' lang='lat' dir='ltr'><strong>de</strong></span> <span class='ocrx_word' id='word_1_49' title='bbox 368 762 500 822; x_wconf 87' lang='lat' dir='ltr'><strong>Pollione</strong></span> <span class='ocrx_word' id='word_1_50' title='bbox 523 762 624 821; x_wconf 84' lang='lat' dir='ltr'><strong>Asinio</strong></span> <span class='ocrx_word' id='word_1_51' title='bbox 646 764 731 822; x_wconf 88' lang='lat' dir='ltr'><strong>seriis</strong></span> <span class='ocrx_word' id='word_1_52' title='bbox 752 764 884 842; x_wconf 90' lang='lat' dir='ltr'><strong>iocisque</strong></span> <span class='ocrx_word' id='word_1_53' title='bbox 904 765 1014 841; x_wconf 90' lang='lat' dir='ltr'><strong>pariter</strong></span> <span class='ocrx_word' id='word_1_54' title='bbox 1032 781 1133 825; x_wconf 89' lang='lat' dir='ltr'><strong>aocom</strong></span> 
     </span>
    </p>

    <p class='ocr_par' dir='ltr' id='par_1_4' title="bbox 88 843 1147 1347">
     <span class='ocr_line' id='line_1_8' title="bbox 88 843 1147 923; baseline -0.005 -8"><span class='ocrx_word' id='word_1_55' title='bbox 88 850 261 915; x_wconf 88' lang='lat' dir='ltr'><strong>lllmodato</strong></span> <span class='ocrx_word' id='word_1_56' title='bbox 289 849 395 908; x_wconf 90' lang='lat' dir='ltr'><strong>dietum</strong></span> <span class='ocrx_word' id='word_1_57' title='bbox 421 856 482 923; x_wconf 91' lang='lat' dir='ltr'><strong>est,</strong></span> <span class='ocrx_word' id='word_1_58' title='bbox 514 843 592 906; x_wconf 81' lang='lat' dir='ltr'><strong>Esse</strong></span> <span class='ocrx_word' id='word_1_59' title='bbox 613 865 680 907; x_wconf 86' lang='lat' dir='ltr'><strong>eom</strong></span> <span class='ocrx_word' id='word_1_60' title='bbox 706 848 836 908; x_wconf 86' lang='lat' dir='ltr'><strong>omnium</strong></span> <span class='ocrx_word' id='word_1_61' title='bbox 860 847 1026 917; x_wconf 65' lang='lat' dir='ltr'><strong>tororum</strong></span> <span class='ocrx_word' id='word_1_62' title='bbox 1056 847 1147 910; x_wconf 87' lang='lat' dir='ltr'><strong>etde</strong></span> 
     </span>
     <span class='ocr_line' id='line_1_9' title="bbox 145 929 1146 1008; baseline -0.001 -15"><span class='ocrx_word' id='word_1_63' title='bbox 145 944 246 993; x_wconf 90' lang='lat' dir='ltr'><strong>aotore</strong></span> <span class='ocrx_word' id='word_1_64' title='bbox 269 932 357 993; x_wconf 80' lang='lat' dir='ltr'><strong>facile</strong></span> <span class='ocrx_word' id='word_1_65' title='bbox 379 930 493 991; x_wconf 90' lang='lat' dir='ltr'><strong>dicente</strong></span> <span class='ocrx_word' id='word_1_66' title='bbox 515 948 553 988; x_wconf 86' lang='lat' dir='ltr'><strong>ex</strong></span> <span class='ocrx_word' id='word_1_67' title='bbox 574 939 715 1008; x_wconf 89' lang='lat' dir='ltr'><strong>tempore,</strong></span> <span class='ocrx_word' id='word_1_68' title='bbox 732 929 891 1008; x_wconf 80' lang='lat' dir='ltr'><strong>inpertiam</strong></span> <span class='ocrx_word' id='word_1_69' title='bbox 914 950 982 992; x_wconf 88' lang='lat' dir='ltr'><strong>eum</strong></span> <span class='ocrx_word' id='word_1_70' title='bbox 995 932 1027 991; x_wconf 85' lang='lat' dir='ltr'><strong>in</strong></span> <span class='ocrx_word' id='word_1_71' title='bbox 1041 950 1146 992; x_wconf 83' lang='lat' dir='ltr'><strong>norne-</strong></span> 
     </span>
     <span class='ocr_line' id='line_1_10' title="bbox 145 1012 1142 1092; baseline -0.001 -16"><span class='ocrx_word' id='word_1_72' title='bbox 145 1025 213 1078; x_wconf 75' lang='grc'>0010</span> <span class='ocrx_word' id='word_1_73' title='bbox 228 1017 360 1084; x_wconf 62' lang='grc'>10010000</span> <span class='ocrx_word' id='word_1_74' title='bbox 383 1017 468 1074; x_wconf 92' lang='lat' dir='ltr'><strong>etiam</strong></span> <span class='ocrx_word' id='word_1_75' title='bbox 484 1013 627 1092; x_wconf 85' lang='lat' dir='ltr'><strong>Pompeii,</strong></span> <span class='ocrx_word' id='word_1_76' title='bbox 645 1014 723 1092; x_wconf 86' lang='lat' dir='ltr'><strong>quod</strong></span> <span class='ocrx_word' id='word_1_77' title='bbox 737 1015 828 1074; x_wconf 81' lang='lat' dir='ltr'><strong>refert</strong></span> <span class='ocrx_word' id='word_1_78' title='bbox 843 1012 966 1091; x_wconf 84' lang='lat' dir='ltr'><strong>Marsus,</strong></span> <span class='ocrx_word' id='word_1_79' title='bbox 982 1016 1011 1074; x_wconf 91' lang='lat' dir='ltr'><strong>iu</strong></span> <span class='ocrx_word' id='word_1_80' title='bbox 1027 1012 1142 1075; x_wconf 83' lang='lat' dir='ltr'><strong>Cicero</strong></span> 
     </span>
     <span class='ocr_line' id='line_1_11' title="bbox 145 1096 1147 1178; baseline 0 -19"><span class='ocrx_word' id='word_1_81' title='bbox 145 1120 210 1160; x_wconf 91' lang='lat' dir='ltr'><strong>nem</strong></span> <span class='ocrx_word' id='word_1_82' title='bbox 226 1099 402 1160; x_wconf 83' lang='lat' dir='ltr'><strong>diffidentem</strong></span> <span class='ocrx_word' id='word_1_83' title='bbox 417 1097 557 1178; x_wconf 91' lang='lat' dir='ltr'><strong>partibus,</strong></span> <span class='ocrx_word' id='word_1_84' title='bbox 576 1096 689 1158; x_wconf 77' lang='lat' dir='ltr'><strong>Trunci</strong></span> <span class='ocrx_word' id='word_1_85' title='bbox 702 1099 747 1158; x_wconf 87' lang='lat' dir='ltr'><strong>od</strong></span> <span class='ocrx_word' id='word_1_86' title='bbox 763 1096 940 1176; x_wconf 81' lang='lat' dir='ltr'><strong>Caesarem,</strong></span> <span class='ocrx_word' id='word_1_87' title='bbox 956 1119 1003 1159; x_wconf 86' lang='lat' dir='ltr'><strong>me</strong></span> <span class='ocrx_word' id='word_1_88' title='bbox 1018 1100 1147 1161; x_wconf 75' lang='lat' dir='ltr'><strong>timebis.</strong></span> 
     </span>
     <span class='ocr_line' id='line_1_12' title="bbox 145 1182 1147 1261; baseline -0.002 -17"><span class='ocrx_word' id='word_1_89' title='bbox 145 1184 215 1244; x_wconf 83' lang='lat' dir='ltr'><strong>Erat</strong></span> <span class='ocrx_word' id='word_1_90' title='bbox 231 1185 320 1259; x_wconf 92' lang='lat' dir='ltr'><strong>enim,</strong></span> <span class='ocrx_word' id='word_1_91' title='bbox 341 1184 366 1242; x_wconf 89' lang='lat' dir='ltr'><strong>si</strong></span> <span class='ocrx_word' id='word_1_92' title='bbox 382 1184 418 1243; x_wconf 90' lang='lat' dir='ltr'><strong>de</strong></span> <span class='ocrx_word' id='word_1_93' title='bbox 441 1201 474 1242; x_wconf 89' lang='lat' dir='ltr'><strong>re</strong></span> <span class='ocrx_word' id='word_1_94' title='bbox 497 1183 608 1241; x_wconf 90' lang='lat' dir='ltr'><strong>minore</strong></span> <span class='ocrx_word' id='word_1_95' title='bbox 632 1191 680 1242; x_wconf 88' lang='lat' dir='ltr'><strong>aut</strong></span> <span class='ocrx_word' id='word_1_96' title='bbox 697 1182 754 1242; x_wconf 92' lang='lat' dir='ltr'><strong>alio</strong></span> <span class='ocrx_word' id='word_1_97' title='bbox 770 1183 862 1242; x_wconf 90' lang='lat' dir='ltr'><strong>animo</strong></span> <span class='ocrx_word' id='word_1_98' title='bbox 883 1191 931 1241; x_wconf 91' lang='lat' dir='ltr'><strong>aut</strong></span> <span class='ocrx_word' id='word_1_99' title='bbox 949 1182 1074 1261; x_wconf 84' lang='lat' dir='ltr'><strong>denique</strong></span> <span class='ocrx_word' id='word_1_100' title='bbox 1090 1199 1147 1242; x_wconf 91' lang='lat' dir='ltr'><strong>nou</strong></span> 
     </span>
     <span class='ocr_line' id='line_1_13' title="bbox 145 1265 1145 1347; baseline -0.005 -18"><span class='ocrx_word' id='word_1_101' title='bbox 145 1267 181 1329; x_wconf 93' lang='lat' dir='ltr'><strong>ab</strong></span> <span class='ocrx_word' id='word_1_102' title='bbox 199 1271 264 1347; x_wconf 88' lang='lat' dir='ltr'><strong>ipso</strong></span> <span class='ocrx_word' id='word_1_103' title='bbox 281 1268 387 1329; x_wconf 90' lang='lat' dir='ltr'><strong>dictum</strong></span> <span class='ocrx_word' id='word_1_104' title='bbox 402 1267 522 1342; x_wconf 84' lang='lat' dir='ltr'><strong>fuisset,</strong></span> <span class='ocrx_word' id='word_1_105' title='bbox 544 1265 622 1343; x_wconf 90' lang='lat' dir='ltr'><strong>quod</strong></span> <span class='ocrx_word' id='word_1_106' title='bbox 642 1275 743 1343; x_wconf 90' lang='lat' dir='ltr'><strong>posset</strong></span> <span class='ocrx_word' id='word_1_107' title='bbox 765 1267 839 1325; x_wconf 90' lang='lat' dir='ltr'><strong>inter</strong></span> <span class='ocrx_word' id='word_1_108' title='bbox 854 1265 975 1326; x_wconf 90' lang='lat' dir='ltr'><strong>ridicula</strong></span> <span class='ocrx_word' id='word_1_109' title='bbox 992 1268 1145 1327; x_wconf 90' lang='lat' dir='ltr'><strong>numerari.</strong></span> 
     </span>
    </p>

    <p class='ocr_par' dir='ltr' id='par_1_5' title="bbox 87 1347 1149 1932">
     <span class='ocr_line' id='line_1_14' title="bbox 87 1347 1147 1429; baseline -0.007 -13"><span class='ocrx_word' id='word_1_110' title='bbox 87 1352 237 1416; x_wconf 69' lang='lat' dir='ltr'><strong>lltlltiam</strong></span> <span class='ocrx_word' id='word_1_111' title='bbox 256 1352 337 1429; x_wconf 94' lang='lat' dir='ltr'><strong>illud,</strong></span> <span class='ocrx_word' id='word_1_112' title='bbox 355 1347 432 1429; x_wconf 89' lang='lat' dir='ltr'><strong>quod</strong></span> <span class='ocrx_word' id='word_1_113' title='bbox 445 1348 549 1411; x_wconf 91' lang='lat' dir='ltr'><strong>Cicero</strong></span> <span class='ocrx_word' id='word_1_114' title='bbox 563 1347 709 1410; x_wconf 83' lang='lat' dir='ltr'><strong>Corelliae</strong></span> <span class='ocrx_word' id='word_1_115' title='bbox 725 1351 841 1427; x_wconf 89' lang='lat' dir='ltr'><strong>scripsit</strong></span> <span class='ocrx_word' id='word_1_116' title='bbox 857 1348 981 1410; x_wconf 88' lang='lat' dir='ltr'><strong>reddens</strong></span> <span class='ocrx_word' id='word_1_117' title='bbox 993 1352 1147 1426; x_wconf 91' lang='lat' dir='ltr'><strong>rationem,</strong></span> 
     </span>
     <span class='ocr_line' id='line_1_15' title="bbox 147 1432 1147 1512; baseline 0.001 -16"><span class='ocrx_word' id='word_1_118' title='bbox 147 1455 198 1498; x_wconf 91' lang='lat' dir='ltr'><strong>our</strong></span> <span class='ocrx_word' id='word_1_119' title='bbox 215 1436 265 1496; x_wconf 90' lang='lat' dir='ltr'><strong>illa</strong></span> <span class='ocrx_word' id='word_1_120' title='bbox 283 1434 315 1496; x_wconf 90' lang='lat' dir='ltr'><strong>C.</strong></span> <span class='ocrx_word' id='word_1_121' title='bbox 334 1433 468 1495; x_wconf 79' lang='lat' dir='ltr'><strong>Caesaris</strong></span> <span class='ocrx_word' id='word_1_122' title='bbox 497 1444 630 1512; x_wconf 87' lang='lat' dir='ltr'><strong>tempora</strong></span> <span class='ocrx_word' id='word_1_123' title='bbox 649 1443 705 1493; x_wconf 89' lang='lat' dir='ltr'><strong>tam</strong></span> <span class='ocrx_word' id='word_1_124' title='bbox 722 1435 865 1512; x_wconf 86' lang='lat' dir='ltr'><strong>patienter</strong></span> <span class='ocrx_word' id='word_1_125' title='bbox 880 1433 1038 1510; x_wconf 89' lang='lat' dir='ltr'><strong>toleraret,</strong></span> <span class='ocrx_word' id='word_1_126' title='bbox 1059 1432 1147 1496; x_wconf 83' lang='lat' dir='ltr'><strong>Haeo</strong></span> 
     </span>
     <span class='ocr_line' id='line_1_16' title="bbox 146 1515 1149 1598; baseline 0 -18"><span class='ocrx_word' id='word_1_127' title='bbox 146 1530 200 1580; x_wconf 89' lang='lat' dir='ltr'><strong>out</strong></span> <span class='ocrx_word' id='word_1_128' title='bbox 214 1522 315 1580; x_wconf 86' lang='lat' dir='ltr'><strong>animo</strong></span> <span class='ocrx_word' id='word_1_129' title='bbox 336 1516 460 1580; x_wconf 82' lang='lat' dir='ltr'><strong>Catonis</strong></span> <span class='ocrx_word' id='word_1_130' title='bbox 477 1519 611 1598; x_wconf 79' lang='lat' dir='ltr'><strong>serendo</strong></span> <span class='ocrx_word' id='word_1_131' title='bbox 629 1526 700 1579; x_wconf 80' lang='lat' dir='ltr'><strong>sont</strong></span> <span class='ocrx_word' id='word_1_132' title='bbox 722 1523 776 1578; x_wconf 86' lang='lat' dir='ltr'><strong>out</strong></span> <span class='ocrx_word' id='word_1_133' title='bbox 794 1515 950 1580; x_wconf 79' lang='lat' dir='ltr'><strong>Ciceronis</strong></span> <span class='ocrx_word' id='word_1_134' title='bbox 972 1519 1149 1590; x_wconf 62' lang='grc' dir='ltr'><strong>0100000100,ο</strong></span> 
     </span>
     <span class='ocr_line' id='line_1_17' title="bbox 147 1599 1147 1680; baseline 0 -18"><span class='ocrx_word' id='word_1_135' title='bbox 147 1603 312 1663; x_wconf 89' lang='lat' dir='ltr'><strong>stomachus</strong></span> <span class='ocrx_word' id='word_1_136' title='bbox 329 1603 403 1660; x_wconf 89' lang='lat' dir='ltr'><strong>euim</strong></span> <span class='ocrx_word' id='word_1_137' title='bbox 418 1602 468 1661; x_wconf 92' lang='lat' dir='ltr'><strong>ille</strong></span> <span class='ocrx_word' id='word_1_138' title='bbox 493 1599 580 1661; x_wconf 90' lang='lat' dir='ltr'><strong>habet</strong></span> <span class='ocrx_word' id='word_1_139' title='bbox 597 1601 706 1679; x_wconf 90' lang='lat' dir='ltr'><strong>aliquid</strong></span> <span class='ocrx_word' id='word_1_140' title='bbox 724 1603 790 1661; x_wconf 91' lang='lat' dir='ltr'><strong>ioco</strong></span> <span class='ocrx_word' id='word_1_141' title='bbox 807 1602 910 1661; x_wconf 85' lang='lat' dir='ltr'><strong>simile.</strong></span> <span class='ocrx_word' id='word_1_142' title='bbox 951 1600 1048 1677; x_wconf 90' lang='lat' dir='ltr'><strong>Haeo,</strong></span> <span class='ocrx_word' id='word_1_143' title='bbox 1071 1619 1147 1680; x_wconf 87' lang='lat' dir='ltr'><strong>quae</strong></span> 
     </span>
     <span class='ocr_line' id='line_1_18' title="bbox 145 1684 1146 1764; baseline 0.001 -19"><span class='ocrx_word' id='word_1_144' title='bbox 145 1685 310 1760; x_wconf 84' lang='lat' dir='ltr'><strong>movebant,</strong></span> <span class='ocrx_word' id='word_1_145' title='bbox 328 1685 530 1745; x_wconf 89' lang='lat' dir='ltr'><strong>dissimulanda</strong></span> <span class='ocrx_word' id='word_1_146' title='bbox 545 1684 611 1743; x_wconf 92' lang='lat' dir='ltr'><strong>mibi</strong></span> <span class='ocrx_word' id='word_1_147' title='bbox 628 1701 685 1743; x_wconf 93' lang='grc'>00000</span> <span class='ocrx_word' id='word_1_148' title='bbox 701 1686 832 1754; x_wconf 88' lang='lat' dir='ltr'><strong>fueruut;</strong></span> <span class='ocrx_word' id='word_1_149' title='bbox 859 1685 1006 1764; x_wconf 88' lang='lat' dir='ltr'><strong>inquibus</strong></span> <span class='ocrx_word' id='word_1_150' title='bbox 1023 1694 1053 1745; x_wconf 90' lang='lat' dir='ltr'><strong>ut</strong></span> <span class='ocrx_word' id='word_1_151' title='bbox 1069 1703 1146 1747; x_wconf 87' lang='lat' dir='ltr'><strong>erra·</strong></span> 
     </span>
     <span class='ocr_line' id='line_1_19' title="bbox 145 1768 1142 1848; baseline 0 -19"><span class='ocrx_word' id='word_1_152' title='bbox 145 1771 252 1846; x_wconf 84' lang='lat' dir='ltr'><strong>verim,</strong></span> <span class='ocrx_word' id='word_1_153' title='bbox 278 1770 412 1846; x_wconf 88' lang='lat' dir='ltr'><strong>legentes</strong></span> <span class='ocrx_word' id='word_1_154' title='bbox 430 1778 525 1829; x_wconf 89' lang='lat' dir='ltr'><strong>tamen</strong></span> <span class='ocrx_word' id='word_1_155' title='bbox 549 1785 606 1826; x_wconf 91' lang='grc'>00000</span> <span class='ocrx_word' id='word_1_156' title='bbox 622 1768 742 1846; x_wconf 90' lang='lat' dir='ltr'><strong>decepi,</strong></span> <span class='ocrx_word' id='word_1_157' title='bbox 765 1769 888 1829; x_wconf 89' lang='lat' dir='ltr'><strong>indicata</strong></span> <span class='ocrx_word' id='word_1_158' title='bbox 909 1779 938 1828; x_wconf 90' lang='lat' dir='ltr'><strong>et</strong></span> <span class='ocrx_word' id='word_1_159' title='bbox 954 1769 1069 1830; x_wconf 90' lang='lat' dir='ltr'><strong>diversa</strong></span> <span class='ocrx_word' id='word_1_160' title='bbox 1085 1771 1142 1848; x_wconf 83' lang='lat' dir='ltr'><strong>opi</strong></span> 
     </span>
     <span class='ocr_line' id='line_1_20' title="bbox 146 1851 961 1932; baseline -0.004 -19"><span class='ocrx_word' id='word_1_161' title='bbox 146 1855 242 1930; x_wconf 91' lang='lat' dir='ltr'><strong>nione,</strong></span> <span class='ocrx_word' id='word_1_162' title='bbox 260 1872 343 1932; x_wconf 90' lang='lat' dir='ltr'><strong>quam</strong></span> <span class='ocrx_word' id='word_1_163' title='bbox 359 1855 442 1930; x_wconf 91' lang='lat' dir='ltr'><strong>sequi</strong></span> <span class='ocrx_word' id='word_1_164' title='bbox 457 1854 550 1929; x_wconf 83' lang='lat' dir='ltr'><strong>magis</strong></span> <span class='ocrx_word' id='word_1_165' title='bbox 566 1851 753 1930; x_wconf 85' lang='lat' dir='ltr'><strong>probantibus</strong></span> <span class='ocrx_word' id='word_1_166' title='bbox 769 1853 891 1913; x_wconf 91' lang='lat' dir='ltr'><strong>liberum</strong></span> <span class='ocrx_word' id='word_1_167' title='bbox 907 1862 961 1913; x_wconf 90' lang='lat' dir='ltr'><strong>est.</strong></span> 
     </span>
    </p>
   </div>
   <div class='ocr_carea' id='block_1_3' title="bbox 479 2003 806 2058">
    <p class='ocr_par' dir='ltr' id='par_1_6' title="bbox 479 2003 806 2058">
     <span class='ocr_line' id='line_1_21' title="bbox 479 2003 806 2058; baseline 0.009 -3"><span class='ocrx_word' id='word_1_168' title='bbox 479 2005 522 2055; x_wconf 86' lang='lat' dir='ltr'><strong>DE</strong></span> <span class='ocrx_word' id='word_1_169' title='bbox 546 2003 806 2058; x_wconf 72' lang='lat' dir='ltr'><strong>ALTERCATIONE.</strong></span> 
     </span>
    </p>
   </div>
   <div class='ocr_carea' id='block_1_4' title="bbox 118 2100 1150 3349">
    <p class='ocr_par' dir='ltr' id='par_1_7' title="bbox 145 2100 1149 2852">
     <span class='ocr_line' id='line_1_22' title="bbox 230 2100 1147 2181; baseline 0.002 -21"><span class='ocrx_word' id='word_1_170' title='bbox 230 2101 279 2161; x_wconf 90' lang='lat' dir='ltr'><strong>lV.</strong></span> <span class='ocrx_word' id='word_1_171' title='bbox 316 2101 591 2162; x_wconf 84' lang='lat' dir='ltr'><strong>Alteroationis</strong></span> <span class='ocrx_word' id='word_1_172' title='bbox 623 2112 780 2181; x_wconf 90' lang='lat' dir='ltr'><strong>praecepta</strong></span> <span class='ocrx_word' id='word_1_173' title='bbox 801 2109 935 2179; x_wconf 87' lang='lat' dir='ltr'><strong>poterant</strong></span> <span class='ocrx_word' id='word_1_174' title='bbox 960 2100 1053 2160; x_wconf 91' lang='lat' dir='ltr'><strong>videri</strong></span> <span class='ocrx_word' id='word_1_175' title='bbox 1080 2108 1147 2162; x_wconf 88' lang='lat' dir='ltr'><strong>tuuc</strong></span> 
     </span>
     <span class='ocr_line' id='line_1_23' title="bbox 145 2185 1147 2266; baseline -0.003 -19"><span class='ocrx_word' id='word_1_176' title='bbox 145 2185 321 2261; x_wconf 89' lang='lat' dir='ltr'><strong>inchoanda,</strong></span> <span class='ocrx_word' id='word_1_177' title='bbox 347 2204 410 2245; x_wconf 91' lang='lat' dir='ltr'><strong>oum</strong></span> <span class='ocrx_word' id='word_1_178' title='bbox 426 2188 534 2263; x_wconf 86' lang='lat' dir='ltr'><strong>omnia,</strong></span> <span class='ocrx_word' id='word_1_179' title='bbox 555 2205 630 2266; x_wconf 88' lang='lat' dir='ltr'><strong>quae</strong></span> <span class='ocrx_word' id='word_1_180' title='bbox 648 2188 684 2247; x_wconf 91' lang='lat' dir='ltr'><strong>ad</strong></span> <span class='ocrx_word' id='word_1_181' title='bbox 700 2188 862 2247; x_wconf 88' lang='lat' dir='ltr'><strong>continuam</strong></span> <span class='ocrx_word' id='word_1_182' title='bbox 881 2186 1041 2245; x_wconf 89' lang='lat' dir='ltr'><strong>orationem</strong></span> <span class='ocrx_word' id='word_1_183' title='bbox 1059 2187 1147 2263; x_wconf 92' lang='lat' dir='ltr'><strong>perti·</strong></span> 
     </span>
     <span class='ocr_line' id='line_1_24' title="bbox 146 2268 1147 2348; baseline -0.001 -18"><span class='ocrx_word' id='word_1_184' title='bbox 146 2279 230 2346; x_wconf 87' lang='lat' dir='ltr'><strong>nent,</strong></span> <span class='ocrx_word' id='word_1_185' title='bbox 253 2271 451 2348; x_wconf 84' lang='lat' dir='ltr'><strong>peregissem,</strong></span> <span class='ocrx_word' id='word_1_186' title='bbox 473 2289 538 2330; x_wconf 89' lang='lat' dir='ltr'><strong>nam</strong></span> <span class='ocrx_word' id='word_1_187' title='bbox 562 2280 606 2330; x_wconf 90' lang='lat' dir='ltr'><strong>est</strong></span> <span class='ocrx_word' id='word_1_188' title='bbox 631 2289 699 2330; x_wconf 90' lang='lat' dir='ltr'><strong>usus</strong></span> <span class='ocrx_word' id='word_1_189' title='bbox 724 2272 785 2330; x_wconf 93' lang='lat' dir='ltr'><strong>eius</strong></span> <span class='ocrx_word' id='word_1_190' title='bbox 806 2271 906 2330; x_wconf 90' lang='lat' dir='ltr'><strong>ordine</strong></span> <span class='ocrx_word' id='word_1_191' title='bbox 928 2268 1058 2338; x_wconf 90' lang='lat' dir='ltr'><strong>ultimus;</strong></span> <span class='ocrx_word' id='word_1_192' title='bbox 1083 2268 1147 2345; x_wconf 86' lang='lat' dir='ltr'><strong>sed,</strong></span> 
     </span>
     <span class='ocr_line' id='line_1_25' title="bbox 148 2352 1147 2433; baseline -0.009 -18"><span class='ocrx_word' id='word_1_193' title='bbox 148 2373 211 2415; x_wconf 92' lang='lat' dir='ltr'><strong>cum</strong></span> <span class='ocrx_word' id='word_1_194' title='bbox 228 2355 264 2413; x_wconf 90' lang='lat' dir='ltr'><strong>sit</strong></span> <span class='ocrx_word' id='word_1_195' title='bbox 280 2355 376 2433; x_wconf 93' lang='lat' dir='ltr'><strong>posita</strong></span> <span class='ocrx_word' id='word_1_196' title='bbox 398 2356 426 2413; x_wconf 90' lang='lat' dir='ltr'><strong>in</strong></span> <span class='ocrx_word' id='word_1_197' title='bbox 447 2355 511 2414; x_wconf 92' lang='lat' dir='ltr'><strong>sola</strong></span> <span class='ocrx_word' id='word_1_198' title='bbox 530 2355 711 2431; x_wconf 87' lang='lat' dir='ltr'><strong>inventione,</strong></span> <span class='ocrx_word' id='word_1_199' title='bbox 737 2372 833 2432; x_wconf 90' lang='lat' dir='ltr'><strong>neque</strong></span> <span class='ocrx_word' id='word_1_200' title='bbox 855 2353 964 2413; x_wconf 88' lang='lat' dir='ltr'><strong>babere</strong></span> <span class='ocrx_word' id='word_1_201' title='bbox 980 2352 1147 2431; x_wconf 86' lang='lat' dir='ltr'><strong>dispositio.-</strong></span> 
     </span>
     <span class='ocr_line' id='line_1_26' title="bbox 147 2436 1149 2517; baseline -0.002 -19"><span class='ocrx_word' id='word_1_202' title='bbox 147 2457 212 2498; x_wconf 89' lang='lat' dir='ltr'><strong>nem</strong></span> <span class='ocrx_word' id='word_1_203' title='bbox 229 2439 323 2517; x_wconf 90' lang='lat' dir='ltr'><strong>possit</strong></span> <span class='ocrx_word' id='word_1_204' title='bbox 340 2456 395 2498; x_wconf 91' lang='grc' dir='ltr'><strong>00εο</strong></span> <span class='ocrx_word' id='word_1_205' title='bbox 410 2439 585 2499; x_wconf 78' lang='lat' dir='ltr'><strong>elocutionis</strong></span> <span class='ocrx_word' id='word_1_206' title='bbox 605 2448 772 2499; x_wconf 89' lang='lat' dir='ltr'><strong>ornamenta</strong></span> <span class='ocrx_word' id='word_1_207' title='bbox 794 2454 973 2515; x_wconf 84' lang='lat' dir='ltr'><strong>magnopere</strong></span> <span class='ocrx_word' id='word_1_208' title='bbox 999 2436 1149 2496; x_wconf 87' lang='lat' dir='ltr'><strong>desideret</strong></span> 
     </span>
     <span class='ocr_line' id='line_1_27' title="bbox 147 2522 1149 2602; baseline -0.003 -21"><span class='ocrx_word' id='word_1_209' title='bbox 147 2532 195 2582; x_wconf 92' lang='lat' dir='ltr'><strong>aut</strong></span> <span class='ocrx_word' id='word_1_210' title='bbox 211 2524 289 2582; x_wconf 88' lang='lat' dir='ltr'><strong>circa</strong></span> <span class='ocrx_word' id='word_1_211' title='bbox 307 2525 473 2582; x_wconf 87' lang='lat' dir='ltr'><strong>memoriam</strong></span> <span class='ocrx_word' id='word_1_212' title='bbox 489 2532 518 2582; x_wconf 94' lang='lat' dir='ltr'><strong>et</strong></span> <span class='ocrx_word' id='word_1_213' title='bbox 536 2525 797 2602; x_wconf 84' lang='lat' dir='ltr'><strong>pronuntiationem</strong></span> <span class='ocrx_word' id='word_1_214' title='bbox 814 2522 943 2582; x_wconf 90' lang='lat' dir='ltr'><strong>laboret:</strong></span> <span class='ocrx_word' id='word_1_215' title='bbox 966 2522 1045 2599; x_wconf 92' lang='lat' dir='ltr'><strong>prius</strong></span> <span class='ocrx_word' id='word_1_216' title='bbox 1063 2538 1149 2598; x_wconf 86' lang='lat' dir='ltr'><strong>quam</strong></span> 
     </span>
     <span class='ocr_line' id='line_1_28' title="bbox 148 2605 1148 2686; baseline -0.004 -21"><span class='ocrx_word' id='word_1_217' title='bbox 148 2606 303 2665; x_wconf 89' lang='lat' dir='ltr'><strong>secundam</strong></span> <span class='ocrx_word' id='word_1_218' title='bbox 323 2608 448 2684; x_wconf 90' lang='lat' dir='ltr'><strong>quinque</strong></span> <span class='ocrx_word' id='word_1_219' title='bbox 465 2609 604 2684; x_wconf 87' lang='lat' dir='ltr'><strong>partium,</strong></span> <span class='ocrx_word' id='word_1_220' title='bbox 629 2607 718 2682; x_wconf 92' lang='lat' dir='ltr'><strong>hanc,</strong></span> <span class='ocrx_word' id='word_1_221' title='bbox 742 2625 817 2686; x_wconf 86' lang='lat' dir='ltr'><strong>quae</strong></span> <span class='ocrx_word' id='word_1_222' title='bbox 838 2615 898 2666; x_wconf 91' lang='lat' dir='ltr'><strong>tota</strong></span> <span class='ocrx_word' id='word_1_223' title='bbox 916 2623 952 2664; x_wconf 87' lang='lat' dir='ltr'><strong>ex</strong></span> <span class='ocrx_word' id='word_1_224' title='bbox 970 2605 1059 2681; x_wconf 89' lang='lat' dir='ltr'><strong>prima</strong></span> <span class='ocrx_word' id='word_1_225' title='bbox 1077 2621 1148 2682; x_wconf 83' lang='lat' dir='ltr'><strong>pen-</strong></span> 
     </span>
     <span class='ocr_line' id='line_1_29' title="bbox 148 2687 1149 2768; baseline -0.004 -18"><span class='ocrx_word' id='word_1_226' title='bbox 148 2692 210 2766; x_wconf 90' lang='lat' dir='ltr'><strong>det,</strong></span> <span class='ocrx_word' id='word_1_227' title='bbox 226 2699 399 2750; x_wconf 79' lang='lat' dir='ltr'><strong>tractaturus</strong></span> <span class='ocrx_word' id='word_1_228' title='bbox 415 2707 472 2748; x_wconf 90' lang='lat' dir='ltr'><strong>non</strong></span> <span class='ocrx_word' id='word_1_229' title='bbox 489 2689 584 2750; x_wconf 90' lang='lat' dir='ltr'><strong>alieno</strong></span> <span class='ocrx_word' id='word_1_230' title='bbox 603 2689 670 2750; x_wconf 92' lang='lat' dir='ltr'><strong>loco</strong></span> <span class='ocrx_word' id='word_1_231' title='bbox 688 2691 804 2760; x_wconf 89' lang='lat' dir='ltr'><strong>videor;</strong></span> <span class='ocrx_word' id='word_1_232' title='bbox 824 2708 908 2768; x_wconf 86' lang='lat' dir='ltr'><strong>quam</strong></span> <span class='ocrx_word' id='word_1_233' title='bbox 920 2690 1080 2765; x_wconf 88' lang='lat' dir='ltr'><strong>scriptores</strong></span> <span class='ocrx_word' id='word_1_234' title='bbox 1101 2687 1149 2747; x_wconf 89' lang='lat' dir='ltr'><strong>alii</strong></span> 
     </span>
     <span class='ocr_line' id='line_1_30' title="bbox 146 2772 1149 2852; baseline -0.004 -19"><span class='ocrx_word' id='word_1_235' title='bbox 146 2775 273 2833; x_wconf 80' lang='lat' dir='ltr'><strong>fortasse</strong></span> <span class='ocrx_word' id='word_1_236' title='bbox 298 2773 364 2832; x_wconf 90' lang='lat' dir='ltr'><strong>ideo</strong></span> <span class='ocrx_word' id='word_1_237' title='bbox 388 2774 583 2852; x_wconf 86' lang='lat' dir='ltr'><strong>reliquerunt,</strong></span> <span class='ocrx_word' id='word_1_238' title='bbox 616 2776 681 2852; x_wconf 89' lang='lat' dir='ltr'><strong>quia</strong></span> <span class='ocrx_word' id='word_1_239' title='bbox 706 2776 775 2835; x_wconf 89' lang='lat' dir='ltr'><strong>satis</strong></span> <span class='ocrx_word' id='word_1_240' title='bbox 802 2775 909 2834; x_wconf 88' lang='lat' dir='ltr'><strong>ceteris</strong></span> <span class='ocrx_word' id='word_1_241' title='bbox 930 2772 1098 2851; x_wconf 87' lang='lat' dir='ltr'><strong>praeceptis</strong></span> <span class='ocrx_word' id='word_1_242' title='bbox 1120 2772 1149 2829; x_wconf 90' lang='lat' dir='ltr'><strong>in</strong></span> 
     </span>
    </p>

    <p class='ocr_par' dir='ltr' id='par_1_8' title="bbox 118 2854 1150 3349">
     <span class='ocr_line' id='line_1_31' title="bbox 118 2854 1150 2938; baseline -0.005 -18"><span class='ocrx_word' id='word_1_243' title='bbox 118 2858 222 2920; x_wconf 72' lang='lat' dir='ltr'><strong>thano</strong></span> <span class='ocrx_word' id='word_1_244' title='bbox 245 2874 361 2935; x_wconf 84' lang='lat' dir='ltr'><strong>quoque</strong></span> <span class='ocrx_word' id='word_1_245' title='bbox 384 2857 535 2917; x_wconf 88' lang='lat' dir='ltr'><strong>videbatur</strong></span> <span class='ocrx_word' id='word_1_246' title='bbox 560 2876 627 2918; x_wconf 87' lang='lat' dir='ltr'><strong>esse</strong></span> <span class='ocrx_word' id='word_1_247' title='bbox 647 2867 844 2938; x_wconf 88' lang='lat' dir='ltr'><strong>prospectum.</strong></span> <span class='ocrx_word' id='word_1_248' title='bbox 881 2854 1001 2916; x_wconf 79' lang='lat' dir='ltr'><strong>Constat</strong></span> <span class='ocrx_word' id='word_1_249' title='bbox 1017 2855 1092 2914; x_wconf 90' lang='lat' dir='ltr'><strong>enim</strong></span> <span class='ocrx_word' id='word_1_250' title='bbox 1112 2872 1150 2915; x_wconf 81' lang='lat' dir='ltr'><strong>ex</strong></span> 
     </span>
     <span class='ocr_line' id='line_1_32' title="bbox 146 2940 1148 3021; baseline -0.002 -22"><span class='ocrx_word' id='word_1_251' title='bbox 146 2943 303 3000; x_wconf 89' lang='lat' dir='ltr'><strong>intentione</strong></span> <span class='ocrx_word' id='word_1_252' title='bbox 322 2960 356 3000; x_wconf 94' lang='lat' dir='ltr'><strong>ao</strong></span> <span class='ocrx_word' id='word_1_253' title='bbox 373 2941 561 3020; x_wconf 88' lang='lat' dir='ltr'><strong>depulsione,</strong></span> <span class='ocrx_word' id='word_1_254' title='bbox 579 2943 614 3003; x_wconf 93' lang='lat' dir='ltr'><strong>de</strong></span> <span class='ocrx_word' id='word_1_255' title='bbox 633 2943 736 3021; x_wconf 84' lang='lat' dir='ltr'><strong>quibus</strong></span> <span class='ocrx_word' id='word_1_256' title='bbox 753 2944 822 3003; x_wconf 89' lang='lat' dir='ltr'><strong>satis</strong></span> <span class='ocrx_word' id='word_1_257' title='bbox 840 2940 972 3002; x_wconf 90' lang='lat' dir='ltr'><strong>traditum</strong></span> <span class='ocrx_word' id='word_1_258' title='bbox 992 2947 1050 3008; x_wconf 89' lang='lat' dir='ltr'><strong>est;</strong></span> <span class='ocrx_word' id='word_1_259' title='bbox 1069 2940 1148 3018; x_wconf 84' lang='lat' dir='ltr'><strong>quia,</strong></span> 
     </span>
     <span class='ocr_line' id='line_1_33' title="bbox 147 3022 1149 3105; baseline -0.001 -23"><span class='ocrx_word' id='word_1_260' title='bbox 147 3025 283 3103; x_wconf 88' lang='lat' dir='ltr'><strong>quidquid</strong></span> <span class='ocrx_word' id='word_1_261' title='bbox 297 3026 452 3086; x_wconf 82' lang='lat' dir='ltr'><strong>iunctione</strong></span> <span class='ocrx_word' id='word_1_262' title='bbox 468 3035 610 3105; x_wconf 87' lang='lat' dir='ltr'><strong>perpetua</strong></span> <span class='ocrx_word' id='word_1_263' title='bbox 623 3029 700 3088; x_wconf 89' lang='lat' dir='ltr'><strong>circa</strong></span> <span class='ocrx_word' id='word_1_264' title='bbox 713 3026 900 3105; x_wconf 89' lang='lat' dir='ltr'><strong>probationes</strong></span> <span class='ocrx_word' id='word_1_265' title='bbox 914 3024 984 3084; x_wconf 90' lang='lat' dir='ltr'><strong>utile</strong></span> <span class='ocrx_word' id='word_1_266' title='bbox 998 3030 1054 3099; x_wconf 88' lang='lat' dir='ltr'><strong>est,</strong></span> <span class='ocrx_word' id='word_1_267' title='bbox 1072 3022 1149 3083; x_wconf 88' lang='lat' dir='ltr'><strong>idem</strong></span> 
     </span>
     <span class='ocr_line' id='line_1_34' title="bbox 146 3105 1150 3190; baseline 0 -23"><span class='ocrx_word' id='word_1_268' title='bbox 146 3111 175 3167; x_wconf 91' lang='lat' dir='ltr'><strong>iu</strong></span> <span class='ocrx_word' id='word_1_269' title='bbox 196 3107 251 3167; x_wconf 92' lang='lat' dir='ltr'><strong>hac</strong></span> <span class='ocrx_word' id='word_1_270' title='bbox 271 3108 353 3168; x_wconf 89' lang='lat' dir='ltr'><strong>brevi</strong></span> <span class='ocrx_word' id='word_1_271' title='bbox 375 3119 462 3187; x_wconf 89' lang='lat' dir='ltr'><strong>atque</strong></span> <span class='ocrx_word' id='word_1_272' title='bbox 484 3112 600 3170; x_wconf 89' lang='lat' dir='ltr'><strong>concisa</strong></span> <span class='ocrx_word' id='word_1_273' title='bbox 622 3113 715 3190; x_wconf 91' lang='lat' dir='ltr'><strong>prosit</strong></span> <span class='ocrx_word' id='word_1_274' title='bbox 738 3128 862 3171; x_wconf 87' lang='lat' dir='ltr'><strong>necesse</strong></span> <span class='ocrx_word' id='word_1_275' title='bbox 879 3117 933 3172; x_wconf 85' lang='lat' dir='ltr'><strong>est.</strong></span> <span class='ocrx_word' id='word_1_276' title='bbox 971 3105 1076 3184; x_wconf 88' lang='lat' dir='ltr'><strong>Neque</strong></span> <span class='ocrx_word' id='word_1_277' title='bbox 1092 3106 1150 3167; x_wconf 87' lang='lat' dir='ltr'><strong>alia</strong></span> 
     </span>
     <span class='ocr_line' id='line_1_35' title="bbox 146 3190 1149 3270; baseline -0.002 -20"><span class='ocrx_word' id='word_1_278' title='bbox 146 3190 278 3250; x_wconf 88' lang='lat' dir='ltr'><strong>dicuntur</strong></span> <span class='ocrx_word' id='word_1_279' title='bbox 293 3194 321 3251; x_wconf 91' lang='lat' dir='ltr'><strong>in</strong></span> <span class='ocrx_word' id='word_1_280' title='bbox 344 3193 532 3253; x_wconf 89' lang='lat' dir='ltr'><strong>altercatione</strong></span> <span class='ocrx_word' id='word_1_281' title='bbox 555 3195 608 3254; x_wconf 90' lang='lat' dir='ltr'><strong>sed</strong></span> <span class='ocrx_word' id='word_1_282' title='bbox 623 3195 723 3270; x_wconf 90' lang='lat' dir='ltr'><strong>aliter,</strong></span> <span class='ocrx_word' id='word_1_283' title='bbox 747 3203 794 3254; x_wconf 93' lang='lat' dir='ltr'><strong>aut</strong></span> <span class='ocrx_word' id='word_1_284' title='bbox 812 3192 1017 3270; x_wconf 87' lang='lat' dir='ltr'><strong>interrogando</strong></span> <span class='ocrx_word' id='word_1_285' title='bbox 1036 3198 1085 3249; x_wconf 91' lang='lat' dir='ltr'><strong>aut</strong></span> <span class='ocrx_word' id='word_1_286' title='bbox 1102 3208 1149 3249; x_wconf 89' lang='lat' dir='ltr'><strong>re·</strong></span> 
     </span>
     <span class='ocr_line' id='line_1_36' title="bbox 147 3274 1149 3349; baseline 0.002 -19"><span class='ocrx_word' id='word_1_287' title='bbox 147 3274 327 3349; x_wconf 88' lang='lat' dir='ltr'><strong>spondendo.</strong></span> <span class='ocrx_word' id='word_1_288' title='bbox 361 3274 447 3337; x_wconf 89' lang='lat' dir='ltr'><strong>Cuius</strong></span> <span class='ocrx_word' id='word_1_289' title='bbox 468 3279 511 3337; x_wconf 90' lang='lat' dir='ltr'><strong>rei</strong></span> <span class='ocrx_word' id='word_1_290' title='bbox 535 3278 598 3336; x_wconf 89' lang='lat' dir='ltr'><strong>tere</strong></span> <span class='ocrx_word' id='word_1_291' title='bbox 618 3280 708 3337; x_wconf 89' lang='lat' dir='ltr'><strong>omnis</strong></span> <span class='ocrx_word' id='word_1_292' title='bbox 730 3279 896 3338; x_wconf 84' lang='lat' dir='ltr'><strong>observatio</strong></span> <span class='ocrx_word' id='word_1_293' title='bbox 917 3277 946 3334; x_wconf 90' lang='lat' dir='ltr'><strong>in</strong></span> <span class='ocrx_word' id='word_1_294' title='bbox 965 3274 1016 3335; x_wconf 90' lang='lat' dir='ltr'><strong>illo</strong></span> <span class='ocrx_word' id='word_1_295' title='bbox 1031 3274 1149 3333; x_wconf 85' lang='lat' dir='ltr'><strong>testium</strong></span> 
     </span>
    </p>
   </div>
   <div class='ocr_carea' id='block_1_5' title="bbox 119 3355 1149 3524">
    <p class='ocr_par' dir='ltr' id='par_1_9' title="bbox 119 3355 1149 3524">
     <span class='ocr_line' id='line_1_37' title="bbox 119 3355 1149 3441; baseline -0.001 -25"><span class='ocrx_word' id='word_1_296' title='bbox 119 3355 215 3416; x_wconf 74' lang='grc'>31000</span> <span class='ocrx_word' id='word_1_297' title='bbox 235 3376 359 3420; x_wconf 84' lang='lat' dir='ltr'><strong>excussa</strong></span> <span class='ocrx_word' id='word_1_298' title='bbox 374 3360 458 3420; x_wconf 89' lang='lat' dir='ltr'><strong>uobis</strong></span> <span class='ocrx_word' id='word_1_299' title='bbox 477 3371 531 3421; x_wconf 85' lang='lat' dir='ltr'><strong>est.</strong></span> <span class='ocrx_word' id='word_1_300' title='bbox 557 3360 664 3421; x_wconf 87' lang='lat' dir='ltr'><strong>&#39;lamen</strong></span> <span class='ocrx_word' id='word_1_301' title='bbox 677 3363 742 3441; x_wconf 89' lang='lat' dir='ltr'><strong>quia</strong></span> <span class='ocrx_word' id='word_1_302' title='bbox 758 3363 843 3423; x_wconf 90' lang='lat' dir='ltr'><strong>latius</strong></span> <span class='ocrx_word' id='word_1_303' title='bbox 857 3361 915 3422; x_wconf 93' lang='lat' dir='ltr'><strong>boo</strong></span> <span class='ocrx_word' id='word_1_304' title='bbox 926 3377 999 3439; x_wconf 92' lang='lat' dir='ltr'><strong>opus</strong></span> <span class='ocrx_word' id='word_1_305' title='bbox 1013 3357 1149 3436; x_wconf 77' lang='lat' dir='ltr'><strong>aggressi</strong></span> 
     </span>
     <span class='ocr_line' id='line_1_38' title="bbox 147 3442 1147 3524; baseline 0.004 -27"><span class='ocrx_word' id='word_1_306' title='bbox 147 3457 259 3520; x_wconf 81' lang='lat' dir='ltr'><strong>sumus,</strong></span> <span class='ocrx_word' id='word_1_307' title='bbox 283 3460 377 3524; x_wconf 83' lang='lat' dir='ltr'><strong>neque</strong></span> <span class='ocrx_word' id='word_1_308' title='bbox 400 3445 550 3524; x_wconf 87' lang='lat' dir='ltr'><strong>perlectus</strong></span> <span class='ocrx_word' id='word_1_309' title='bbox 567 3455 665 3506; x_wconf 92' lang='lat' dir='ltr'><strong>orator</strong></span> <span class='ocrx_word' id='word_1_310' title='bbox 681 3447 743 3505; x_wconf 89' lang='lat' dir='ltr'><strong>siue</strong></span> <span class='ocrx_word' id='word_1_311' title='bbox 764 3446 819 3507; x_wconf 92' lang='lat' dir='ltr'><strong>bac</strong></span> <span class='ocrx_word' id='word_1_312' title='bbox 837 3447 943 3505; x_wconf 86' lang='lat' dir='ltr'><strong>virtute</strong></span> <span class='ocrx_word' id='word_1_313' title='bbox 964 3442 1020 3503; x_wconf 90' lang='lat' dir='ltr'><strong>dici</strong></span> <span class='ocrx_word' id='word_1_314' title='bbox 1037 3449 1147 3523; x_wconf 84' lang='lat' dir='ltr'><strong>potest,</strong></span> 
     </span>
    </p>
   </div>
   <div class='ocr_carea' id='block_1_6' title="bbox 0 0 1289 4026">
    <p class='ocr_par' dir='ltr' id='par_1_10' title="bbox 0 0 1289 4026">
     <span class='ocr_line' id='line_1_39' title="bbox 0 0 1289 4026; baseline 0 0"><span class='ocrx_word' id='word_1_315' title='bbox 0 0 1289 4026; x_wconf 95' lang='lat' dir='ltr'><strong> </strong></span> 
     </span>
    </p>
   </div>
  </div>
 </body>
</html>
