2566 4026
224 163 284 229 182
540 178 577 225 u.
590 176 669 224 nse.
682 175 904 236 numeramur

222 333 395 396 stituendum
415 343 477 408 est,
497 339 577 392 utet
604 329 716 408 digredi
737 348 775 390 ex
797 348 833 390 eo
856 340 885 391 et
912 332 1031 410 regredi
1049 335 1078 392 in
1098 333 1127 392 id
1142 333 1234 394 facile

193 419 375 500 opossimus.
408 416 480 477 Nam
499 424 530 476 ut
545 416 666 495 primum
681 423 726 474 est
741 415 827 475 domo
848 416 954 475 afferre
969 426 1098 493 paratam
1116 416 1234 478 dicendi

222 505 337 582 copiam
357 510 387 561 et
410 511 533 562 certam:
555 501 594 559 ita
614 499 742 559 refutare
763 501 902 577 temporis
919 517 1037 560 munera
1051 501 1141 577 longe
1161 501 1233 560 stul-

221 590 360 647 tissimum
381 595 436 646 cst.
482 584 579 659 Quare
600 584 739 660 cogitatio
766 585 794 642 in
817 582 875 644 hoc
894 594 1158 663 praeparetur,ut
1178 603 1233 644 nos

220 673 335 732 fortuna
351 670 490 748 decipere
508 686 565 728 non
580 668 691 746 possit,
714 666 850 727 adiuvare
865 670 969 746 possit.
1013 668 1046 729 ld
1066 678 1163 729 autem
1183 669 1234 728 liet

219 755 376 815 memoriae
392 753 512 829 viribus,
528 761 559 811 ut
573 750 640 826 illa,
657 768 732 829 quae
749 752 895 830 complexi
910 753 1003 812 animo
1018 771 1126 830 sumus,
1143 752 1234 813 iluant

220 857 341 906 secura;
358 854 415 897 non
431 836 575 897 sollicitos
599 845 630 896 et
648 835 842 913 respicientes
864 845 894 896 ει
914 854 970 898 una
995 855 1050 916 spe
1069 855 1233 916 suspensos

219 922 432 983 recordationis
447 938 506 981 non
521 921 615 980 sinant
632 919 799 998 providere.
832 919 951 999 Alioqui
975 920 1023 981 vel
1045 930 1233 1000 extempora-

219 1008 278 1067 lem
296 1008 487 1066 temeritatem
499 1004 677 1083 malequam
694 1003 770 1064 male
787 1004 993 1065 cohaerentem
1011 1006 1231 1083 cogitationem.

192 1091 305 1152 ll’eius
322 1092 397 1150 enirn
412 1089 560 1169 quaeritur
575 1097 739 1164 retrorsus,
762 1090 844 1167 quia,
866 1089 932 1150 dum
952 1089 1002 1150 illa
1019 1089 1232 1165 desideramus,

220 1174 255 1235 ab
274 1175 337 1234 aliis
353 1176 523 1249 avertimur,
547 1181 576 1232 et
597 1190 635 1232 ex
651 1174 789 1233 memoria
804 1174 901 1252 potius
916 1175 1075 1251 repetimus
1092 1192 1179 1252 quam
1196 1191 1234 1232 ex

220 1260 349 1319 materia.
376 1258 462 1320 Plura
478 1265 542 1318 sunt
552 1266 658 1334 autem,
676 1257 701 1316 si
712 1265 864 1336 utrumque
877 1257 1072 1336 quaerendum
1086 1267 1141 1334 est,
1157 1276 1233 1337 quae

219 1344 342 1403 inveniri
357 1351 480 1423 possunt
497 1359 584 1420 quam
599 1359 674 1420 quae
692 1341 807 1401 inventa
823 1351 898 1401 sunt.

255 1495 511 1558 ounmsnmoottm
527 1488 781 1546 nxnnmronstts
798 1493 968 1545 FAGILITAS
983 1494 1137 1546 PARETUR
1155 1496 1197 1545 ET

608 1575 849 1632 CONTINEATUR.

302 1671 367 1732 vll.
399 1671 541 1732 llaximus
557 1683 631 1733 varo
643 1670 801 1731 studiorum
817 1671 928 1731 imatus
945 1680 990 1732 est
1006 1681 1036 1732 et
1051 1672 1131 1732 velut
1146 1687 1233 1750 prae·

218 1757 304 1815 mmm
320 1756 464 1834 quoddam
480 1756 685 1835 amplissimum
702 1753 783 1832 longi
798 1754 908 1815 laboris
928 1774 970 1815 ex
988 1764 1158 1836 tempore
1182 1757 1232 1816 di·

221 1839 330 1899 cendi
347 1839 527 1916 facultas,
546 1857 630 1917 quam
642 1840 690 1917 qui
702 1856 760 1898 non
773 1841 828 1899 erit
840 1849 1026 1917 consecutus,
1039 1858 1104 1900 mea
1116 1841 1232 1918 quidem

220 1924 364 1983 sententia
386 1922 520 1982 civilibus
541 1923 647 1983 ciliciis
667 1923 843 1984 renuntiabit
866 1933 896 1984 et
916 1924 1008 1984 solam
1024 1924 1173 1985 scribendi
1190 1925 1232 1982 la·

221 2007 359 2068 cultatem
382 2007 480 2085 potius
501 2007 537 2067 ad
560 2006 621 2067 alia·
636 2024 730 2085 opera·
755 2016 916 2068 convertet.
956 2007 1014 2067 Vix
1040 2010 1114 2067 enim
1136 2008 1233 2067 bonae

219 2090 288 2151 trusi
303 2093 366 2151 rirc
382 2091 518 2151 convenit
536 2090 672 2151 auxilium
687 2092 716 2150 in
730 2091 877 2171 publicum
892 2090 1038 2170 polliceri,
1056 2091 1134 2170 quod
1147 2110 1233 2170 prae-

221 2176 393 2235 sentissimis
410 2175 573 2254 quibusque
588 2175 728 2255 periculis
744 2176 832 2244 desim
849 2185 879 2235 ut
894 2179 1001 2235 intrare
1016 2185 1132 2254 portum
1149 2177 1233 2235 navis

192 2260 274 2328 anisi
291 2259 405 2320 lenibus
421 2261 515 2319 ventis
532 2269 618 2320 vscta
633 2277 691 2319 non
705 2261 809 2338 possit.
843 2260 990 2338 Siquidem
1006 2258 1233 2319 innumerabiles

220 2343 353 2404 accidunt
362 2343 474 2404 subitae
487 2346 680 2404 necessitates
696 2343 745 2404 vel
763 2343 838 2421 apud
849 2345 1033 2421 magistratus
1048 2342 1097 2404 vel
1112 2360 1233 2422 reprae-

219 2429 341 2489 sentatis
362 2428 475 2488 iudiciis
491 2430 627 2489 continuo
644 2427 760 2505 agentli.
799 2426 926 2501 Quarum
943 2424 968 2486 si
983 2440 1059 2506 qua,
1082 2445 1142 2486 non
1164 2427 1232 2486 dico

220 2513 383 2590 cuicunque
395 2514 589 2572 innocentium
601 2512 705 2572 ciuium
723 2510 776 2571 sed
788 2512 944 2571 amicorum
953 2529 989 2572 ac
1000 2513 1230 2591 propinquorum

219 2595 305 2656 alicui
319 2598 468 2656 evenerit:
485 2596 610 2656 stabitne
622 2605 716 2655 mutus
732 2603 762 2654 et
775 2595 931 2655 salutarem
943 2595 1110 2674 petentibus
1126 2612 1233 2654 uocem

220 2681 386 2758 statimque,
402 2681 427 2739 si
441 2697 500 2739 non
514 2688 712 2755 succurratur,
727 2680 864 2758 perituris
879 2696 975 2739 moras
992 2688 1022 2740 et
1033 2696 1186 2740 secessum
1203 2687 1233 2737 et

220 2763 367 2823 silentium·
389 2772 527 2842 quaeret,
550 2764 614 2824 dum
637 2763 689 2823 illa
709 2762 800 2823 verba
822 2763 1001 2823 fabricentur
1022 2772 1053 2823 et
1072 2763 1231 2826 memoriae

189 2847 341 2911 ttinsidsnt
357 2857 386 2908 et
402 2865 462 2908 uox
479 2848 604 2909 aelatus
626 2844 839 2926 praeparetur?
867 2844 951 2921 Quae
964 2863 1039 2908 vcro
1052 2849 1159 2926 patitur
1173 2845 1230 2905 hoc

221 2933 325 3008 oratio,
341 2941 372 2992 ut
389 2934 540 3012 quisquam
553 2934 648 3011 possit
659 2941 758 2992 orator
776 2933 909 2991 omittere
926 2929 1033 2992 casusi
1064 2930 1149 3006 Quid,
1167 2947 1232 2988 cum

219 3016 387 3077 adversario
414 3014 649 3096 respondendum
673 3017 742 3093 crit,
768 3012 839 3076 liet?
873 3014 945 3075 Nam
967 3034 1059 3095 saepe
1080 3032 1131 3091 aa,
1155 3030 1232 3091 quae

221 3101 329 3178 opinati
352 3118 449 3160 sumus
479 3111 508 3162 et
532 3111 633 3162 contra
655 3118 729 3179 quae
752 3101 940 3179 scripsimus,
968 3100 1090 3176 fallunt,
1113 3116 1148 3159 ac
1168 3107 1232 3156 tota

221 3182 317 3244 subito
339 3200 426 3245 causa
448 3194 586 3254 mutatur:
603 3194 690 3263 atque
707 3193 738 3244 ct
755 3184 944 3262 galematori
960 3184 996 3245 ad
1011 3186 1145 3245 incursus
1160 3190 1232 3241 tem·

220 3271 365 3344 pestutum
386 3269 430 3328 slc
453 3271 551 3346 agenti
573 3269 609 3330 ad
625 3271 796 3328 uarietatem
820 3284 970 3329 causarum
999 3270 1074 3328 ratio
1099 3265 1232 3326 mutanda

195 3358 279 3412 test.
309 3350 384 3424 Quid
402 3370 494 3431 porro
507 3352 611 3413 multus
630 3352 713 3412 stilus
729 3362 758 3413 et
776 3352 892 3413 assidua
908 3352 998 3412 lectio
1017 3361 1046 3412 et
1067 3351 1157 3428 longa
1174 3359 1232 3409 stu·

220 3433 331 3494 diorum
354 3445 435 3498 actas
459 3436 543 3513 iacit,
569 3438 593 3496 si
617 3445 713 3496 manet
735 3436 838 3496 eadem
858 3454 933 3519 qnae
955 3436 1009 3496 luit
1026 3434 1233 3514 incipientibus
