2566 4026
203 186 265 248 230
521 201 557 247 m.
573 197 651 247 nnn.
668 198 888 259 curuummnr

203 354 318 415 tundam
334 371 402 412 csse
418 363 447 414 et
468 363 536 432 apte
553 371 669 413 caesam
683 351 786 428 velim,
810 352 895 412 aliter
910 354 985 411 enirn
1001 353 1101 412 multis
1122 357 1223 416 modis

202 438 252 497 liet
269 438 403 497 enormis.
438 437 508 498 Pars
524 439 586 496 eius
608 438 688 516 prior
708 435 811 495 mediis
834 436 966 496 cruribus
983 438 1095 515 optime
1117 440 1221 498 termi-

148 530 300 596 lbbuatur,
324 523 472 598 posterior
489 522 591 581 eadem
607 521 742 598 portione
766 520 850 580 altius
872 538 927 598 qua
950 520 1091 579 cinctura.
1129 523 1220 583 Sinus

203 605 442 680 decentissimus,
470 606 494 663 si
518 604 666 683 aliquanto
687 621 774 682 supra
794 605 878 663 imam
900 613 998 680 togam
1013 603 1119 674 luerit;
1146 625 1219 665 nun·

203 706 288 767 quam
304 697 385 747 certe
400 690 437 748 sit
451 688 580 748 inferior.
608 687 677 762 llle,
705 689 753 765 qui
770 686 823 746 sub
839 686 958 747 humero
981 688 1086 746 dextro
1111 689 1152 749 ad
1179 693 1220 750 si·

202 774 322 830 nistrum
345 771 463 850 oblique
490 772 602 833 ducitur
625 770 707 829 velut
724 770 854 846 balteus,
881 789 937 830 nec
964 770 1132 846 strangulet
1160 792 1219 834 nec

203 855 281 915 iluat.
320 854 391 914 Pars
406 865 510 932 togae,
534 873 608 933 quae
626 863 729 932 postca
745 855 913 932 imponitur,
931 855 967 912 sit
984 853 1125 922 inferior;
1150 875 1218 917 nam

203 941 243 998 ita
267 946 296 996 et
318 938 402 998 sedet
422 939 524 998 melius
548 948 578 999 et
601 940 771 998 continetur.
810 937 1003 997 Subducenda
1031 939 1120 997 etiam
1144 958 1217 1018 pars

203 1021 300 1102 aliqua
315 1024 445 1098 tunicae,
467 1041 503 1081 ne
520 1023 554 1082 od
570 1022 710 1081 lacertum
724 1023 753 1080 in
768 1030 833 1082 actu
851 1022 968 1089 redeat;
991 1030 1050 1080 tum
1072 1018 1215 1083 sinus'in·

202 1105 343 1165 iiciendus
361 1105 497 1181 humero,
515 1107 594 1165 cuius
613 1114 771 1165 extremam
786 1121 866 1164 oram
883 1107 1027 1164 reiecisse
1043 1122 1102 1164 non
1121 1107 1215 1167 dede-

146 1192 194 1247 141
204 1197 259 1247 cet.
302 1186 416 1266 Operiri
439 1199 534 1250 autem
555 1189 704 1249 humerum
725 1207 789 1249 cum
809 1196 872 1248 toto
887 1188 987 1265 iugulo
1004 1204 1062 1247 nou
1078 1200 1214 1268 oportet,

203 1272 312 1350 alioqui
328 1275 447 1333 amictus
463 1274 513 1333 liet
528 1282 677 1350 angustus,
694 1281 723 1332 et
738 1272 920 1350 dignitatem,
939 1289 1014 1350 quae
1037 1282 1083 1332 est
1100 1275 1132 1331 in
1148 1274 1214 1334 lati·

203 1355 301 1416 tudine
316 1359 465 1434 pectoris,
488 1358 602 1435 perdet.
635 1358 784 1417 Sinistrum
806 1355 955 1416 brachium
971 1372 1008 1415 eo
1026 1373 1122 1434 usque
1140 1358 1214 1418 alle·

145 1439 326 1500 lltvandum
342 1449 397 1517 est,
413 1450 444 1500 ut
462 1443 544 1520 quasi
558 1440 717 1501 normalem
732 1440 812 1500 illum
829 1440 963 1516 angulum
979 1439 1077 1499 iaciat.
1113 1441 1215 1521 Super

204 1524 282 1601 quod
297 1541 348 1584 ora
370 1542 407 1583 ex
428 1534 497 1602 toga
515 1524 623 1602 duplex
646 1523 809 1603 aequaliter
823 1525 935 1584 sedeat.
967 1521 1067 1582 lllanus
1083 1541 1146 1583 non
1161 1527 1214 1584 im·

204 1606 318 1683 pleatur
333 1608 435 1683 anulis,
454 1610 613 1687 praecipue
627 1608 740 1667 medios
756 1608 894 1669 articulos
906 1625 963 1666 non
975 1607 1213 1678 transeuntibus;

204 1691 285 1748 cuius
309 1691 363 1750 erit
384 1691 499 1751 habitus
520 1694 644 1769 optimus
665 1691 791 1751 allevato
814 1692 923 1770 pollice
941 1699 970 1750 et
985 1690 1084 1767 digitis
1101 1692 1216 1752 leviter

203 1772 332 1849 inflexis,
357 1776 411 1833 nisi
429 1774 558 1836 libellum
573 1773 693 1834 tenebit.
729 1773 813 1847 Quod
832 1793 889 1834 non
911 1775 1011 1852 utique
1034 1777 1215 1852 captandum

204 1864 263 1924 est;
287 1857 400 1917 videtur
421 1859 496 1917 enim
516 1858 602 1917 lateri
622 1859 778 1917 memoriae
795 1858 984 1918 diffidentiam
1004 1866 1033 1917 et
1048 1857 1085 1917 ad
1100 1859 1214 1919 multos

145 1948 304 2016 143gestus
328 1950 373 2000 est
393 1942 607 2018 impedimento.
645 1941 755 2019 'lugam
777 1951 897 2002 veteres
919 1942 955 2002 ad
977 1941 1098 2001 calceos
1114 1960 1215 2021 usque

203 2022 391 2084 demittebant
413 2034 443 2084 ut
459 2023 563 2085 Graeci
586 2025 712 2103 pallium.
745 2026 836 2105 quue
852 2035 882 2086 ut
897 2026 961 2101 liat,
987 2026 1034 2103 qui
1058 2025 1096 2085 de
1121 2035 1215 2103 gestu

203 2107 382 2184 scripserunt
404 2109 482 2169 circa
504 2118 635 2188 temporo
656 2109 722 2184 illa,
746 2110 855 2170 Plotius
877 2109 1070 2187 Nigidiusque
1093 2112 1215 2186 praeci-

202 2191 292 2269 piunt.
327 2191 390 2265 Quo
412 2194 505 2270 magis
527 2194 616 2253 miror
638 2192 721 2252 Plinii
736 2194 864 2253 Secundi
889 2193 968 2253 docti
988 2192 1112 2253 bominis
1137 2196 1215 2253 etin

202 2273 373 2354 boeotique
396 2275 471 2336 libro
494 2295 589 2356 paene
613 2278 699 2336 etiam
715 2279 830 2337 nimium
848 2278 955 2336 curiosi
973 2277 1213 2355 persuasionem,

204 2359 252 2436 qui
269 2359 382 2419 solitum
400 2360 428 2419 id
443 2361 544 2421 iacere
561 2358 736 2421 Ciceronem
755 2361 946 2421 velandorum
967 2361 1097 2421 varicum
1113 2363 1215 2437 gratia

203 2441 302 2511 tradit;
325 2462 389 2503 cum
404 2445 462 2504 hoc
478 2446 597 2504 amictus
612 2463 705 2521 genus
721 2446 750 2504 in
765 2446 866 2505 statuis
883 2461 982 2503 corum
999 2460 1136 2523 qnoque,
1163 2446 1214 2524 qni

145 2534 270 2602 144post
288 2523 461 2587 Ciceronem
482 2528 612 2604 inerunt,
635 2538 785 2606 appareat.
817 2528 968 2589 Palliolum
991 2529 1065 2586 sicut
1086 2527 1211 2604 fascias,

203 2608 308 2687 quibus
322 2629 405 2671 crura
418 2613 593 2688 vestiuntur,
618 2621 648 2670 et
670 2612 776 2673 focalia
798 2622 827 2672 ot
848 2613 956 2672 aurium
971 2611 1129 2688 ligamenta
1146 2611 1214 2672 solu

204 2710 347 2753 excusare
365 2702 463 2772 potest
477 2695 624 2755 valetudo.

288 2777 348 2837 Sed
370 2777 446 2838 haec
466 2780 585 2839 amictus
607 2777 794 2856 observatio,
821 2778 886 2839 dum
910 2779 1076 2857 incipimus;
1099 2793 1210 2854 proce·

203 2859 291 2919 dente
313 2878 386 2921 vcro
409 2871 489 2938 actu,
512 2864 568 2922 iam
582 2880 678 2940 paene
700 2863 736 2923 ab
757 2864 837 2923 initio
863 2862 1052 2936 narrationis,
1074 2861 1156 2930 sinus
1173 2860 1211 2921 ab

203 2943 323 3003 humero
340 2955 423 3005 recte
438 2946 518 3006 velut
536 2955 639 3023 sponte
657 2945 818 3023 delabitur,
842 2955 887 3022 et,
905 2964 969 3006 cum
985 2946 1022 3004 ad
1038 2953 1213 3020 argumenta

204 3044 239 3085 ac
265 3026 349 3088 locos
375 3039 491 3089 ventum
517 3038 576 3105 est,
606 3031 733 3090 relicere
755 3048 772 3091 a
794 3031 910 3089 sinistro
936 3038 1049 3106 togam,
1076 3026 1212 3087 deiicere

150 3111 307 3187 145etiam,
333 3113 358 3171 si
381 3112 516 3188 haereat,
544 3114 634 3173 sinum
657 3115 820 3174 conveniet.
858 3112 955 3173 laeva
977 3130 993 3172 a
1017 3109 1152 3170 faucibus
1175 3128 1212 3170 ao

208 3213 317 3255 summo
334 3206 456 3276 pectore
472 3197 619 3258 abducere
634 3199 712 3258 licet.
743 3197 855 3258 Ardent
872 3198 947 3257 enim
963 3196 1020 3255 iarn
1037 3195 1142 3254 omnia.
1173 3193 1212 3252 Et

207 3286 237 3337 ut
251 3295 310 3338 vox
332 3279 535 3341 vehementior
554 3299 590 3341 ac
610 3283 701 3358 magis
714 3283 795 3342 varia
811 3289 869 3342 est:
893 3281 936 3340 sic
953 3280 1074 3340 amictus
1089 3293 1211 3356 quoque

147 3359 291 3422 rachater
312 3372 405 3423 actum
428 3364 571 3443 quendam
591 3365 671 3424 velut
690 3363 891 3441 proeliantem.
923 3362 1024 3442 Itaque
1042 3368 1073 3419 ut
1094 3360 1211 3420 laevam

201 3443 353 3508 involvere
369 3455 439 3525 toga
455 3456 484 3506 et
505 3449 612 3526 incingi
631 3465 725 3527 paene
741 3446 880 3507 furiosum
898 3455 959 3523 est,
982 3445 1074 3504 sinum
1088 3459 1163 3502 vero
1181 3444 1211 3503 in
