2566 4026
216 247 277 308 260
526 258 563 305 n.
585 258 664 304 nnn.
687 253 908 315 qomrrnrnnr

188 412 390 494 aexplicabit3
419 421 446 472 at
466 412 490 470 si
511 410 581 470 iuris
600 411 747 470 anfractus
764 417 812 468 ant
834 409 984 469 eruendae
1009 410 1156 472 veritatis
1173 412 1236 473 late

216 500 285 560 bras
300 498 380 559 adire
393 505 530 573 cogetur:
547 512 604 554 non
620 492 800 571 obequitabit
815 510 870 552 nee
885 491 945 552 illis
961 493 1162 556 vibrantibus
1177 513 1236 557 con·

218 583 372 660 citatisque
389 580 539 640 sententiis
555 579 636 638 velut
651 576 807 636 missilibus
824 584 935 652 utetur,
961 578 1020 637 sed
1049 580 1197 658 operibns
1212 589 1235 640 et

188 665 358 733 acuniculis
386 674 415 724 et
439 663 548 722 insidiis
577 671 606 722 et
631 660 755 721 occultis
785 659 893 720 artibus
919 678 983 719 rem
1010 673 1118 740 geret.
1163 663 1234 738 Quae

218 750 312 809 omnia
333 765 391 807 noo
412 747 478 807 dnm¹
497 746 565 805 liunt
585 746 752 820 laudantur,
782 745 836 805 sed
859 762 922 804 cnm
943 745 1027 806 iacta
1048 756 1137 818 sunt;
1168 749 1233 808 unde

217 835 303 892 etiarn
332 831 524 911 cupidissimis
555 831 699 908 opinionis
720 829 785 907 plus
805 829 917 889 fructus
940 831 1037 889 venit.
1077 831 1160 892 Nam
1181 851 1232 892 con

216 917 267 976 illa
285 915 399 976 dicendi
414 915 523 974 vitiosa·
531 915 647 975 iactatio
663 916 737 972 inter
753 913 908 991 plausores
924 929 995 972 snos
1015 914 1179 976 detonuit:
1196 935 1231 976 re·

217 1001 310 1076 surgit
331 1017 422 1059 verae
444 1000 557 1058 virtutis
579 998 683 1057 sortior
704 997 795 1073 iama,
824 1015 879 1056 uec
898 997 1033 1074 iudices,
1066 1017 1168 1080 aquo
1189 1003 1233 1059 sint
1268 1058 1272 1081 ,

217 1085 303 1160 moti,
320 1081 516 1157 dissimulant,
540 1091 569 1142 et
586 1081 680 1142 doctis
697 1080 838 1156 creditur,
862 1098 917 1140 nec
937 1089 983 1140 est
1002 1085 1160 1144 orationis
1174 1101 1233 1145 vera
1268 1128 1272 1151 .

189 1167 292 1242 olaus,
311 1168 366 1225 nisi
382 1184 446 1226 oum
462 1166 540 1227 linita
557 1175 612 1226 est.
637 1164 796 1225 Veteribus
813 1165 926 1242 quidem
943 1166 1035 1225 etiam
1050 1166 1233 1229 dissimulare

219 1252 413 1329 eloquentiam
437 1250 489 1309 init
509 1251 616 1325 moris,
643 1249 729 1328 idque
750 1247 789 1308 bl.
811 1248 953 1309 Antonius
975 1252 1158 1331 praecipit,
1186 1268 1232 1331 quo

218 1335 284 1414 plns
307 1334 468 1397 dicentibus
490 1334 557 1396 iidei
574 1335 725 1412 minusque
749 1342 906 1412 suspectae
927 1333 1155 1397 advocatorum
1177 1337 1234 1396 insi·

218 1420 283 1479 diae
299 1419 405 1488 forent.
435 1417 494 1478 Sed
509 1417 559 1478 illa
574 1416 757 1492 dissimulari,
774 1434 849 1495 quae
864 1426 922 1476 tum
939 1424 1014 1492 erat,
1035 1422 1158 1496 potnit;
1175 1438 1234 1480 noo·
1255 1446 1261 1453 ·

219 1504 285 1563 dnm
310 1505 384 1562 enirn
408 1510 514 1562 tautum
539 1502 654 1563 dicendi
674 1501 771 1561 lumen
794 1510 980 1575 accesserat,
1008 1511 1043 1562 ut
1069 1507 1168 1565 etiam
1191 1522 1235 1583 per

220 1587 365 1647 obstantia
381 1595 558 1664 erumperet.
595 1584 693 1659 Quare
708 1594 786 1644 artes
804 1585 918 1664 quidem
935 1593 964 1644 et
979 1587 1116 1649 consilia
1135 1589 1236 1649 lateant

220 1680 249 1730 et
271 1669 426 1748 quidquid,
451 1671 476 1728 si
498 1669 742 1748 deprehenditur,
766 1671 852 1747 perit.
888 1669 1039 1728 Hactenus
1064 1671 1236 1753 eloquentia

191 1762 366 1819 osecretum
390 1753 487 1813 babet.
518 1752 683 1812 Verborum
703 1752 819 1830 quidem
843 1752 992 1828 delectus,
1015 1756 1161 1830 gravitas
1180 1775 1236 1816 sen·

218 1838 388 1912 tertiarum,
416 1836 572 1913 figurarum
597 1837 743 1914 elegantia
770 1846 896 1897 autnon
919 1845 983 1895 sunt
1006 1847 1058 1897 aut
1081 1849 1235 1918 apparent.

219 1920 279 1980 Sed
294 1928 417 1998 propter
431 1921 489 1980 hoo
504 1923 597 1998 ipsum
607 1921 793 1982 'ostendenda
809 1939 866 1980 non
881 1929 956 1998 sunt,
975 1922 1058 1999 quod
1075 1933 1236 2002 appaream

219 2022 254 2064 ac
269 2006 294 2062 si
310 2021 395 2063 unum
416 2005 453 2063 sit
475 2022 513 2064 ex
530 2003 642 2065 duobus
661 2005 841 2083 eligendum:
866 2021 953 2065 causa
974 2006 1077 2082 potius
1105 2008 1237 2069 landetur

220 2106 304 2166 quarn
321 2096 471 2165 patronus.
502 2088 603 2150 Finem
619 2099 715 2149 tameo
730 2089 806 2150 bunc
821 2088 982 2167 praestabit
998 2100 1127 2168 orator,
1155 2103 1188 2152 ut
1201 2094 1236 2151 vi·

221 2172 323 2232 deatur
347 2172 482 2252 optimam
508 2191 625 2234 causam
650 2175 758 2253 optime
783 2176 891 2251 egisse.
926 2172 1000 2233 Illud
1027 2183 1152 2237 certum
1178 2178 1237 2250 erit,

220 2257 363 2316 nemiuem
387 2258 470 2336 peius
492 2276 584 2336 agere
611 2276 695 2336 quam
717 2259 765 2336 qui
794 2257 969 2336 displicente
999 2274 1094 2319 causa
1124 2260 1237 2338 placem

192 2349 347 2408 tnecesse
370 2350 415 2401 est
437 2343 512 2402 enim
535 2352 617 2403 extra
641 2359 756 2402 oausam
778 2342 830 2417 sit,
853 2342 931 2420 quod
948 2340 1060 2419 placet.
1098 2342 1171 2405 Nec
1191 2344 1237 2404 illo
1274 2408 1278 2419 ,

220 2424 336 2485 fastidio
352 2424 496 2485 laborabit
513 2436 613 2486 orator
627 2443 685 2485 non
700 2426 806 2504 agendi
822 2444 925 2487 causas
939 2427 1083 2502 minores,
1103 2437 1237 2508 tanquan

220 2509 294 2568 inira
312 2526 377 2568 eum
394 2511 450 2568 sint
465 2519 513 2570 ant
530 2509 696 2570 detractura
711 2513 748 2569 sit
764 2511 892 2589 opinioni
907 2511 999 2568 minus
1016 2508 1163 2572 liberalis
1184 2530 1237 2572 ma·
1276 2566 1279 2583 ,

220 2593 304 2651 teria.
349 2591 422 2652 Nam
441 2602 470 2653 et
488 2594 665 2673 suscipiendi
682 2595 756 2654 ratio
781 2595 935 2653 iustissima
960 2602 1007 2652 est
1029 2593 1186 2674 officium,
1213 2605 1238 2656 et
1277 2596 1279 2667 i

222 2674 376 2753 optandum
398 2679 499 2753 etiarn,
530 2686 560 2736 ut
581 2678 666 2738 amici
689 2696 772 2756 quam
795 2679 923 2737 minimas
941 2676 1009 2736 lites
1031 2676 1184 2752 habeant;
1213 2689 1238 2740 et

222 2757 336 2818 abunde
353 2759 423 2820 dixit
437 2760 531 2837 bene,
555 2762 686 2840 quisquis
702 2763 746 2821 rei
763 2762 916 2822 satisfecit.

193 2853 211 2906 8
306 2841 345 2902 At
361 2844 492 2923 quidam,
515 2846 628 2906 etiamsi
644 2845 722 2906 forte
740 2855 935 2924 susceperunt
953 2847 1077 2923 negotia
1093 2849 1189 2927 paulo
1204 2847 1237 2909 ad

221 2926 376 2987 dicendum
399 2929 548 3006 tenuiora,
578 2931 761 2990 extrinsecus
783 2931 915 2991 adductis
938 2948 974 2990 ea
996 2930 1088 2990 rebus
1115 2934 1235 2995 circum·

220 3010 324 3071 liniunt
341 3030 392 3088 ac,
409 3014 433 3071 si
450 3013 615 3074 defecerint
629 3013 702 3091 alia,
725 3015 865 3074 conviciis
883 3013 1005 3093 implent
1016 3033 1118 3077 vacua
1137 3034 1234 3078 causa·
1274 3030 1279 3143 q

221 3113 297 3163 rum;
320 3097 344 3154 ei
361 3097 519 3175 contingit,
538 3100 636 3168 veris;
663 3099 687 3158 si
702 3100 811 3175 minus,
834 3099 923 3167 lictis;
946 3099 1035 3158 modo
1059 3101 1098 3158 sit
1115 3101 1234 3163 materia

221 3179 332 3256 ingenii
346 3189 551 3261 mereaturque
568 3182 724 3244 clamorem
740 3183 806 3244 dum
824 3184 935 3243 dicitur.
970 3181 1058 3255 Quod
1078 3202 1141 3262 ego
1164 3185 1231 3245 adeo

222 3261 311 3340 longe
327 3273 397 3343 puto
419 3265 455 3326 ab
474 3275 591 3327 oratore
606 3267 757 3347 perlecto,
781 3277 812 3327 ut
828 3285 891 3326 eum
906 3284 943 3325 ne
958 3284 1030 3326 vera
1048 3269 1172 3347 quidem
1187 3267 1232 3328 ob·

193 3346 379 3425 9iectnrum,
396 3350 450 3409 nisi
466 3350 496 3411 id
512 3367 599 3410 causa
616 3352 717 3428 exigit,
736 3351 862 3411 credam.
894 3350 938 3411 Ila
954 3359 1000 3410 est
1018 3354 1097 3412 enim
1114 3367 1230 3431 prorsus
1268 3388 1279 3431 -·.

223 3431 355 3509 canino,
379 3441 409 3492 ut
424 3434 463 3493 ait
478 3432 609 3512 Appius,
627 3433 811 3512 eloquentia,
829 3436 1008 3513 cognituram
1024 3436 1103 3497 male
1121 3434 1231 3498 dicendi
1267 3434 1278 3511 l

223 3509 337 3584 subire;
369 3517 445 3597 quod
465 3517 637 3578 facientibus
660 3520 746 3580 etiam
767 3519 843 3580 male
865 3518 1000 3580 audiendi
1016 3519 1230 3602 praesumenda
1262 3514 1279 3833 Ι
