<?xml version="1.0" encoding="UTF-8"?>
<!DOCTYPE html PUBLIC "-//W3C//DTD XHTML 1.0 Transitional//EN"
    "http://www.w3.org/TR/xhtml1/DTD/xhtml1-transitional.dtd">
<html xmlns="http://www.w3.org/1999/xhtml" xml:lang="en" lang="en">
 <head>
  <title>
</title>
<meta http-equiv="Content-Type" content="text/html;charset=utf-8" />
  <meta name='ocr-system' content='tesseract 3.04.00' />
  <meta name='ocr-capabilities' content='ocr_page ocr_carea ocr_par ocr_line ocrx_word'/>
</head>
<body>
  <div class='ocr_page' id='page_1' title='image "./mfabiiquintilia00bonngoog/mfabiiquintilia00bonngoog_0044.png"; bbox 0 0 2566 4026; ppageno 0'>
   <div class='ocr_carea' id='block_1_1' title="bbox 410 170 1123 251">
    <p class='ocr_par' dir='ltr' id='par_1_1' title="bbox 410 170 1123 251">
     <span class='ocr_line' id='line_1_1' title="bbox 410 170 1123 251; baseline 0.007 -20"><span class='ocrx_word' id='word_1_1' title='bbox 410 170 828 251; x_wconf 79' lang='lat' dir='ltr'>mer.ounuon.u1s.l,3.</span> <span class='ocrx_word' id='word_1_2' title='bbox 1086 177 1123 236; x_wconf 84' lang='lat'>17</span> 
     </span>
    </p>
   </div>
   <div class='ocr_carea' id='block_1_2' title="bbox 113 337 1161 3588">
    <p class='ocr_par' dir='ltr' id='par_1_2' title="bbox 115 337 1149 1000">
     <span class='ocr_line' id='line_1_2' title="bbox 197 337 1149 418; baseline 0.008 -20"><span class='ocrx_word' id='word_1_3' title='bbox 197 337 280 398; x_wconf 88' lang='lat' dir='ltr'>llaec</span> <span class='ocrx_word' id='word_1_4' title='bbox 295 356 360 398; x_wconf 89' lang='lat' dir='ltr'>oum</span> <span class='ocrx_word' id='word_1_5' title='bbox 375 338 625 414; x_wconf 87' lang='lat' dir='ltr'>animadverterit,</span> <span class='ocrx_word' id='word_1_6' title='bbox 647 340 806 416; x_wconf 89' lang='lat' dir='ltr'>perspiciat</span> <span class='ocrx_word' id='word_1_7' title='bbox 821 339 978 418; x_wconf 79' lang='lat' dir='ltr'>deinceps,</span> <span class='ocrx_word' id='word_1_8' title='bbox 998 353 1149 418; x_wconf 84' lang='lat' dir='ltr'>quonamo</span> 
     </span>
     <span class='ocr_line' id='line_1_3' title="bbox 115 421 1146 502; baseline 0.002 -19"><span class='ocrx_word' id='word_1_9' title='bbox 115 421 197 484; x_wconf 84' lang='lat' dir='ltr'>modo</span> <span class='ocrx_word' id='word_1_10' title='bbox 212 421 385 482; x_wconf 86' lang='lat' dir='ltr'>tractandus</span> <span class='ocrx_word' id='word_1_11' title='bbox 400 423 438 481; x_wconf 91' lang='lat' dir='ltr'>sit</span> <span class='ocrx_word' id='word_1_12' title='bbox 449 421 587 481; x_wconf 86' lang='lat' dir='ltr'>discentis</span> <span class='ocrx_word' id='word_1_13' title='bbox 602 424 722 481; x_wconf 88' lang='lat' dir='ltr'>animus.</span> <span class='ocrx_word' id='word_1_14' title='bbox 747 423 818 482; x_wconf 89' lang='lat' dir='ltr'>Sunt</span> <span class='ocrx_word' id='word_1_15' title='bbox 831 424 955 501; x_wconf 90' lang='lat' dir='ltr'>quidam,</span> <span class='ocrx_word' id='word_1_16' title='bbox 971 425 1026 483; x_wconf 89' lang='lat' dir='ltr'>nisi</span> <span class='ocrx_word' id='word_1_17' title='bbox 1041 426 1120 486; x_wconf 91' lang='lat' dir='ltr'>insti·</span> <span class='ocrx_word' id='word_1_18' title='bbox 1140 491 1146 502; x_wconf 57' lang='grc'>,</span> 
     </span>
     <span class='ocr_line' id='line_1_4' title="bbox 116 505 1120 584; baseline 0.004 -19"><span class='ocrx_word' id='word_1_19' title='bbox 116 507 194 581; x_wconf 88' lang='lat' dir='ltr'>teris,</span> <span class='ocrx_word' id='word_1_20' title='bbox 210 506 344 580; x_wconf 78' lang='lat' dir='ltr'><strong>remissi,</strong></span> <span class='ocrx_word' id='word_1_21' title='bbox 360 505 475 583; x_wconf 91' lang='lat' dir='ltr'>qnidam</span> <span class='ocrx_word' id='word_1_22' title='bbox 491 506 611 583; x_wconf 90' lang='lat' dir='ltr'>imperia</span> <span class='ocrx_word' id='word_1_23' title='bbox 626 506 819 582; x_wconf 77' lang='lat' dir='ltr'>indignantur,</span> <span class='ocrx_word' id='word_1_24' title='bbox 837 507 977 584; x_wconf 89' lang='lat' dir='ltr'>quosdam</span> <span class='ocrx_word' id='word_1_25' title='bbox 992 512 1120 570; x_wconf 90' lang='lat' dir='ltr'>continet</span> 
     </span>
     <span class='ocr_line' id='line_1_5' title="bbox 115 587 1120 667; baseline 0.002 -18"><span class='ocrx_word' id='word_1_26' title='bbox 115 599 204 650; x_wconf 87' lang='lat' dir='ltr'>metus</span> <span class='ocrx_word' id='word_1_27' title='bbox 226 588 370 667; x_wconf 88' lang='lat' dir='ltr'>quosdam</span> <span class='ocrx_word' id='word_1_28' title='bbox 388 587 538 664; x_wconf 88' lang='lat' dir='ltr'>debilitat,</span> <span class='ocrx_word' id='word_1_29' title='bbox 557 589 631 648; x_wconf 92' lang='lat' dir='ltr'>alios</span> <span class='ocrx_word' id='word_1_30' title='bbox 650 590 826 650; x_wconf 75' lang='lat' dir='ltr'>continuatio</span> <span class='ocrx_word' id='word_1_31' title='bbox 843 591 987 667; x_wconf 79' lang='lat' dir='ltr'>extundit,</span> <span class='ocrx_word' id='word_1_32' title='bbox 1010 593 1039 650; x_wconf 91' lang='lat' dir='ltr'>in</span> <span class='ocrx_word' id='word_1_33' title='bbox 1055 593 1120 653; x_wconf 87' lang='lat' dir='ltr'>aliis</span> 
     </span>
     <span class='ocr_line' id='line_1_6' title="bbox 115 670 1147 753; baseline 0.003 -20"><span class='ocrx_word' id='word_1_34' title='bbox 115 674 177 753; x_wconf 89' lang='lat' dir='ltr'>plus</span> <span class='ocrx_word' id='word_1_35' title='bbox 192 675 321 750; x_wconf 88' lang='lat' dir='ltr'>impetus</span> <span class='ocrx_word' id='word_1_36' title='bbox 343 671 422 731; x_wconf 86' lang='lat' dir='ltr'>iacit.</span> <span class='ocrx_word' id='word_1_37' title='bbox 454 670 523 731; x_wconf 86' lang='lat' dir='ltr'>Mihi</span> <span class='ocrx_word' id='word_1_38' title='bbox 538 672 590 732; x_wconf 89' lang='lat' dir='ltr'>ille</span> <span class='ocrx_word' id='word_1_39' title='bbox 605 673 690 732; x_wconf 91' lang='lat' dir='ltr'>detur</span> <span class='ocrx_word' id='word_1_40' title='bbox 706 691 796 751; x_wconf 90' lang='lat' dir='ltr'>puer,</span> <span class='ocrx_word' id='word_1_41' title='bbox 817 693 901 752; x_wconf 90' lang='lat' dir='ltr'>quem</span> <span class='ocrx_word' id='word_1_42' title='bbox 920 674 982 734; x_wconf 90' lang='lat' dir='ltr'>laus</span> <span class='ocrx_word' id='word_1_43' title='bbox 999 679 1147 753; x_wconf 74' lang='lat' dir='ltr'>excitet,7</span> 
     </span>
     <span class='ocr_line' id='line_1_7' title="bbox 115 756 1120 837; baseline 0.006 -22"><span class='ocrx_word' id='word_1_44' title='bbox 115 774 197 835; x_wconf 69' lang='lat' dir='ltr'>mem</span> <span class='ocrx_word' id='word_1_45' title='bbox 211 756 310 833; x_wconf 83' lang='lat' dir='ltr'>gloria</span> <span class='ocrx_word' id='word_1_46' title='bbox 326 757 422 830; x_wconf 83' lang='lat' dir='ltr'>iuvet,</span> <span class='ocrx_word' id='word_1_47' title='bbox 442 757 491 833; x_wconf 90' lang='lat' dir='ltr'>qui</span> <span class='ocrx_word' id='word_1_48' title='bbox 507 757 602 816; x_wconf 86' lang='lat' dir='ltr'>victus</span> <span class='ocrx_word' id='word_1_49' title='bbox 618 756 695 816; x_wconf 90' lang='lat' dir='ltr'>lleat.</span> <span class='ocrx_word' id='word_1_50' title='bbox 723 756 777 816; x_wconf 82' lang='lat' dir='ltr'>llic</span> <span class='ocrx_word' id='word_1_51' title='bbox 794 761 848 817; x_wconf 88' lang='lat' dir='ltr'>erit</span> <span class='ocrx_word' id='word_1_52' title='bbox 863 758 984 818; x_wconf 89' lang='lat' dir='ltr'>alendus</span> <span class='ocrx_word' id='word_1_53' title='bbox 1002 760 1120 837; x_wconf 61' lang='lat' dir='ltr'>ambitu,</span> 
     </span>
     <span class='ocr_line' id='line_1_8' title="bbox 115 836 1119 917; baseline 0.002 -17"><span class='ocrx_word' id='word_1_54' title='bbox 115 841 187 900; x_wconf 89' lang='lat' dir='ltr'>bunc</span> <span class='ocrx_word' id='word_1_55' title='bbox 200 836 349 899; x_wconf 84' lang='lat' dir='ltr'>mordebit</span> <span class='ocrx_word' id='word_1_56' title='bbox 368 838 549 915; x_wconf 87' lang='lat' dir='ltr'>obiurgatio,</span> <span class='ocrx_word' id='word_1_57' title='bbox 570 840 647 899; x_wconf 89' lang='lat' dir='ltr'>bunc</span> <span class='ocrx_word' id='word_1_58' title='bbox 666 839 760 899; x_wconf 92' lang='lat' dir='ltr'>bonor</span> <span class='ocrx_word' id='word_1_59' title='bbox 778 841 934 917; x_wconf 83' lang='lat' dir='ltr'>excitabit,</span> <span class='ocrx_word' id='word_1_60' title='bbox 952 843 982 901; x_wconf 89' lang='lat' dir='ltr'>in</span> <span class='ocrx_word' id='word_1_61' title='bbox 996 842 1054 902; x_wconf 87' lang='lat' dir='ltr'>hoe</span> <span class='ocrx_word' id='word_1_62' title='bbox 1070 842 1119 902; x_wconf 63' lang='lat' dir='ltr'>do»</span> 
     </span>
     <span class='ocr_line' id='line_1_9' title="bbox 115 922 528 1000; baseline -0.002 -17"><span class='ocrx_word' id='word_1_63' title='bbox 115 924 213 985; x_wconf 85' lang='lat' dir='ltr'>sidiam</span> <span class='ocrx_word' id='word_1_64' title='bbox 230 940 376 1000; x_wconf 90' lang='lat' dir='ltr'>nunquam</span> <span class='ocrx_word' id='word_1_65' title='bbox 392 922 528 982; x_wconf 86' lang='lat' dir='ltr'>verebor.</span> 
     </span>
    </p>

    <p class='ocr_par' dir='ltr' id='par_1_3' title="bbox 115 1005 1161 2992">
     <span class='ocr_line' id='line_1_10' title="bbox 195 1005 1145 1084; baseline 0.004 -18"><span class='ocrx_word' id='word_1_66' title='bbox 195 1005 301 1066; x_wconf 86' lang='lat' dir='ltr'>Danda</span> <span class='ocrx_word' id='word_1_67' title='bbox 323 1014 368 1065; x_wconf 88' lang='lat' dir='ltr'>est</span> <span class='ocrx_word' id='word_1_68' title='bbox 390 1014 486 1066; x_wconf 90' lang='lat' dir='ltr'>tamen</span> <span class='ocrx_word' id='word_1_69' title='bbox 507 1006 637 1066; x_wconf 88' lang='lat' dir='ltr'>omnibns</span> <span class='ocrx_word' id='word_1_70' title='bbox 659 1007 755 1084; x_wconf 91' lang='lat' dir='ltr'>aliqua</span> <span class='ocrx_word' id='word_1_71' title='bbox 776 1009 925 1077; x_wconf 88' lang='lat' dir='ltr'>remissio;</span> <span class='ocrx_word' id='word_1_72' title='bbox 946 1026 1004 1068; x_wconf 90' lang='lat' dir='ltr'>non</span> <span class='ocrx_word' id='word_1_73' title='bbox 1024 1010 1145 1075; x_wconf 74' lang='lat' dir='ltr'>salama</span> 
     </span>
     <span class='ocr_line' id='line_1_11' title="bbox 116 1090 1118 1170; baseline 0.003 -20"><span class='ocrx_word' id='word_1_74' title='bbox 116 1093 177 1169; x_wconf 91' lang='lat' dir='ltr'>quia</span> <span class='ocrx_word' id='word_1_75' title='bbox 193 1090 276 1150; x_wconf 89' lang='lat' dir='ltr'>nulla</span> <span class='ocrx_word' id='word_1_76' title='bbox 296 1107 345 1149; x_wconf 84' lang='lat' dir='ltr'>res</span> <span class='ocrx_word' id='word_1_77' title='bbox 363 1098 423 1165; x_wconf 91' lang='lat' dir='ltr'>est,</span> <span class='ocrx_word' id='word_1_78' title='bbox 446 1108 521 1168; x_wconf 90' lang='lat' dir='ltr'>quae</span> <span class='ocrx_word' id='word_1_79' title='bbox 535 1091 669 1168; x_wconf 86' lang='lat' dir='ltr'>perferre</span> <span class='ocrx_word' id='word_1_80' title='bbox 683 1091 778 1168; x_wconf 85' lang='lat' dir='ltr'>possit</span> <span class='ocrx_word' id='word_1_81' title='bbox 792 1092 955 1151; x_wconf 88' lang='lat' dir='ltr'>continuum</span> <span class='ocrx_word' id='word_1_82' title='bbox 977 1091 1118 1170; x_wconf 90' lang='lat' dir='ltr'>laborem,</span> 
     </span>
     <span class='ocr_line' id='line_1_12' title="bbox 117 1175 1119 1252; baseline 0.002 -18"><span class='ocrx_word' id='word_1_83' title='bbox 117 1184 200 1252; x_wconf 89' lang='lat' dir='ltr'>atque</span> <span class='ocrx_word' id='word_1_84' title='bbox 224 1191 261 1233; x_wconf 91' lang='lat' dir='ltr'>ea</span> <span class='ocrx_word' id='word_1_85' title='bbox 283 1190 416 1251; x_wconf 81' lang='lat' dir='ltr'>quoque,</span> <span class='ocrx_word' id='word_1_86' title='bbox 439 1191 514 1252; x_wconf 90' lang='lat' dir='ltr'>quae</span> <span class='ocrx_word' id='word_1_87' title='bbox 535 1192 623 1234; x_wconf 90' lang='lat' dir='ltr'>sensu</span> <span class='ocrx_word' id='word_1_88' title='bbox 646 1182 675 1233; x_wconf 93' lang='lat' dir='ltr'>et</span> <span class='ocrx_word' id='word_1_89' title='bbox 697 1175 790 1234; x_wconf 88' lang='lat' dir='ltr'>anima</span> <span class='ocrx_word' id='word_1_90' title='bbox 813 1185 928 1251; x_wconf 88' lang='lat' dir='ltr'>carent,</span> <span class='ocrx_word' id='word_1_91' title='bbox 947 1185 978 1235; x_wconf 93' lang='lat' dir='ltr'>ut</span> <span class='ocrx_word' id='word_1_92' title='bbox 999 1193 1119 1236; x_wconf 85' lang='lat' dir='ltr'>servare</span> 
     </span>
     <span class='ocr_line' id='line_1_13' title="bbox 117 1258 1118 1336; baseline 0.003 -19"><span class='ocrx_word' id='word_1_93' title='bbox 117 1260 168 1317; x_wconf 84' lang='lat' dir='ltr'>rim</span> <span class='ocrx_word' id='word_1_94' title='bbox 194 1276 278 1318; x_wconf 88' lang='lat' dir='ltr'>suam</span> <span class='ocrx_word' id='word_1_95' title='bbox 302 1258 434 1334; x_wconf 87' lang='lat' dir='ltr'>possint,</span> <span class='ocrx_word' id='word_1_96' title='bbox 465 1258 546 1319; x_wconf 86' lang='lat' dir='ltr'>velut</span> <span class='ocrx_word' id='word_1_97' title='bbox 571 1259 669 1336; x_wconf 89' lang='lat' dir='ltr'>quiete</span> <span class='ocrx_word' id='word_1_98' title='bbox 697 1258 808 1317; x_wconf 91' lang='lat' dir='ltr'>alterna</span> <span class='ocrx_word' id='word_1_99' title='bbox 833 1259 1036 1328; x_wconf 91' lang='lat' dir='ltr'>retenduntur;</span> <span class='ocrx_word' id='word_1_100' title='bbox 1067 1261 1118 1320; x_wconf 90' lang='lat' dir='ltr'>sed</span> 
     </span>
     <span class='ocr_line' id='line_1_14' title="bbox 118 1340 1117 1420; baseline 0.001 -19"><span class='ocrx_word' id='word_1_101' title='bbox 118 1340 190 1420; x_wconf 89' lang='lat' dir='ltr'>quod</span> <span class='ocrx_word' id='word_1_102' title='bbox 206 1340 334 1401; x_wconf 88' lang='lat' dir='ltr'>studium</span> <span class='ocrx_word' id='word_1_103' title='bbox 349 1341 478 1401; x_wconf 89' lang='lat' dir='ltr'>discendi</span> <span class='ocrx_word' id='word_1_104' title='bbox 493 1341 656 1416; x_wconf 86' lang='lat' dir='ltr'>voluntate,</span> <span class='ocrx_word' id='word_1_105' title='bbox 674 1359 749 1419; x_wconf 89' lang='lat' dir='ltr'>quae</span> <span class='ocrx_word' id='word_1_106' title='bbox 765 1342 832 1418; x_wconf 88' lang='lat' dir='ltr'>cogi</span> <span class='ocrx_word' id='word_1_107' title='bbox 847 1357 904 1401; x_wconf 93' lang='lat' dir='ltr'>non</span> <span class='ocrx_word' id='word_1_108' title='bbox 919 1351 1032 1420; x_wconf 89' lang='lat' dir='ltr'>potest,</span> <span class='ocrx_word' id='word_1_109' title='bbox 1050 1361 1117 1403; x_wconf 88' lang='lat' dir='ltr'>oon·</span> 
     </span>
     <span class='ocr_line' id='line_1_15' title="bbox 117 1423 1143 1504; baseline 0.007 -21"><span class='ocrx_word' id='word_1_110' title='bbox 117 1434 179 1485; x_wconf 88' lang='lat' dir='ltr'>stat.</span> <span class='ocrx_word' id='word_1_111' title='bbox 215 1423 318 1502; x_wconf 89' lang='lat' dir='ltr'>Itaque</span> <span class='ocrx_word' id='word_1_112' title='bbox 339 1433 370 1483; x_wconf 93' lang='lat' dir='ltr'>et</span> <span class='ocrx_word' id='word_1_113' title='bbox 391 1425 494 1484; x_wconf 84' lang='lat' dir='ltr'>virium</span> <span class='ocrx_word' id='word_1_114' title='bbox 515 1426 580 1504; x_wconf 88' lang='lat' dir='ltr'>plus</span> <span class='ocrx_word' id='word_1_115' title='bbox 602 1426 724 1485; x_wconf 88' lang='lat' dir='ltr'>allerunt</span> <span class='ocrx_word' id='word_1_116' title='bbox 745 1425 780 1484; x_wconf 90' lang='lat' dir='ltr'>ad</span> <span class='ocrx_word' id='word_1_117' title='bbox 801 1426 968 1486; x_wconf 85' lang='lat' dir='ltr'>discendum</span> <span class='ocrx_word' id='word_1_118' title='bbox 987 1430 1143 1491; x_wconf 81' lang='lat' dir='ltr'>renovatio</span> 
     </span>
     <span class='ocr_line' id='line_1_16' title="bbox 116 1509 1117 1587; baseline 0.002 -19"><span class='ocrx_word' id='word_1_119' title='bbox 116 1525 149 1568; x_wconf 80' lang='lat' dir='ltr'>ac</span> <span class='ocrx_word' id='word_1_120' title='bbox 162 1516 303 1568; x_wconf 85' lang='lat' dir='ltr'>recentes</span> <span class='ocrx_word' id='word_1_121' title='bbox 319 1516 348 1567; x_wconf 90' lang='lat' dir='ltr'>et</span> <span class='ocrx_word' id='word_1_122' title='bbox 368 1510 511 1569; x_wconf 90' lang='lat' dir='ltr'>acriorem</span> <span class='ocrx_word' id='word_1_123' title='bbox 526 1511 662 1584; x_wconf 89' lang='lat' dir='ltr'>animum,</span> <span class='ocrx_word' id='word_1_124' title='bbox 683 1509 730 1587; x_wconf 93' lang='lat' dir='ltr'>qui</span> <span class='ocrx_word' id='word_1_125' title='bbox 752 1509 816 1568; x_wconf 88' lang='lat' dir='ltr'>fere</span> <span class='ocrx_word' id='word_1_126' title='bbox 832 1509 1056 1570; x_wconf 85' lang='lat' dir='ltr'>necessitatibus</span> <span class='ocrx_word' id='word_1_127' title='bbox 1072 1530 1117 1571; x_wconf 92' lang='lat' dir='ltr'>re·</span> 
     </span>
     <span class='ocr_line' id='line_1_17' title="bbox 117 1589 1161 1672; baseline 0.007 -21"><span class='ocrx_word' id='word_1_128' title='bbox 117 1600 233 1671; x_wconf 89' lang='lat' dir='ltr'>pugnat.</span> <span class='ocrx_word' id='word_1_129' title='bbox 260 1589 325 1650; x_wconf 88' lang='lat' dir='ltr'>Neo</span> <span class='ocrx_word' id='word_1_130' title='bbox 335 1609 381 1650; x_wconf 92' lang='lat' dir='ltr'>me</span> <span class='ocrx_word' id='word_1_131' title='bbox 398 1591 550 1652; x_wconf 79' lang='lat' dir='ltr'>offenderit</span> <span class='ocrx_word' id='word_1_132' title='bbox 566 1593 646 1653; x_wconf 86' lang='lat' dir='ltr'>lusus</span> <span class='ocrx_word' id='word_1_133' title='bbox 659 1593 688 1651; x_wconf 87' lang='lat' dir='ltr'>in</span> <span class='ocrx_word' id='word_1_134' title='bbox 699 1595 814 1670; x_wconf 85' lang='lat' dir='ltr'>pueris;</span> <span class='ocrx_word' id='word_1_135' title='bbox 831 1603 876 1652; x_wconf 93' lang='lat' dir='ltr'>est</span> <span class='ocrx_word' id='word_1_136' title='bbox 893 1602 922 1653; x_wconf 94' lang='lat' dir='ltr'>et</span> <span class='ocrx_word' id='word_1_137' title='bbox 932 1593 990 1654; x_wconf 88' lang='lat' dir='ltr'>hoo</span> <span class='ocrx_word' id='word_1_138' title='bbox 1006 1596 1117 1672; x_wconf 89' lang='lat' dir='ltr'>signum</span> <span class='ocrx_word' id='word_1_139' title='bbox 1127 1606 1161 1658; x_wconf 85' lang='lat'>10</span> 
     </span>
     <span class='ocr_line' id='line_1_18' title="bbox 118 1676 1117 1756; baseline 0.002 -21"><span class='ocrx_word' id='word_1_140' title='bbox 118 1676 291 1743; x_wconf 87' lang='lat' dir='ltr'>alacritatis;</span> <span class='ocrx_word' id='word_1_141' title='bbox 309 1692 404 1754; x_wconf 89' lang='lat' dir='ltr'>neque</span> <span class='ocrx_word' id='word_1_142' title='bbox 419 1676 498 1736; x_wconf 91' lang='lat' dir='ltr'>illum</span> <span class='ocrx_word' id='word_1_143' title='bbox 513 1679 624 1736; x_wconf 85' lang='lat' dir='ltr'>tristem</span> <span class='ocrx_word' id='word_1_144' title='bbox 640 1694 813 1754; x_wconf 89' lang='lat' dir='ltr'>semperque</span> <span class='ocrx_word' id='word_1_145' title='bbox 829 1676 983 1737; x_wconf 89' lang='lat' dir='ltr'>demissum</span> <span class='ocrx_word' id='word_1_146' title='bbox 997 1697 1117 1756; x_wconf 90' lang='lat' dir='ltr'>sperare</span> 
     </span>
     <span class='ocr_line' id='line_1_19' title="bbox 117 1759 1117 1840; baseline 0.002 -21"><span class='ocrx_word' id='word_1_147' title='bbox 117 1761 224 1838; x_wconf 88' lang='lat' dir='ltr'>possim</span> <span class='ocrx_word' id='word_1_148' title='bbox 241 1767 361 1819; x_wconf 87' lang='lat' dir='ltr'>erectae</span> <span class='ocrx_word' id='word_1_149' title='bbox 381 1761 457 1819; x_wconf 89' lang='lat' dir='ltr'>circa</span> <span class='ocrx_word' id='word_1_150' title='bbox 472 1759 565 1820; x_wconf 89' lang='lat' dir='ltr'>studia</span> <span class='ocrx_word' id='word_1_151' title='bbox 580 1762 683 1820; x_wconf 87' lang='lat' dir='ltr'>mentis</span> <span class='ocrx_word' id='word_1_152' title='bbox 699 1760 781 1836; x_wconf 84' lang='lat' dir='ltr'>fore,</span> <span class='ocrx_word' id='word_1_153' title='bbox 801 1778 864 1820; x_wconf 90' lang='lat' dir='ltr'>oum</span> <span class='ocrx_word' id='word_1_154' title='bbox 879 1763 908 1820; x_wconf 88' lang='lat' dir='ltr'>in</span> <span class='ocrx_word' id='word_1_155' title='bbox 928 1761 986 1820; x_wconf 90' lang='lat' dir='ltr'>boo</span> <span class='ocrx_word' id='word_1_156' title='bbox 1001 1778 1117 1840; x_wconf 91' lang='lat' dir='ltr'>quoque</span> 
     </span>
     <span class='ocr_line' id='line_1_20' title="bbox 116 1843 1160 1922; baseline 0.005 -19"><span class='ocrx_word' id='word_1_157' title='bbox 116 1845 237 1903; x_wconf 74' lang='lat' dir='ltr'>mmime</span> <span class='ocrx_word' id='word_1_158' title='bbox 254 1843 377 1903; x_wconf 90' lang='lat' dir='ltr'>naturali</span> <span class='ocrx_word' id='word_1_159' title='bbox 399 1843 540 1903; x_wconf 89' lang='lat' dir='ltr'>aetatibus</span> <span class='ocrx_word' id='word_1_160' title='bbox 559 1843 616 1903; x_wconf 91' lang='lat' dir='ltr'>illis</span> <span class='ocrx_word' id='word_1_161' title='bbox 637 1845 744 1922; x_wconf 87' lang='lat' dir='ltr'>impetu</span> <span class='ocrx_word' id='word_1_162' title='bbox 762 1845 865 1903; x_wconf 89' lang='lat' dir='ltr'>iaceat.</span> <span class='ocrx_word' id='word_1_163' title='bbox 900 1843 1002 1904; x_wconf 88' lang='lat' dir='ltr'>Modus</span> <span class='ocrx_word' id='word_1_164' title='bbox 1025 1855 1118 1904; x_wconf 90' lang='lat' dir='ltr'>tamen</span> <span class='ocrx_word' id='word_1_165' title='bbox 1128 1855 1160 1908; x_wconf 81' lang='lat'>11</span> 
     </span>
     <span class='ocr_line' id='line_1_21' title="bbox 117 1925 1117 2005; baseline 0.001 -19"><span class='ocrx_word' id='word_1_166' title='bbox 117 1929 150 1986; x_wconf 87' lang='lat' dir='ltr'>sit</span> <span class='ocrx_word' id='word_1_167' title='bbox 174 1925 413 2002; x_wconf 88' lang='lat' dir='ltr'>remissionibus,</span> <span class='ocrx_word' id='word_1_168' title='bbox 437 1945 474 1986; x_wconf 91' lang='lat' dir='ltr'>ne</span> <span class='ocrx_word' id='word_1_169' title='bbox 495 1937 542 1987; x_wconf 89' lang='lat' dir='ltr'>aut</span> <span class='ocrx_word' id='word_1_170' title='bbox 564 1927 659 1987; x_wconf 91' lang='lat' dir='ltr'>odium</span> <span class='ocrx_word' id='word_1_171' title='bbox 680 1927 838 1986; x_wconf 90' lang='lat' dir='ltr'>studiorum</span> <span class='ocrx_word' id='word_1_172' title='bbox 864 1928 971 1987; x_wconf 85' lang='lat' dir='ltr'>faciant</span> <span class='ocrx_word' id='word_1_173' title='bbox 992 1938 1117 2005; x_wconf 83' lang='lat' dir='ltr'>negatae</span> 
     </span>
     <span class='ocr_line' id='line_1_22' title="bbox 116 2010 1116 2072; baseline 0 -2"><span class='ocrx_word' id='word_1_174' title='bbox 116 2019 161 2070; x_wconf 87' lang='lat' dir='ltr'>aut</span> <span class='ocrx_word' id='word_1_175' title='bbox 175 2011 229 2070; x_wconf 93' lang='lat' dir='ltr'>otii</span> <span class='ocrx_word' id='word_1_176' title='bbox 245 2010 483 2069; x_wconf 86' lang='lat' dir='ltr'>consuetudinem</span> <span class='ocrx_word' id='word_1_177' title='bbox 498 2012 610 2071; x_wconf 90' lang='lat' dir='ltr'>nimiae.</span> <span class='ocrx_word' id='word_1_178' title='bbox 642 2013 713 2071; x_wconf 90' lang='lat' dir='ltr'>Sunt</span> <span class='ocrx_word' id='word_1_179' title='bbox 735 2013 819 2071; x_wconf 90' lang='lat' dir='ltr'>etiarn</span> <span class='ocrx_word' id='word_1_180' title='bbox 835 2012 964 2071; x_wconf 91' lang='lat' dir='ltr'>nonnulli</span> <span class='ocrx_word' id='word_1_181' title='bbox 980 2012 1116 2072; x_wconf 88' lang='lat' dir='ltr'>acuendis</span> 
     </span>
     <span class='ocr_line' id='line_1_23' title="bbox 117 2094 1116 2174; baseline -0.001 -19"><span class='ocrx_word' id='word_1_182' title='bbox 117 2110 272 2172; x_wconf 88' lang='lat' dir='ltr'>puerorum</span> <span class='ocrx_word' id='word_1_183' title='bbox 294 2095 417 2171; x_wconf 90' lang='lat' dir='ltr'>ingeniis</span> <span class='ocrx_word' id='word_1_184' title='bbox 440 2111 497 2154; x_wconf 91' lang='lat' dir='ltr'>non</span> <span class='ocrx_word' id='word_1_185' title='bbox 517 2094 634 2155; x_wconf 90' lang='lat' dir='ltr'>inutiles</span> <span class='ocrx_word' id='word_1_186' title='bbox 657 2095 754 2171; x_wconf 91' lang='lat' dir='ltr'>lusus,</span> <span class='ocrx_word' id='word_1_187' title='bbox 782 2113 845 2155; x_wconf 89' lang='lat' dir='ltr'>oum</span> <span class='ocrx_word' id='word_1_188' title='bbox 868 2096 972 2174; x_wconf 87' lang='lat' dir='ltr'>positis</span> <span class='ocrx_word' id='word_1_189' title='bbox 994 2097 1116 2156; x_wconf 89' lang='lat' dir='ltr'>invicem</span> 
     </span>
     <span class='ocr_line' id='line_1_24' title="bbox 116 2177 1115 2258; baseline 0 -19"><span class='ocrx_word' id='word_1_190' title='bbox 116 2177 315 2254; x_wconf 87' lang='lat' dir='ltr'>cuiuscunque</span> <span class='ocrx_word' id='word_1_191' title='bbox 330 2180 448 2255; x_wconf 88' lang='lat' dir='ltr'>generis</span> <span class='ocrx_word' id='word_1_192' title='bbox 465 2179 690 2257; x_wconf 86' lang='lat' dir='ltr'>quaestiunculis</span> <span class='ocrx_word' id='word_1_193' title='bbox 706 2179 892 2239; x_wconf 90' lang='lat' dir='ltr'>aemulantur.</span> <span class='ocrx_word' id='word_1_194' title='bbox 930 2178 1027 2239; x_wconf 88' lang='lat' dir='ltr'>Mores</span> <span class='ocrx_word' id='word_1_195' title='bbox 1046 2197 1115 2258; x_wconf 92' lang='lat' dir='ltr'>quo-</span> 
     </span>
     <span class='ocr_line' id='line_1_25' title="bbox 116 2261 1159 2341; baseline 0 -20"><span class='ocrx_word' id='word_1_196' title='bbox 116 2280 170 2341; x_wconf 90' lang='lat' dir='ltr'>que</span> <span class='ocrx_word' id='word_1_197' title='bbox 194 2280 229 2320; x_wconf 89' lang='lat' dir='ltr'>se</span> <span class='ocrx_word' id='word_1_198' title='bbox 251 2263 326 2320; x_wconf 90' lang='lat' dir='ltr'>inter</span> <span class='ocrx_word' id='word_1_199' title='bbox 346 2261 499 2322; x_wconf 87' lang='lat' dir='ltr'>ludendum</span> <span class='ocrx_word' id='word_1_200' title='bbox 519 2263 678 2341; x_wconf 90' lang='lat' dir='ltr'>simplicius</span> <span class='ocrx_word' id='word_1_201' title='bbox 697 2263 853 2340; x_wconf 85' lang='lat' dir='ltr'>detegunt;</span> <span class='ocrx_word' id='word_1_202' title='bbox 874 2264 961 2323; x_wconf 88' lang='lat' dir='ltr'>modo</span> <span class='ocrx_word' id='word_1_203' title='bbox 982 2262 1060 2324; x_wconf 90' lang='lat' dir='ltr'>nulla</span> <span class='ocrx_word' id='word_1_204' title='bbox 1075 2264 1159 2322; x_wconf 73' lang='lat' dir='ltr'>vila</span> 
     </span>
     <span class='ocr_line' id='line_1_26' title="bbox 115 2345 1116 2425; baseline -0.001 -19"><span class='ocrx_word' id='word_1_205' title='bbox 115 2345 217 2406; x_wconf 84' lang='lat' dir='ltr'>deatur</span> <span class='ocrx_word' id='word_1_206' title='bbox 239 2353 321 2404; x_wconf 85' lang='lat' dir='ltr'>aetas</span> <span class='ocrx_word' id='word_1_207' title='bbox 341 2354 398 2406; x_wconf 89' lang='lat' dir='ltr'>tam</span> <span class='ocrx_word' id='word_1_208' title='bbox 420 2346 543 2421; x_wconf 89' lang='lat' dir='ltr'>infirma,</span> <span class='ocrx_word' id='word_1_209' title='bbox 568 2364 643 2424; x_wconf 90' lang='lat' dir='ltr'>quae</span> <span class='ocrx_word' id='word_1_210' title='bbox 665 2363 722 2406; x_wconf 95' lang='lat' dir='ltr'>non</span> <span class='ocrx_word' id='word_1_211' title='bbox 743 2349 891 2425; x_wconf 87' lang='lat' dir='ltr'>protinus,</span> <span class='ocrx_word' id='word_1_212' title='bbox 916 2347 983 2425; x_wconf 89' lang='lat' dir='ltr'>quid</span> <span class='ocrx_word' id='word_1_213' title='bbox 1005 2355 1116 2407; x_wconf 86' lang='lat' dir='ltr'>rectum</span> 
     </span>
     <span class='ocr_line' id='line_1_27' title="bbox 116 2429 1115 2508; baseline -0.001 -19"><span class='ocrx_word' id='word_1_214' title='bbox 116 2446 295 2508; x_wconf 85' lang='lat' dir='ltr'>pravumque</span> <span class='ocrx_word' id='word_1_215' title='bbox 309 2430 356 2505; x_wconf 90' lang='lat' dir='ltr'>sit,</span> <span class='ocrx_word' id='word_1_216' title='bbox 373 2429 478 2498; x_wconf 90' lang='lat' dir='ltr'>discat;</span> <span class='ocrx_word' id='word_1_217' title='bbox 499 2439 557 2489; x_wconf 91' lang='lat' dir='ltr'>tum</span> <span class='ocrx_word' id='word_1_218' title='bbox 571 2431 620 2490; x_wconf 88' lang='lat' dir='ltr'>vel</span> <span class='ocrx_word' id='word_1_219' title='bbox 633 2431 755 2489; x_wconf 86' lang='lat' dir='ltr'>maxime</span> <span class='ocrx_word' id='word_1_220' title='bbox 770 2430 933 2504; x_wconf 80' lang='lat' dir='ltr'>formanda,</span> <span class='ocrx_word' id='word_1_221' title='bbox 951 2449 1013 2490; x_wconf 87' lang='lat' dir='ltr'>eum</span> <span class='ocrx_word' id='word_1_222' title='bbox 1030 2433 1115 2489; x_wconf 89' lang='lat' dir='ltr'>simu·</span> 
     </span>
     <span class='ocr_line' id='line_1_28' title="bbox 115 2512 1116 2592; baseline -0.003 -20"><span class='ocrx_word' id='word_1_223' title='bbox 115 2512 190 2573; x_wconf 88' lang='lat' dir='ltr'>laudi</span> <span class='ocrx_word' id='word_1_224' title='bbox 211 2513 313 2572; x_wconf 85' lang='lat' dir='ltr'>nescia</span> <span class='ocrx_word' id='word_1_225' title='bbox 334 2521 379 2571; x_wconf 90' lang='lat' dir='ltr'>est</span> <span class='ocrx_word' id='word_1_226' title='bbox 400 2523 429 2573; x_wconf 90' lang='lat' dir='ltr'>et</span> <span class='ocrx_word' id='word_1_227' title='bbox 451 2513 696 2592; x_wconf 87' lang='lat' dir='ltr'>praecipientibus</span> <span class='ocrx_word' id='word_1_228' title='bbox 716 2513 853 2573; x_wconf 84' lang='lat' dir='ltr'>facillime</span> <span class='ocrx_word' id='word_1_229' title='bbox 871 2514 956 2573; x_wconf 91' lang='lat' dir='ltr'>cedit.</span> <span class='ocrx_word' id='word_1_230' title='bbox 986 2512 1116 2588; x_wconf 85' lang='lat' dir='ltr'>Frangas</span> 
     </span>
     <span class='ocr_line' id='line_1_29' title="bbox 116 2594 1115 2677; baseline -0.006 -20"><span class='ocrx_word' id='word_1_231' title='bbox 116 2598 189 2657; x_wconf 91' lang='lat' dir='ltr'>enim</span> <span class='ocrx_word' id='word_1_232' title='bbox 215 2597 301 2656; x_wconf 86' lang='lat' dir='ltr'>citius</span> <span class='ocrx_word' id='word_1_233' title='bbox 328 2612 411 2674; x_wconf 89' lang='lat' dir='ltr'>quam</span> <span class='ocrx_word' id='word_1_234' title='bbox 436 2599 585 2675; x_wconf 80' lang='lat' dir='ltr'>corrigas,</span> <span class='ocrx_word' id='word_1_235' title='bbox 617 2615 691 2677; x_wconf 89' lang='lat' dir='ltr'>quae</span> <span class='ocrx_word' id='word_1_236' title='bbox 718 2598 746 2656; x_wconf 92' lang='lat' dir='ltr'>in</span> <span class='ocrx_word' id='word_1_237' title='bbox 774 2612 891 2673; x_wconf 86' lang='lat' dir='ltr'>pravum</span> <span class='ocrx_word' id='word_1_238' title='bbox 918 2594 1115 2654; x_wconf 89' lang='lat' dir='ltr'>induruerunt.</span> 
     </span>
     <span class='ocr_line' id='line_1_30' title="bbox 115 2674 1159 2760; baseline -0.004 -20"><span class='ocrx_word' id='word_1_239' title='bbox 115 2680 249 2740; x_wconf 85' lang='lat' dir='ltr'>Protinus</span> <span class='ocrx_word' id='word_1_240' title='bbox 272 2697 360 2756; x_wconf 88' lang='lat' dir='ltr'>ergo,</span> <span class='ocrx_word' id='word_1_241' title='bbox 383 2699 420 2740; x_wconf 90' lang='lat' dir='ltr'>ne</span> <span class='ocrx_word' id='word_1_242' title='bbox 441 2681 509 2759; x_wconf 93' lang='lat' dir='ltr'>quid</span> <span class='ocrx_word' id='word_1_243' title='bbox 530 2682 653 2760; x_wconf 84' lang='lat' dir='ltr'>cupide,</span> <span class='ocrx_word' id='word_1_244' title='bbox 678 2680 800 2758; x_wconf 91' lang='lat' dir='ltr'>nequid</span> <span class='ocrx_word' id='word_1_245' title='bbox 821 2677 969 2757; x_wconf 86' lang='lat' dir='ltr'>improbe,</span> <span class='ocrx_word' id='word_1_246' title='bbox 993 2695 1029 2737; x_wconf 94' lang='lat' dir='ltr'>ne</span> <span class='ocrx_word' id='word_1_247' title='bbox 1050 2674 1159 2754; x_wconf 81' lang='lat' dir='ltr'>qnid13</span> 
     </span>
     <span class='ocr_line' id='line_1_31' title="bbox 116 2761 1115 2843; baseline -0.006 -19"><span class='ocrx_word' id='word_1_248' title='bbox 116 2766 291 2843; x_wconf 87' lang='lat' dir='ltr'>impotenter</span> <span class='ocrx_word' id='word_1_249' title='bbox 305 2763 403 2840; x_wconf 87' lang='lat' dir='ltr'>iaciat,</span> <span class='ocrx_word' id='word_1_250' title='bbox 416 2765 574 2825; x_wconf 89' lang='lat' dir='ltr'>monendus</span> <span class='ocrx_word' id='word_1_251' title='bbox 590 2773 635 2824; x_wconf 91' lang='lat' dir='ltr'>est</span> <span class='ocrx_word' id='word_1_252' title='bbox 650 2783 735 2842; x_wconf 91' lang='lat' dir='ltr'>puer;</span> <span class='ocrx_word' id='word_1_253' title='bbox 753 2762 971 2840; x_wconf 89' lang='lat' dir='ltr'>habendumque</span> <span class='ocrx_word' id='word_1_254' title='bbox 982 2762 1011 2820; x_wconf 89' lang='lat' dir='ltr'>iu</span> <span class='ocrx_word' id='word_1_255' title='bbox 1024 2761 1115 2820; x_wconf 90' lang='lat' dir='ltr'>animo</span> 
     </span>
     <span class='ocr_line' id='line_1_32' title="bbox 115 2844 1118 2926; baseline -0.001 -19"><span class='ocrx_word' id='word_1_256' title='bbox 115 2865 233 2926; x_wconf 86' lang='lat' dir='ltr'>semper</span> <span class='ocrx_word' id='word_1_257' title='bbox 244 2845 316 2906; x_wconf 93' lang='lat' dir='ltr'>illud</span> <span class='ocrx_word' id='word_1_258' title='bbox 330 2846 533 2925; x_wconf 78' lang='lat' dir='ltr'>virgilianum:</span> <span class='ocrx_word' id='word_1_259' title='bbox 553 2845 641 2910; x_wconf 85' lang='lat' dir='ltr'>Adeo</span> <span class='ocrx_word' id='word_1_260' title='bbox 655 2850 687 2909; x_wconf 82' lang='lat' dir='ltr'>lo</span> <span class='ocrx_word' id='word_1_261' title='bbox 702 2850 814 2910; x_wconf 74' lang='lat' dir='ltr'>teneras</span> <span class='ocrx_word' id='word_1_262' title='bbox 829 2863 1030 2910; x_wconf 77' lang='lat' dir='ltr'>consacesoere</span> <span class='ocrx_word' id='word_1_263' title='bbox 1044 2844 1118 2906; x_wconf 78' lang='lat' dir='ltr'>marl·</span> 
     </span>
     <span class='ocr_line' id='line_1_33' title="bbox 115 2939 251 2992; baseline -0.015 -1"><span class='ocrx_word' id='word_1_264' title='bbox 115 2939 177 2991; x_wconf 82' lang='lat' dir='ltr'>tum</span> <span class='ocrx_word' id='word_1_265' title='bbox 195 2939 251 2992; x_wconf 83' lang='lat' dir='ltr'>eet.</span> 
     </span>
    </p>

    <p class='ocr_par' dir='ltr' id='par_1_4' title="bbox 113 3012 1158 3572">
     <span class='ocr_line' id='line_1_34' title="bbox 200 3012 1118 3094; baseline -0.003 -19"><span class='ocrx_word' id='word_1_266' title='bbox 200 3012 293 3076; x_wconf 80' lang='lat' dir='ltr'>Caedi</span> <span class='ocrx_word' id='word_1_267' title='bbox 318 3031 391 3073; x_wconf 88' lang='lat' dir='ltr'>vero</span> <span class='ocrx_word' id='word_1_268' title='bbox 415 3014 591 3094; x_wconf 89' lang='lat' dir='ltr'>discipulos,</span> <span class='ocrx_word' id='word_1_269' title='bbox 623 3015 778 3093; x_wconf 88' lang='lat' dir='ltr'>quamlibet</span> <span class='ocrx_word' id='word_1_270' title='bbox 802 3023 831 3074; x_wconf 93' lang='lat' dir='ltr'>et</span> <span class='ocrx_word' id='word_1_271' title='bbox 855 3022 1005 3093; x_wconf 88' lang='lat' dir='ltr'>receptum</span> <span class='ocrx_word' id='word_1_272' title='bbox 1029 3013 1066 3073; x_wconf 90' lang='lat' dir='ltr'>sit</span> <span class='ocrx_word' id='word_1_273' title='bbox 1088 3023 1118 3072; x_wconf 89' lang='lat' dir='ltr'>et</span> 
     </span>
     <span class='ocr_line' id='line_1_35' title="bbox 116 3096 1116 3178; baseline -0.003 -20"><span class='ocrx_word' id='word_1_274' title='bbox 116 3096 297 3178; x_wconf 75' lang='lat' dir='ltr'>Chrysippus</span> <span class='ocrx_word' id='word_1_275' title='bbox 313 3115 371 3157; x_wconf 90' lang='lat' dir='ltr'>non</span> <span class='ocrx_word' id='word_1_276' title='bbox 386 3098 545 3176; x_wconf 87' lang='lat' dir='ltr'>improbet,</span> <span class='ocrx_word' id='word_1_277' title='bbox 564 3100 677 3159; x_wconf 90' lang='lat' dir='ltr'>minime</span> <span class='ocrx_word' id='word_1_278' title='bbox 694 3098 790 3159; x_wconf 88' lang='lat' dir='ltr'>velim.</span> <span class='ocrx_word' id='word_1_279' title='bbox 828 3098 965 3173; x_wconf 89' lang='lat' dir='ltr'>Primum,</span> <span class='ocrx_word' id='word_1_280' title='bbox 987 3097 1116 3175; x_wconf 89' lang='lat' dir='ltr'>quiade-</span> 
     </span>
     <span class='ocr_line' id='line_1_36' title="bbox 114 3181 1158 3261; baseline 0.002 -19"><span class='ocrx_word' id='word_1_281' title='bbox 114 3183 207 3243; x_wconf 88' lang='lat' dir='ltr'>lorme</span> <span class='ocrx_word' id='word_1_282' title='bbox 229 3191 319 3261; x_wconf 91' lang='lat' dir='ltr'>atque</span> <span class='ocrx_word' id='word_1_283' title='bbox 342 3181 450 3241; x_wconf 89' lang='lat' dir='ltr'>servile</span> <span class='ocrx_word' id='word_1_284' title='bbox 469 3191 515 3242; x_wconf 91' lang='lat' dir='ltr'>est</span> <span class='ocrx_word' id='word_1_285' title='bbox 530 3191 560 3242; x_wconf 95' lang='lat' dir='ltr'>et</span> <span class='ocrx_word' id='word_1_286' title='bbox 580 3191 676 3258; x_wconf 90' lang='lat' dir='ltr'>certe,</span> <span class='ocrx_word' id='word_1_287' title='bbox 701 3181 777 3259; x_wconf 90' lang='lat' dir='ltr'>quod</span> <span class='ocrx_word' id='word_1_288' title='bbox 799 3183 932 3241; x_wconf 87' lang='lat' dir='ltr'>convenit</span> <span class='ocrx_word' id='word_1_289' title='bbox 954 3182 978 3239; x_wconf 91' lang='lat' dir='ltr'>si</span> <span class='ocrx_word' id='word_1_290' title='bbox 994 3190 1158 3246; x_wconf 81' lang='lat' dir='ltr'>aetatemlt</span> 
     </span>
     <span class='ocr_line' id='line_1_37' title="bbox 113 3264 1115 3345; baseline -0.004 -20"><span class='ocrx_word' id='word_1_291' title='bbox 113 3276 222 3343; x_wconf 90' lang='lat' dir='ltr'>mutes,</span> <span class='ocrx_word' id='word_1_292' title='bbox 240 3266 359 3333; x_wconf 90' lang='lat' dir='ltr'>iniuria;</span> <span class='ocrx_word' id='word_1_293' title='bbox 379 3264 499 3343; x_wconf 86' lang='lat' dir='ltr'>deinde,</span> <span class='ocrx_word' id='word_1_294' title='bbox 516 3267 609 3345; x_wconf 90' lang='lat' dir='ltr'>quod,</span> <span class='ocrx_word' id='word_1_295' title='bbox 626 3267 650 3325; x_wconf 91' lang='lat' dir='ltr'>si</span> <span class='ocrx_word' id='word_1_296' title='bbox 667 3268 712 3325; x_wconf 89' lang='lat' dir='ltr'>cui</span> <span class='ocrx_word' id='word_1_297' title='bbox 728 3274 783 3324; x_wconf 87' lang='lat' dir='ltr'>tam</span> <span class='ocrx_word' id='word_1_298' title='bbox 800 3273 845 3324; x_wconf 90' lang='lat' dir='ltr'>est</span> <span class='ocrx_word' id='word_1_299' title='bbox 858 3283 938 3323; x_wconf 91' lang='lat' dir='ltr'>mens</span> <span class='ocrx_word' id='word_1_300' title='bbox 954 3264 1115 3339; x_wconf 91' lang='lat' dir='ltr'>illiberalis,</span> 
     </span>
     <span class='ocr_line' id='line_1_38' title="bbox 113 3348 1116 3428; baseline -0.004 -19"><span class='ocrx_word' id='word_1_301' title='bbox 113 3358 143 3409; x_wconf 87' lang='lat' dir='ltr'>ut</span> <span class='ocrx_word' id='word_1_302' title='bbox 156 3350 363 3428; x_wconf 87' lang='lat' dir='ltr'>obiurgatione</span> <span class='ocrx_word' id='word_1_303' title='bbox 379 3367 436 3410; x_wconf 90' lang='lat' dir='ltr'>uon</span> <span class='ocrx_word' id='word_1_304' title='bbox 447 3353 620 3427; x_wconf 86' lang='lat' dir='ltr'>corrigatur,</span> <span class='ocrx_word' id='word_1_305' title='bbox 637 3352 661 3409; x_wconf 93' lang='lat' dir='ltr'>is</span> <span class='ocrx_word' id='word_1_306' title='bbox 678 3348 812 3408; x_wconf 89' lang='lat' dir='ltr'>etiamad</span> <span class='ocrx_word' id='word_1_307' title='bbox 828 3348 930 3425; x_wconf 88' lang='lat' dir='ltr'>plagas</span> <span class='ocrx_word' id='word_1_308' title='bbox 945 3356 976 3407; x_wconf 91' lang='lat' dir='ltr'>ut</span> <span class='ocrx_word' id='word_1_309' title='bbox 991 3348 1116 3426; x_wconf 89' lang='lat' dir='ltr'>pessima</span> 
     </span>
     <span class='ocr_line' id='line_1_39' title="bbox 113 3431 1119 3572; baseline -0.004 -79"><span class='ocrx_word' id='word_1_310' title='bbox 113 3452 247 3514; x_wconf 87' lang='lat' dir='ltr'>quaeque</span> <span class='ocrx_word' id='word_1_311' title='bbox 268 3434 413 3513; x_wconf 83' lang='lat' dir='ltr'>mancipia</span> <span class='ocrx_word' id='word_1_312' title='bbox 435 3434 595 3502; x_wconf 89' lang='lat' dir='ltr'>durabitur;</span> <span class='ocrx_word' id='word_1_313' title='bbox 618 3442 783 3512; x_wconf 89' lang='lat' dir='ltr'>postremo,</span> <span class='ocrx_word' id='word_1_314' title='bbox 810 3431 887 3509; x_wconf 90' lang='lat' dir='ltr'>qnod</span> <span class='ocrx_word' id='word_1_315' title='bbox 908 3448 1040 3572; x_wconf 67' lang='lat' dir='ltr'>ne2opus</span> <span class='ocrx_word' id='word_1_316' title='bbox 1063 3431 1119 3490; x_wconf 89' lang='lat' dir='ltr'>erit</span> 
     </span>
    </p>

    <p class='ocr_par' dir='ltr' id='par_1_5' title="bbox 153 3537 352 3588">
     <span class='ocr_line' id='line_1_40' title="bbox 153 3537 352 3588; baseline -0.02 -9"><span class='ocrx_word' id='word_1_317' title='bbox 153 3540 220 3579; x_wconf 72' lang='lat' dir='ltr'>nr.</span> <span class='ocrx_word' id='word_1_318' title='bbox 235 3537 352 3588; x_wconf 75' lang='lat' dir='ltr'>eorunm.</span> 
     </span>
    </p>
   </div>
   <div class='ocr_carea' id='block_1_3' title="bbox 0 0 1288 4026">
    <p class='ocr_par' dir='ltr' id='par_1_6' title="bbox 0 0 1288 4026">
     <span class='ocr_line' id='line_1_41' title="bbox 0 0 1288 4026; baseline 0 1"><span class='ocrx_word' id='word_1_319' title='bbox 0 0 1288 4026; x_wconf 95' lang='lat' dir='ltr'> </span> 
     </span>
    </p>
   </div>
  </div>
 </body>
</html>
