2566 4026
357 215 445 263 nrsr.
460 216 608 263 onnron.
622 218 690 264 nro.
703 218 735 280 n,
749 215 773 266 1.
1006 208 1064 269 149

60 376 115 434 erit
136 373 281 431 momenti.
314 369 385 429 Nam
405 379 485 430 certe
502 389 565 430 cum
580 371 617 429 sit
632 373 659 429 in
678 371 843 449 eloquendo
860 376 985 452 positum
1000 392 1064 435 ora·

61 459 131 517 toris
148 456 285 529 cilicium,
303 455 402 514 dicere
418 464 483 515 ante
507 455 600 513 omnia
616 463 676 530 est,
694 464 781 533 atque
796 456 863 517 hinc
877 458 986 517 initium
1002 461 1064 518 eius

59 544 128 601 artis
151 541 241 600 luisse
269 540 448 598 manifestum
470 547 530 606 est;
560 540 719 616 proximam
740 538 843 599 deinde
868 542 1063 617 imitationem,

52 625 242 684 novissimam
258 622 404 682 scribendi
421 640 537 702 quoqne
561 621 746 699 diligentiam.
785 625 845 684 Sed
866 634 897 684 ut
921 627 1095 702 perveniril

59 709 95 768 ad
113 725 222 766 summa
238 708 292 765 nisi
309 724 346 766 ex
361 707 511 786 principiis
526 724 584 765 uon
601 715 715 783 potest:
743 709 781 767 ita
804 709 984 787 procedente
1010 711 1065 770 iarn
1095 750 1101 759 -

59 809 151 870 opere
172 791 284 850 minima
305 790 442 869 incipiunt
465 809 532 849 esse
552 808 627 870 quae
652 792 742 868 prima
769 801 843 851 sunt.
884 792 992 852 Verum
1011 809 1065 853 nos

59 893 127 949 non,
146 875 290 952 quomodo
306 874 496 934 instituendus
512 883 625 950 orator,
642 874 699 934 hoc
719 875 787 935 loco
804 877 938 944 dicimus;
956 894 1020 937 nam
1036 876 1066 936 id

60 959 175 1038 quidem
204 966 251 1017 aut
274 959 343 1016 satis
374 967 422 1018 aut
453 967 533 1018 certe
561 959 601 1017 uti
623 960 767 1035 potuimus
788 960 894 1020 dictum
924 970 984 1029 est;
1013 961 1065 1020 sed

58 1043 183 1117 athleta,
207 1043 255 1120 qni
278 1058 378 1101 omnes
393 1043 449 1101 iam
463 1042 650 1120 perdidicerit
671 1061 686 1102 a
707 1053 902 1122 praeceptore
918 1061 1064 1121 numeros,

58 1144 115 1206 quo
142 1144 253 1203 genere
281 1126 497 1186 exercitationis
529 1126 564 1185 ad
595 1128 750 1188 certamina
776 1128 992 1207 praeparandus
1018 1130 1064 1188 sit.

56 1209 148 1286 Igitur
164 1229 239 1283 enm,
256 1212 305 1288 qui
322 1228 370 1269 res
382 1211 512 1269 invenire
527 1219 556 1268 et
570 1209 727 1288 disponere
739 1212 823 1286 sciet,
840 1211 931 1271 verba
948 1229 1066 1291 quoquc

58 1302 87 1352 et
112 1292 238 1370 eligendi
268 1302 297 1352 et
319 1293 484 1353 collocandi
505 1295 646 1353 rationem
666 1296 851 1372 perceperit,
880 1297 1063 1371 instruamus,

58 1394 114 1454 qua
130 1379 244 1436 ratione
261 1377 338 1453 quod
355 1376 488 1436 didicerit
509 1378 608 1437 iacere
624 1395 709 1457 quam
724 1379 848 1456 optime,
877 1396 961 1456 quarn
983 1379 1064 1438 iacil-

57 1461 124 1520 lime
140 1462 244 1536 possit.

141 1542 214 1602 Num
233 1560 305 1620 ergo
322 1543 437 1603 dubium
454 1553 515 1620 est,
538 1545 605 1623 quin
621 1548 648 1604 ei
662 1545 744 1604 velut
762 1562 836 1623 opes
852 1546 908 1604 sint
925 1545 1094 1623 quaedam5

58 1627 219 1705 parandae,
242 1628 345 1704 quihus
367 1629 423 1704 uti,
445 1627 609 1705 ubicunque
636 1628 832 1690 desideratum
858 1630 928 1704 erit,
950 1627 1065 1706 possit?

57 1710 118 1770 Eae
136 1720 267 1771 constant
289 1713 398 1790 copia
418 1730 538 1772 rerum
563 1730 603 1771 ao
620 1711 824 1772 verborum.
856 1712 915 1773 Sed
931 1730 978 1771 res
995 1728 1092 1791 pro-5

57 1797 139 1872 priae
153 1804 218 1853 sunt
236 1797 376 1873 cuiusque
393 1814 516 1870 causae,
540 1804 589 1855 aut
605 1798 706 1874 paucis
722 1813 905 1871 communes,
928 1795 1020 1856 verba
1035 1797 1064 1854 in

57 1879 206 1938 universas
223 1879 364 1957 paranda;
389 1897 463 1957 quae
486 1881 511 1938 si
531 1881 559 1939 in
576 1880 664 1956 rebus
679 1880 800 1957 singulis
817 1887 917 1940 essent
939 1880 1064 1957 singula,

56 1963 195 2021 minorem
218 1981 315 2021 curam
333 1962 526 2041 postularent,
544 1981 608 2023 narn
625 1973 728 2023 cuncta
743 1981 812 2023 sese
829 1981 893 2023 cum
907 1964 979 2042 ipsis
997 1981 1065 2042 pro·

56 2047 132 2104 tinus
150 2045 237 2104 rebus
254 2047 402 2106 offerrent.
437 2047 495 2106 Sed
512 2064 575 2106 cum
597 2047 653 2106 sint
668 2047 732 2107 aliis
748 2047 804 2106 alia
822 2057 870 2106 aut
887 2048 980 2124 magis
997 2064 1064 2125 pro·

56 2130 119 2206 pria
136 2138 183 2188 aut
198 2131 289 2205 magis
305 2138 405 2189 ornata
421 2139 469 2188 aut
485 2129 550 2206 plus
568 2129 724 2189 efficientia
737 2139 785 2188 aut
797 2130 899 2188 melius
917 2131 1064 2189 sonantia:

57 2211 164 2273 dehent
179 2232 247 2272 esse
265 2230 322 2272 nou
338 2213 432 2272 solum
447 2221 515 2271 nota
527 2213 621 2271 omnia
638 2213 691 2272 sed
713 2213 741 2270 in
760 2222 895 2290 promptu
916 2222 1019 2290 atque,
1035 2223 1066 2272 ut

56 2298 95 2356 ita
115 2297 218 2369 dicam,
237 2299 264 2354 iu
281 2306 451 2375 conspectu,
468 2304 514 2370 ut,
534 2314 598 2354 cum
617 2314 650 2354 se
666 2295 771 2354 iudicio
791 2295 913 2356 dicentis
930 2296 1064 2354 ostende·

56 2382 127 2454 rint,
146 2379 242 2439 facilis
261 2399 298 2440 ex
313 2381 357 2440 his
376 2381 549 2457 optimorum
573 2380 610 2438 sit
630 2379 748 2438 electio.
789 2377 827 2438 Ει
845 2396 920 2456 quae
934 2378 1011 2437 idem
1028 2379 1094 2450 siz

56 2464 227 2540 guilicarent
245 2463 350 2523 solitos
373 2465 435 2523 scio
458 2463 608 2537 ediscere,
631 2479 688 2540 quo
707 2460 821 2520 facilius
845 2470 874 2520 ει
896 2470 1066 2521 occurreret

57 2566 141 2606 uuuru
157 2565 194 2607 ex
213 2547 359 2626 pluribus,
379 2557 424 2623 et,
446 2565 509 2606 curu
527 2554 625 2606 essent
640 2546 685 2604 usi
700 2543 815 2623 aliquo,
841 2547 865 2604 si
879 2543 970 2605 breve
992 2545 1064 2604 intra

56 2633 180 2710 spatium
195 2650 295 2690 rursus
312 2632 543 2705 desideraretur,
569 2628 752 2706 effugiendae
772 2630 954 2708 repetitionis
970 2629 1065 2705 gratia
1151 2677 1154 2684 .

56 2724 204 2774 sumerent
226 2715 321 2790 aliud,
345 2733 402 2793 quo
423 2715 499 2774 idem
522 2712 645 2789 intelligi
671 2722 783 2791 posset.
828 2712 913 2787 Quod
936 2731 1000 2772 cum
1021 2720 1065 2771 est

57 2799 171 2876 puerile
196 2807 225 2857 et
246 2800 393 2858 cuiusdam
413 2799 538 2858 inleliois
560 2814 669 2875 operae
688 2807 746 2856 tum
761 2799 847 2856 etiam
863 2796 933 2856 utile
949 2813 1064 2873 parnm;

56 2882 168 2941 turbam
183 2883 258 2941 enim
275 2892 382 2943 tantum
398 2891 575 2958 congregat,
594 2899 631 2940 ex
646 2899 702 2960 qua
719 2882 781 2940 siue
799 2881 962 2940 discrimine
978 2896 1063 2938 occu·

58 2975 108 3042 pet
124 2967 285 3043 proximum
301 2967 448 3043 quodque.

142 3046 233 3107 Nobis
252 3058 346 3108 antem
363 3051 448 3127 copia
469 3067 533 3108 cum
550 3048 654 3108 iudicio
671 3047 797 3125 paranda
820 3057 865 3107 est
887 3051 944 3108 vim
966 3046 1095 3109 orandi8

58 3148 115 3190 non
131 3131 343 3191 circulatoriam
357 3132 569 3192 volubilitatem
592 3130 800 3210 spectantibus.
837 3131 869 3191 ld
885 3141 979 3191 autem
997 3147 1064 3190 con·

58 3215 879 3294 sequemuroptimalegendoatqueaudieudo.
910 3214 1065 3275 Nouenim

58 3298 153 3356 solum
169 3299 283 3359 nomina
303 3301 368 3378 ipsa
387 3312 486 3360 *rerum
503 3316 715 3377 cognoscemus
736 3298 895 3375 hac'cura,
922 3299 975 3359 sed
997 3298 1065 3378 quid

59 3399 176 3460 quoquc
192 3381 260 3442 loco
277 3385 313 3442 sit
331 3385 517 3462 aptissimum.
550 3382 686 3443 Omnibus
705 3383 853 3443 enimiere
865 3382 962 3442 verbis
980 3390 1092 3462 prae-9

59 3475 103 3526 ter
122 3483 224 3543 panca,
243 3485 317 3546 quae
335 3476 401 3528 sunt
416 3485 516 3548 parum
532 3468 707 3546 verecunda,
724 3469 752 3527 iu
764 3469 895 3528 oratione
908 3467 991 3527 locus
1008 3475 1061 3526 est.
