2566 4026
231 154 292 218 218
554 165 915 225 u.sna.on1nn1n1un1

232 341 332 383 cursus
351 322 410 381 oris
427 330 456 381 et
472 339 535 381 curn
551 320 649 380 verbis
667 321 726 379 suis
744 319 920 379 colluctatio.
944 318 1002 378 larn
1018 321 1131 380 tussire
1151 331 1184 381 et
1202 341 1250 382 en·

231 424 322 485 puero
341 405 446 466 crebro
464 414 492 464 et
508 404 544 464 ab
563 407 618 464 imo
635 404 770 482 pulmone
786 404 915 481 pituitam
932 402 1073 463 trochleis
1091 405 1250 466 adducere

232 500 260 550 et
279 491 339 550 oris
356 489 476 549 humore
497 490 646 567 proximos
663 505 802 565 spargere
821 496 850 545 et
865 487 1002 546 maiorem
1018 496 1135 564 partem
1161 491 1249 568 spiri·

230 584 275 633 tus
298 575 326 632 in
341 573 488 651 loquendo
505 591 559 651 per
574 590 660 631 nares
678 571 843 646 effundere,
867 571 1049 630 etiamsinon
1072 573 1180 650 utique
1197 592 1248 634 vo·

231 659 273 718 cis
290 666 354 716 sunt
371 658 449 732 vitia,
466 658 532 734 quia
543 666 638 716 tamen
649 665 771 733 propter
782 672 886 714 vocem
899 655 1041 730 accidunt,
1057 657 1247 733 potissimum

186 742 296 802 sthuic
318 741 386 801 loco
403 740 597 800 subiiciantur.
630 739 688 799 Sed
706 739 898 818 quodcunque
916 756 953 797 ex
968 738 1013 798 his
1028 740 1131 798 vitium
1149 744 1246 819 magis

228 825 341 884 tulerim
365 842 465 903 quam,
497 841 553 902 quo
571 842 645 882 nunc
666 824 787 882 maxime
808 822 956 882 laboratur
979 824 1006 881 in
1027 824 1125 882 causis
1152 828 1244 885 omui·

229 908 283 968 hus
301 908 488 986 scholisque,
510 907 658 982 cantandi,
681 907 759 985 quod
777 906 900 966 inutilius
922 907 1009 965 sitan
1030 907 1168 984 foedius,
1194 928 1243 969 ne·

229 993 301 1051 scio.
335 990 409 1064 Quid
428 993 503 1050 enirn
517 994 607 1049 minus
622 992 729 1050 oratori
747 991 882 1050 convenit
897 1008 981 1068 quam
995 990 1159 1051 modulatio
1178 1011 1243 1052 sce·

227 1076 291 1134 nica
320 1084 349 1134 et
378 1092 579 1153 nonnunquam
607 1074 752 1134 ebriorum
777 1083 825 1134 aut
853 1074 1064 1133 comissantium
1098 1074 1243 1136 licentiae

184 1163 219 1217 58
228 1157 350 1218 similis?
390 1157 465 1231 Quid
491 1176 562 1218 vero
587 1158 737 1218 movendis
766 1157 919 1218 affectibus
942 1159 1116 1218 contrarium
1146 1163 1242 1238 magis

227 1260 327 1321 quam,
347 1261 410 1302 curn
428 1242 598 1318 dolendum,
618 1241 816 1316 irascendum,
838 1241 1058 1317 indignandum,
1082 1246 1242 1303 commise-

225 1326 343 1386 randum
359 1328 413 1402 sit,
429 1345 486 1387 nou
503 1326 596 1386 solum
613 1325 649 1386 ab
667 1325 712 1385 his
728 1324 895 1400 affectibus,
918 1326 946 1383 in
964 1343 1037 1404 quos
1053 1326 1242 1388 inducendus

225 1419 270 1469 est
286 1409 389 1486 iudex,
411 1411 556 1470 recedere
573 1410 625 1469 sed
641 1411 732 1487 ipsam
748 1410 804 1469 lori
820 1409 999 1468 sanctitatem
1015 1409 1150 1469 ludorum
1168 1411 1241 1471 tala-

223 1493 296 1552 rium
311 1493 428 1554 licentia
450 1490 589 1554 solvere?
624 1492 695 1553 Nam
712 1490 817 1552 Cicero
833 1493 901 1562 illos
915 1512 955 1553 ec
973 1491 1069 1570 Lycio
1087 1501 1117 1554 et
1137 1492 1241 1556 Corio

224 1578 366 1638 rhetoras
385 1595 486 1655 poene
512 1579 693 1638 cantoratus
716 1578 843 1656 epilopt's
859 1576 940 1635 dixit.
978 1575 1039 1636 Nos
1058 1578 1145 1636 etiam
1172 1597 1240 1640 oan-

180 1669 215 1722 95
224 1660 301 1720 tandi
314 1663 494 1720 severiorem
507 1661 593 1738 paulo
607 1660 721 1720 modum
733 1660 922 1720 excessimus.
953 1658 1163 1739 Quisquamne,
1181 1681 1240 1722 non

225 1744 290 1802 dico
312 1744 349 1802 de
371 1743 542 1818 homicidio,
566 1744 742 1821 sacrilegio,
772 1744 946 1821 parricidio,
971 1744 1024 1803 sed
1048 1744 1084 1803 de
1111 1744 1238 1806 calculis

224 1835 306 1885 certe
322 1835 410 1905 atque
425 1827 601 1902 rationibus,
626 1829 776 1905 quisquam
795 1827 937 1905 denique,
961 1836 990 1886 ut
1011 1827 1104 1886 semel
1125 1828 1236 1904 liniam,

222 1910 250 1967 in
266 1909 316 1968 lite
333 1909 449 1969 cantat?
471 1909 556 1983 Quod
572 1912 596 1968 si
614 1911 727 1970 omnino
744 1910 944 1987 recipiendum
962 1920 1022 1970 est:
1039 1910 1111 1970 nihil
1125 1930 1236 1973 causae

222 2001 277 2067 est,
296 2009 346 2051 cur
361 2009 418 2051 non
434 1995 512 2053 illam
528 1995 610 2053 vocis
626 1993 848 2054 modulationem
864 1994 969 2053 fidibus
987 2013 1020 2053 ac
1037 1994 1126 2070 tibiis,
1146 1997 1235 2056 immo

220 2075 358 2151 hercule,
376 2077 453 2155 quod
471 2087 516 2137 est
531 2078 598 2138 huic
614 2079 787 2139 deformitati
804 2079 935 2156 propius,
957 2077 1097 2153 cymbalis
1114 2079 1234 2139 adiuve-

177 2163 291 2218 domus.
315 2158 447 2220 Facimus
464 2171 561 2222 tamen
575 2163 632 2222 hoc
649 2162 792 2230 libenter;
811 2180 875 2221 nam
886 2180 942 2221 nec
959 2163 1091 2240 cuiquam
1108 2173 1176 2223 sunt
1193 2164 1233 2223 in·

219 2244 352 2319 iucunda,
373 2263 446 2323 quae
465 2255 578 2306 cantant
593 2247 665 2324 ipsi,
682 2255 711 2306 et
727 2246 836 2306 laboris
852 2247 880 2304 in
895 2246 952 2305 hoc
969 2263 1052 2323 quam
1069 2246 1098 2304 in
1115 2248 1232 2323 agendo

219 2329 310 2387 minus
334 2338 388 2388 est.
427 2330 497 2389 Sunt
517 2339 546 2389 et
568 2331 698 2408 quidam,
727 2331 774 2408 qui
800 2329 956 2389 secundum
983 2329 1039 2389 alia
1062 2330 1141 2388 vitae
1163 2332 1231 2392 vitia

219 2412 304 2472 etiam
325 2412 380 2472 hac
400 2413 508 2492 ubique
530 2413 679 2490 audiendi,
708 2413 785 2492 quod
807 2431 892 2472 aures
914 2413 1054 2488 mulceat,
1077 2413 1231 2492 voluptate

218 2495 366 2554 ducantur.
401 2495 476 2569 Quid
499 2494 594 2575 ergo?
623 2515 680 2557 non
702 2506 730 2556 et
747 2494 852 2556 Cicero
876 2497 943 2556 dicit
967 2514 1033 2556 esse
1058 2496 1188 2575 aliquem
1204 2499 1230 2557 in

218 2580 349 2638 oratione
365 2588 489 2641 contum
510 2582 741 2642 obscuriorem?
771 2589 800 2640 et
817 2580 874 2640 hoc
893 2580 1016 2659 quodam
1033 2580 1157 2641 naturali
1179 2583 1217 2641 ini

216 2663 256 2720 tio
280 2659 379 2722 venit?
408 2661 563 2724 Ostendam
585 2683 642 2724 non
666 2663 754 2724 multo
778 2673 861 2741 post,
885 2664 935 2723 uhi
952 2673 981 2723 et
996 2672 1137 2742 quatenus
1153 2667 1229 2725 reci·

217 2746 340 2823 piendus
357 2747 393 2805 sit
409 2746 457 2806 hic
473 2748 566 2808 flexus
591 2757 619 2807 et
641 2757 740 2807 cantus
762 2747 876 2825 quidem
898 2748 967 2824 sed,
992 2747 1070 2825 quod
1092 2748 1228 2828 plerique

216 2829 382 2906 intelligere
400 2831 515 2907 nolunt,
534 2831 741 2891 obscurior.

172 2919 206 2973 61
298 2912 357 2972 lam
374 2916 448 2973 enim
464 2924 578 2993 tempus
594 2924 639 2975 est
659 2914 789 2991 dicendi,
811 2931 885 2992 quae
905 2915 941 2973 sit
958 2923 1044 2993 apta
1059 2918 1227 2993 pronuntia·

215 2997 265 3055 tio.
303 2995 385 3069 Quae
406 3008 488 3058 certe
514 3018 549 3059 ea
571 3008 632 3075 est,
656 3017 730 3077 quae
753 3000 803 3074 iis,
829 3000 865 3059 de
888 2998 990 3077 quibus
1012 2999 1150 3075 dicimus,
1180 3019 1226 3061 ac·

216 3081 423 3140 commodatur.
456 3081 540 3155 Quod
564 3084 679 3160 quidem
702 3084 824 3143 maxima
844 3101 880 3142 ex
902 3092 985 3160 parte
1005 3091 1153 3159 praestant
1170 3085 1227 3163 ipsi

214 3174 308 3223 motus
324 3165 496 3241 animorum,
516 3174 658 3245 sonatque
674 3183 750 3242 vox,
768 3167 929 3232 otientur:
953 3167 1005 3226 sed
1023 3184 1086 3226 cum
1102 3169 1158 3226 sint
1179 3169 1226 3228 alii

213 3248 276 3304 veri
293 3247 432 3324 allectus,
461 3249 508 3308 alii
530 3249 588 3308 iicti
607 3260 635 3309 et
651 3251 764 3309 imitati:
794 3251 858 3309 veri
875 3249 1043 3309 naturaliter
1060 3261 1225 3330 erumpunt,

212 3337 243 3387 ut
267 3330 441 3407 dolentium,
465 3333 666 3410 irascentium,
698 3334 918 3410 indignantium,
953 3333 1006 3393 sed
1033 3343 1134 3393 carent
1162 3346 1225 3395 arte

169 3410 337 3490 titideoque
362 3424 426 3474 sunt
447 3416 599 3493 disciplina
622 3426 650 3476 et
666 3419 776 3477 ratione
795 3417 946 3477 formandi.
978 3414 1085 3477 Contra
1109 3420 1157 3497 qni
1182 3420 1223 3479 ei·
