2566 4026
178 188 240 251 266
496 199 532 246 m.
548 198 626 244 nnc.
644 197 864 257 oummumrvr

180 356 254 415 enim
277 362 334 413 tarn
357 362 402 412 est
422 351 527 427 Lysiae
550 350 703 410 diversum.
739 349 902 429 Negahunt.
935 351 1067 414 Ateius
1092 354 1195 415 schola
1238 390 1242 427 ι

182 438 330 518 principes
346 445 493 497 oratorum
509 434 596 494 dedit.
624 432 787 508 Quaeratnr
803 435 923 495 similius
938 435 1067 516 aliquid.
1096 436 1195 518 llype·
1238 460 1242 497 ;

178 522 257 583 rides
280 517 415 581 Atticus?
439 517 536 578 Certe.
571 518 611 579 At
631 518 697 597 plus
718 518 836 580 indulsit
856 519 1012 599 voluptati.
1060 521 1195 582 Transeo

178 606 337 686 plurimos,
368 603 547 680 Lycurgum,
572 601 773 680 Aristogitona
799 603 892 664 ethis
914 604 1037 683 priores
1066 605 1194 682 Isaeum,

178 688 400 768 Antiphontem
423 704 513 766 quos,
529 695 561 746 ut
575 687 718 762 homines,
736 687 811 747 iuter
825 705 859 747 se
872 704 985 766 genere
1005 689 1126 750 similes
1144 689 1194 750 dii-

136 773 307 835 atterentes
325 772 433 832 dixeris
451 772 563 849 specie.
592 768 667 843 Quid
682 770 747 847 ille,
765 773 845 832 cuins
863 772 950 833 modo
966 772 1098 834 fecimus
1115 792 1193 834 men·
1239 796 1242 813 =

180 859 304 932 tionem,
327 851 512 914 Aeschines?
540 871 635 913 nonne
652 853 697 914 his
713 855 799 915 latior
817 865 847 916 ct
861 855 1017 917 andentior
1038 866 1071 917 et
1092 855 1192 919 excel·

179 938 260 1001 sior?
289 938 364 1013 Quid
379 938 504 1018 denique
521 936 757 998 Demosthenes?
779 957 837 1000 non
854 949 975 1000 cunctos
992 940 1069 1001 illos
1086 951 1191 1003 tenues
1239 986 1243 1001 .

180 1034 209 1086 et
226 1025 455 1101 circumspectos
469 1024 508 1099 vi,
525 1021 711 1099 sublimitate,
727 1023 846 1102 impetn,
864 1024 952 1099 cultu,
971 1027 1192 1105 compositione

180 1103 351 1186 superavit?
373 1124 431 1166 non
443 1108 565 1183 insurgit
575 1102 671 1166 locis?
688 1123 747 1166 non
758 1107 858 1184 liguris
870 1104 1001 1186 gaudet?
1024 1119 1190 1170 nonnane-

180 1190 337 1253 lationihus
361 1187 453 1250 nitet?
486 1207 543 1249 non
567 1191 699 1250 oratione
723 1191 789 1252 ficta
811 1191 860 1251 dat
877 1191 1045 1252 tacentibus
1063 1188 1191 1254 vocem?

137 1273 236 1335 24non
257 1273 329 1335 illud
348 1274 542 1335 iusiurandum
560 1292 614 1353 per
629 1291 733 1334 caesos
751 1276 779 1333 in
796 1274 965 1335 Marathone
986 1294 1024 1337 ac
1042 1277 1189 1338 Salamine

179 1368 414 1440 propugnatores
428 1360 472 1418 rei
488 1357 624 1436 publicae
640 1360 710 1418 satis
725 1358 877 1419 manifesto
892 1360 991 1435 docet,
1008 1370 1190 1441 praecepto·

178 1462 241 1504 rem
256 1444 318 1503 eius
332 1442 482 1503 Platonem
500 1442 614 1503 luisse?
636 1460 722 1520 quern
737 1444 830 1521 ipsum
845 1461 911 1503 num
925 1444 1069 1504 Asianum
1087 1444 1189 1525 appol·

179 1527 301 1589 labimus
332 1527 505 1605 plerumque
532 1527 674 1586 instinctis
706 1527 801 1588 divino
829 1529 931 1606 spiritu
954 1527 1082 1588 vatibus
1112 1546 1188 1590 com·

178 1607 357 1691 parandum?
394 1610 469 1685 Quid
495 1607 650 1670 Periclea?
683 1611 843 1671 similemne
873 1611 1017 1672 credimus
1045 1611 1189 1689 Lysiacae
1239 1676 1242 1685 ,

178 1695 351 1772 gracilitati,
384 1712 469 1773 quern
490 1693 654 1755 fulminibus
679 1704 708 1754 et
731 1695 853 1755 coelesti
878 1695 991 1772 fragori
1018 1705 1189 1776 comparant

136 1776 171 1832 25
180 1775 307 1852 Comici,
331 1777 395 1837 dum
421 1777 464 1839 illi
487 1775 706 1836 conviciantur?
736 1777 812 1852 Quid
835 1788 880 1839 est
901 1780 1005 1857 igitur,
1030 1781 1187 1840 curialis
1239 1838 1243 1861 ἱ

179 1863 309 1936 demum,
334 1862 477 1938 quiteuni
492 1859 598 1920 venula
613 1879 667 1939 per
683 1862 814 1923 calculos
827 1862 932 1938 lluuut,
954 1862 1086 1924 Atticum
1103 1881 1185 1944 sapo-

178 1963 241 2006 rem
256 1940 378 2023 putent?
403 1942 443 2003 ihi
460 1943 572 2003 demum
587 1944 714 2019 thymum
729 1946 866 2007 redolere
882 1943 998 2007 dicant?
1027 1945 1114 2021 Quos
1133 1963 1187 2026 ego

180 2030 326 2103 existimo,
344 2028 369 2085 si
385 2027 462 2106 quod
477 2030 506 2087 in
520 2028 566 2088 his
582 2028 685 2088 finibus
702 2029 820 2090 uberius
837 2033 999 2091 invenerint
1016 2031 1117 2092 solnm
1133 2033 1186 2093 fer·

178 2112 344 2174 tilioremvc
370 2120 521 2190 segetem,
548 2121 707 2191 negaturos
734 2114 859 2175 Atticam
886 2133 969 2191 esso,
1002 2115 1084 2193 quod
1111 2116 1187 2196 plus,

180 2215 265 2276 quarn
280 2198 447 2276 acceperit,
463 2197 580 2257 seminis
596 2197 713 2273 reddat3
736 2201 803 2277 quia
817 2199 891 2259 hanc
907 2200 969 2259 eius
984 2206 1086 2259 terrae
1103 2199 1187 2261 fldem
1242 2198 1245 2205 '

137 2280 337 2342 26hlenauder
352 2281 451 2342 eludit.
486 2280 530 2342 Ita
544 2299 635 2358 nuuc,
660 2283 685 2341 si
701 2285 766 2360 quis
787 2282 822 2342 ad
840 2301 890 2343 eas
904 2281 1118 2344 Demosthenis
1134 2286 1187 2344 vir-

179 2375 274 2441 tutes,
298 2383 370 2445 quas
386 2364 436 2425 ille
455 2383 580 2425 summus
597 2374 697 2425 orator
711 2365 828 2442 habuit,
850 2376 950 2427 tamen
964 2383 1041 2445 quae
1057 2367 1188 2428 defuisse

181 2451 208 2509 ei
229 2451 291 2509 sive
313 2450 403 2528 ipsius
425 2457 526 2509 natura
550 2468 602 2509 seu
619 2449 688 2526 lege
712 2451 837 2511 civitatis
855 2449 1006 2527 videntur,
1033 2451 1187 2528 adiecerit,

180 2542 211 2593 ιιι
228 2533 350 2593 allectus
368 2534 539 2593 concitatius
554 2541 686 2608 moveat,
712 2534 825 2595 audiam
840 2535 1003 2610 dicentem,
1027 2533 1100 2598 Non
1115 2537 1190 2616 fecit

180 2616 483 2678 hchemoothcoco?
504 2625 534 2677 et
548 2619 573 2676 si
589 2616 656 2694 quid
672 2618 777 2678 exierit
790 2619 916 2679 numeris
932 2619 1027 2696 aptius
1042 2617 1189 2698 (fortasse

179 2718 238 2761 nou
261 2701 371 2778 possim
400 2700 453 2760 sed
472 2709 568 2760 tamen
589 2703 614 2761 si
635 2699 703 2778 quid
727 2703 847 2783 exierit)
874 2720 932 2762 non
956 2703 1011 2762 crit
1032 2699 1188 2764 Atticum?

180 2782 284 2845 llelius
308 2784 344 2845 de
367 2783 424 2844 hoc
447 2786 563 2845 nominc
587 2785 712 2845 sentiant
734 2788 930 2867 credantque,
960 2784 1060 2846 Attice
1088 2787 1187 2849 dicere

182 2886 249 2928 esse
268 2867 376 2946 optime
394 2867 503 2928 dicere.

137 2947 173 3003 2⁷
265 2952 363 3031 Atque
389 2953 417 3011 iu
442 2951 498 3014 hac
525 2961 621 3014 tamen
645 2954 782 3032 opinione
809 2962 1035 3033 perseverantes
1056 2953 1186 3017 Graecos

50 3034 53 3038 ’
180 3036 273 3114 magis
289 3035 414 3096 tulerim.
455 3036 583 3097 Latina
602 3037 670 3097 mihi
686 3038 873 3114 facundia,
892 3048 924 3099 ut
939 3038 1124 3116 inventione,
1147 3039 1186 3100 di·

182 3121 361 3198 spositione,
392 3121 533 3196 consilio,
563 3122 670 3181 ceteris
694 3121 778 3182 huius
802 3124 921 3200 generis
948 3121 1059 3183 artibus
1086 3120 1186 3183 similis

123 3229 125 3232 >
183 3202 314 3264 Graecae
330 3222 365 3263 ac
380 3222 501 3284 prorsus
518 3204 659 3283 discipula
675 3207 738 3265 eius
753 3206 876 3283 videtur,
893 3208 932 3266 ita
949 3206 1027 3266 circa
1042 3208 1186 3268 rationem

183 3285 340 3363 eloquendi
356 3290 406 3348 vix
428 3287 538 3350 hahere
560 3289 724 3349 imitationis
747 3289 853 3350 locum.
892 3288 1023 3368 Namque
1045 3299 1093 3351 est
1115 3290 1185 3369 ipsis

182 3371 277 3427 statim
296 3373 376 3431 souis
392 3372 509 3449 durior,
533 3372 646 3451 quando
664 3382 692 3433 et
711 3373 929 3434 iucundissimas
949 3391 987 3433 ex
1002 3372 1126 3435 Graecis
1141 3372 1184 3435 ht-

181 3459 261 3509 teras
281 3471 339 3512 non
356 3455 510 3534 habemns,
534 3456 668 3518 vocalem
685 3457 806 3518 alteram
823 3456 943 3517 alteram
964 3467 1183 3535 consonantem,
1268 3538 1271 3545 Ι
