2566 4026
146 155 221 218 ¹158
478 171 514 217 u.
527 169 606 217 rna.
622 168 844 228 assumamur

157 323 374 402 Euripides,
402 341 523 400 quorum
550 325 578 382 in
601 322 708 402 dispari
728 322 842 384 dicendi
860 325 906 382 via
927 332 992 382 uter
1013 324 1051 383 sit
1077 335 1168 403 poeta

156 408 275 482 melior,
299 408 374 465 inter
389 407 528 484 plurimos
544 409 700 485 quaeritur.
737 406 827 486 ldque
845 423 902 484 ego
920 424 1007 482 sane,
1031 411 1169 486 quoniam
1211 416 1213 421 ⁴

157 491 192 552 ad
211 499 394 569 praesentem
408 492 555 550 materiam
570 490 638 550 nihil
654 492 797 569 pertinet,
819 490 1001 551 iniudicatum
1017 492 1167 571 relinquo.

157 575 232 635 lllud
247 573 362 653 quidem
377 592 461 633 nemo
477 592 535 634 nou
551 574 676 634 fateatur
695 592 820 634 necesse
844 583 905 649 est,
924 575 975 649 iis,
1000 577 1050 653 qui
1073 595 1109 635 se
1132 575 1167 637 ad

116 658 300 736 oeagendum
318 668 501 736 comparant,
524 658 669 718 utiliorem
685 658 773 735 longe
797 657 861 718 fore
879 657 1048 736 Euripiden.
1080 658 1171 720 Nam=

157 761 213 820 que
229 743 253 800 is
272 751 301 801 et
316 759 450 801 sermone
464 742 558 821 (quod
569 743 662 820 ipsum
673 741 898 820 reprehendunt,
919 742 1022 819 quibus
1035 744 1167 819 gravitas

157 835 186 886 et
201 825 358 886 cothurnus
374 835 404 885 et
419 843 507 885 sonus
524 825 680 903 Sophoclis
695 824 810 885 videtur
827 843 894 885 esse
912 825 1084 907 sublimior)
1107 845 1166 886 ma·

156 911 201 988 gis
218 909 332 970 accedit
347 912 475 970 oratorio
488 911 590 987 generi
603 918 632 969 et
643 911 793 970 sententiis
810 908 916 969 densus
938 919 966 969 et
985 912 1070 986 iniis,
1089 929 1169 990 quae

156 1011 172 1054 a
193 993 371 1072 sapientibus
388 993 489 1053 tradita
506 1002 581 1068 sunt,
597 1012 691 1072 paene
706 994 777 1072 ipsis
790 1011 857 1071 par,
882 1002 911 1052 et
926 992 1051 1053 dicendo
1067 1012 1105 1054 ac
1120 1014 1167 1054 re-

156 1076 326 1156 spondendo
347 1077 465 1137 cuilibet
479 1095 594 1153 eorum,
617 1079 665 1156 qui
688 1077 803 1138 fuerunt
820 1078 848 1136 in
863 1076 929 1136 foro
946 1077 1063 1153 diserti,
1088 1095 1167 1137 com·

142 1160 316 1239 ‘parandus3
342 1162 370 1219 in
390 1161 542 1221 affectibus
564 1178 636 1220 vero
661 1180 724 1221 cum
747 1161 877 1220 omnibus
897 1158 1059 1220 mirus'tum
1074 1163 1104 1220 in
1120 1164 1169 1238 iis,

114 1247 204 1323 eoqui
225 1247 409 1304 miseratione
432 1254 581 1319 constant,
607 1244 695 1305 facile
716 1245 901 1323 praecipuus.
945 1243 983 1303 Et
1009 1244 1168 1305 admiratus

155 1330 278 1388 maxime
295 1337 351 1404 est,
368 1338 398 1388 ut
413 1347 504 1407 saepe
521 1337 658 1404 testatur,
676 1337 705 1388 et
723 1347 788 1388 eum
803 1337 937 1404 secutus,
958 1345 1121 1406 quanquam
1138 1332 1167 1387 iu

157 1430 247 1490 opere
261 1412 388 1488 diverso,
400 1411 615 1487 Menander,
631 1414 678 1489 qui
690 1411 740 1471 vel
751 1431 833 1487 unus,
843 1428 909 1470 mco
920 1411 1035 1488 quidem
1046 1411 1166 1488 iudicio,

157 1496 312 1574 diligenter
323 1496 416 1556 lectus
430 1497 465 1556 ad
477 1506 591 1571 cuncta,
604 1513 678 1573 quae
694 1498 898 1574 praecipimus,
917 1495 1069 1555 efficienda
1084 1496 1164 1555 suflr-

158 1582 227 1648 ciat;
250 1582 289 1640 ita
305 1597 417 1639 omnem
440 1582 517 1640 vitae
534 1581 684 1657 imaginem
701 1581 864 1657 expressit,
887 1587 963 1639 tanta
985 1580 1014 1638 in
1032 1595 1068 1638 eo
1084 1580 1166 1639 inve·

156 1662 251 1723 aiendi
275 1665 359 1742 copia
382 1672 411 1723 et
432 1664 589 1742 eloquendi
613 1663 752 1739 facultas,
781 1665 819 1722 ita
843 1671 888 1722 cst
912 1663 1042 1722 omnibus
1064 1662 1165 1740 rebus,

114 1749 302 1824 aopersonis,
319 1746 470 1807 affectibus
486 1746 728 1808 accommodatus.
766 1745 829 1806 Nec
844 1746 915 1806 nihil
932 1746 1067 1824 proiecto
1083 1748 1164 1808 vide-

156 1839 231 1905 runt,
249 1831 296 1907 qui
309 1832 467 1905 orationes,
484 1849 558 1909 quae
572 1829 693 1891 Charisii
704 1833 818 1890 nomine
835 1830 967 1906 eduntur,
980 1848 996 1890 a
1007 1829 1166 1891 Menandro

158 1916 282 1992 scriptas
299 1923 407 1991 putant.
436 1914 494 1974 Sed
505 1915 573 1974 mihi
584 1915 671 1993 longe
686 1916 778 1991 magis
792 1923 891 1974 orator
901 1913 1019 1992 probari
1031 1916 1059 1973 in
1072 1932 1164 1992 opere

157 2014 211 2056 suo
227 1998 351 2073 videtur,
367 1998 421 2056 nisi
432 1997 508 2058 forte
521 2007 568 2058 aut
579 1998 628 2058 illa
639 1999 714 2059 mala
725 1998 840 2073 iudicia,
858 2014 932 2074 quae
944 1995 1163 2076 Epitrepontes,

157 2080 466 2158 Epicleros,'Locroe
486 2082 614 2157 habeut,
636 2091 683 2142 aut
705 2082 905 2141 meditationes
928 2082 956 2139 in
976 2081 1164 2160 Psophodee,

157 2164 349 2241 Nomothete,
378 2166 610 2245 Hypobolimaeo
637 2183 694 2225 non
727 2165 856 2224 omnibus
881 2165 1016 2225 oratoriis
1037 2166 1165 2224 numeris

120 2258 223 2317 71sunt
239 2250 401 2310 absolutae.
441 2249 507 2329 Ego
527 2259 621 2310 tamen
643 2251 708 2327 plus
731 2249 825 2309 adhuc
841 2249 974 2327 quiddam
991 2248 1165 2308 collaturum

160 2351 223 2392 eum
239 2333 480 2395 declamatoribus
494 2343 574 2413 puto,
594 2335 727 2411 quoniam
742 2333 786 2392 his
802 2350 927 2392 neeesse
943 2340 989 2391 est
1005 2332 1165 2392 secundum

159 2418 359 2477 condicionem
372 2419 634 2478 coutroversiamm
645 2417 745 2495 plures
757 2417 854 2476 subire
869 2433 1022 2494 personas,
1039 2425 1163 2494 patrum,

157 2500 291 2576 liliorum,
302 2501 431 2577 militum,
443 2503 626 2576 rusticorum,
644 2500 771 2575 divitum,
783 2518 951 2579 pauperum,
968 2500 1164 2576 irascentium,

157 2583 385 2662 deprecantium,
400 2586 519 2660 mitium,
538 2601 717 2662 asperorum.
763 2583 795 2643 ln
815 2584 918 2661 quibus
942 2583 1072 2643 omnibus
1093 2584 1164 2641 mire

116 2679 149 2735 72
157 2668 317 2728 custoditur
334 2667 370 2727 ab
386 2667 443 2728 hoc
465 2677 553 2746 poeta
575 2669 674 2728 decor.
718 2667 815 2746 Atque
837 2668 887 2728 ille
902 2667 1017 2745 quidem
1033 2666 1164 2726 omnibus

158 2751 286 2811 eiusdem
304 2753 403 2829 operis
421 2752 587 2812 auctoribus
605 2750 722 2811 abstulit
737 2769 841 2810 nomen
857 2760 885 2810 et
905 2751 1022 2828 fulgore
1040 2750 1165 2829 quodam

158 2853 228 2895 suae
250 2835 388 2895 claritatis
407 2835 543 2896 tenebras
560 2835 688 2895 obduxit.
723 2833 830 2895 'lamen
844 2835 951 2895 habent
974 2835 1022 2894 alii
1046 2850 1165 2912 quoque

159 2917 283 2993 Comici,
307 2919 332 2978 si
353 2937 416 2978 cum
429 2922 513 2980 venia
529 2919 673 2998 leguntur,
692 2919 832 2997 quaedam
849 2937 923 2997 quae
940 2920 1037 2996 possis
1062 2918 1164 2977 decer·

123 3041 126 3071 2.
158 3020 245 3080 pere;
272 3011 301 3062 et
318 3005 476 3082 praecipue
496 3003 704 3078 Philemon,
728 3005 776 3081 qui
796 3012 826 3062 ut
849 3002 946 3080 pravis
963 3004 1007 3062 sui
1023 3001 1164 3079 temporis

158 3086 269 3147 iudiciis
291 3085 448 3147 Menandro
471 3105 561 3166 saepe
585 3088 731 3166 praelatus
754 3096 813 3146 est:
839 3088 878 3146 ita
901 3102 1045 3146 consensu
1069 3093 1165 3146 tamen

159 3172 282 3229 omnium
298 3173 403 3231 meruit
420 3171 499 3231 credi
514 3171 667 3231 secundus.

116 3259 152 3317 73
242 3253 442 3315 Historiam
457 3256 538 3315 multi
554 3256 701 3333 scripsere
721 3253 891 3333 praeclare,
914 3252 966 3313 sed
981 3269 1066 3312 nemo
1083 3250 1165 3311 dubi·

160 3344 201 3396 tat
215 3337 304 3416 longe
320 3339 393 3398 duos
419 3340 525 3400 ceteris
540 3338 769 3418 praeferendos,
792 3355 913 3415 quorum
935 3337 1050 3397 diversa
1073 3337 1165 3395 virtus

159 3417 273 3480 laudem
290 3439 383 3499 paene
406 3432 451 3484 est
473 3441 572 3501 parem
601 3432 768 3483 consecuta.
816 3421 931 3482 Densus
953 3428 981 3480 et
1011 3419 1110 3480 brevis
1136 3429 1166 3480 et
