2566 4026
321 177 788 245 msu.01auuou.u1s.v111,o.
1026 172 1065 230 77

61 336 133 400 Nam
154 345 184 398 et
207 355 323 398 veneno
344 353 471 397 armore
496 345 524 396 et
544 336 664 415 ferram
689 353 816 397 armore
836 335 985 395 translatio
1010 347 1064 399 est.

60 422 206 482 Secuntur
223 420 297 481 haec
310 422 339 479 iu
354 420 471 498 plures:
498 429 528 479 ut
546 437 562 478 a
579 419 712 479 rationali
732 418 768 479 ad
785 418 927 479 rationale
945 429 975 480 et
992 420 1108 487 idem13

60 505 96 565 de
120 503 353 573 irrationalibus;
377 513 406 563 et
423 505 496 564 haec
512 505 650 578 invicem,
676 502 779 581 quibus
798 503 899 562 similis
917 506 990 564 ratio
1010 515 1064 582 est,

60 598 89 650 et
106 607 123 648 a
141 597 203 647 toto
221 597 250 648 et
265 587 437 666 apartibus.
478 587 536 647 Sed
552 589 607 647 iarn
622 603 679 646 nou
694 588 792 665 pueris
808 587 1017 665 praecipimus,
1036 598 1067 649 ut

58 680 185 749 accepto
200 689 311 749 genere
329 673 446 749 species
462 670 626 747 intelligere
641 686 699 729 oon
713 672 836 749 possim.

144 754 182 814 Ut
198 756 329 816 modicus
346 764 441 814 autem
460 763 547 833 atque
569 763 748 833 opportunus
771 755 832 813 eius
850 772 920 812 usus
941 754 1109 821 illustrat14

59 840 238 900 orationem:
263 841 301 898 ita
317 839 455 916 frequens
473 848 503 898 et
518 838 656 898 obscurat
676 848 705 898 et
720 838 816 898 taedio
834 838 976 916 complet,
997 857 1064 899 cou-

58 925 154 983 tiuuus
170 939 242 982 vero
254 924 282 981 in
293 923 452 1000 allegorias
466 931 495 982 et
510 923 673 998 aenigmata
685 923 754 981 exit.
788 921 859 981 Sunt
875 923 962 981 etiam
977 940 1064 1000 quae·

59 1007 126 1067 dam
142 1015 172 1066 et
185 1006 307 1066 humiles
324 1006 545 1081 translationes,
568 1015 598 1065 ut
615 1005 659 1081 id,
683 1006 719 1065 de
735 1021 792 1083 quo
808 1005 894 1065 modo
912 1005 987 1081 dixi,
1006 1006 1064 1068 So·

56 1109 122 1153 xeo
141 1100 357 1167 arivernico,
380 1100 409 1150 et
432 1089 577 1150 sordidae.
616 1089 682 1149 Nou
707 1091 797 1164 euim,
822 1090 847 1147 si
863 1086 969 1149 Cicero
984 1099 1066 1151 recte
1076 1104 1106 1156 15

55 1174 209 1235 sentinam
225 1175 429 1253 reipublicae
444 1173 531 1249 dixit,
549 1173 717 1233 foeditatem
728 1173 872 1233 homiuum
887 1173 1063 1250 significans,

56 1257 170 1317 idcirco
187 1257 308 1336 probem
323 1257 393 1318 illud
406 1274 522 1336 quoque
535 1258 644 1317 veteris
660 1258 801 1333 oratoris,
818 1253 1005 1317 Persecoisii
1018 1259 1065 1319 rei

55 1341 203 1423 publicae
216 1344 360 1406 comicos,
395 1340 567 1420 Optimeque
581 1339 686 1400 Cicero
700 1340 878 1400 demonstrat
894 1341 1063 1418 cavendum,

56 1425 150 1485 ussit
174 1424 311 1484 deformis
332 1425 500 1486 translatio:
533 1423 626 1502 qualis
648 1433 693 1484 est
715 1425 797 1503 (uam
822 1425 893 1502 ipsis
915 1425 977 1483 eius
1000 1433 1065 1485 utar

57 1507 218 1587 exemplis)
232 1506 407 1571 Caetrotom
418 1517 513 1571 morte
523 1505 668 1585 Africani
678 1527 743 1569 rem
754 1508 925 1587 publicam,
939 1516 968 1567 et
978 1506 1063 1569 Ster-

56 1611 115 1653 cus
130 1595 237 1653 cartae
248 1593 429 1664 Granouas,-
450 1611 487 1664 ue
502 1593 589 1651 nimio
604 1593 695 1651 maior
709 1600 771 1667 aut,
791 1591 868 1670 quod
881 1592 999 1669 saepius
1014 1609 1062 1652 ac·
1072 1600 1106 1655 16

57 1673 144 1751 cidit,
168 1677 274 1745 miuor;
296 1695 333 1735 ue
355 1675 510 1736 dissimilis.
558 1679 687 1752 Quorum
709 1675 843 1754 exempla
866 1675 981 1735 nimium
1004 1675 1062 1736 fre·

56 1768 180 1838 quenter
198 1759 414 1839 deprehendet,
432 1761 480 1838 qui
498 1759 598 1819 scierit
615 1759 689 1819 haec
704 1760 773 1819 vitia
790 1777 867 1818 esse.
903 1758 962 1819 Sed
977 1761 1063 1838 copia

57 1859 174 1922 quoque
189 1843 303 1903 modum
320 1860 441 1921 egressa
457 1845 563 1904 vitiosa
578 1852 639 1920 est,
658 1843 817 1921 praecipue
831 1843 860 1901 in
875 1842 977 1903 eadem
995 1862 1062 1922 spe·

56 1927 113 1986 cie.
149 1926 220 1986 Sunt
242 1937 272 1987 et
289 1927 395 2004 durae,
417 1927 446 1987 id
467 1936 512 1988 est
529 1945 545 1986 a
561 1927 718 2006 longinqua
738 1927 923 1988 similitudine
939 1927 1104 1991 ductae:li

56 2018 86 2069 ut
103 2011 215 2088 capitia
227 2013 314 2072 nives
330 2019 359 2070 et

182 2093 323 2174 Iuppiter
333 2095 479 2158 hibernos
495 2114 577 2156 cano
590 2096 661 2155 nice
675 2097 814 2172 conspuit
829 2095 934 2173 Alpes.

55 2176 87 2236 lu
105 2177 155 2237 illo
171 2196 242 2237 vero
259 2178 412 2256 plurimum
428 2179 555 2253 erroris,
579 2178 656 2255 quod
671 2195 721 2253 ea,
739 2195 814 2255 quae
829 2179 942 2255 poetis,
964 2178 1012 2255 qui
1024 2187 1062 2240 ‘et

56 2262 151 2320 omnia
174 2261 208 2321 ad
224 2262 403 2340 voluptatem
423 2262 554 2322 referunt
576 2269 605 2320 et
621 2260 742 2339 plurima
761 2269 879 2320 vertere
897 2262 982 2322 etiam
997 2262 1062 2340 ipsa

54 2344 139 2404 metri
150 2347 327 2405 necessitate
344 2354 502 2424 coguntur,
519 2345 661 2423 permissa
674 2352 755 2420 suut,
775 2345 932 2404 convenire
948 2343 1062 2420 quidam

55 2429 142 2488 etiam
153 2445 260 2506 prosae
277 2439 386 2508 putant.
418 2428 457 2489 At
474 2445 530 2506 ego
546 2429 575 2487 in
590 2427 703 2504 agendo
719 2445 775 2487 nec
787 2436 943 2507 pastorem
956 2429 1064 2506 populi
1072 2431 1105 2486 18

54 2521 176 2572 auctore
203 2513 330 2573 Homero
360 2513 496 2587 dixerim,
525 2530 581 2572 nec
606 2511 744 2571 volucres
767 2512 878 2590 peonis
897 2512 1061 2588 remipore,

54 2596 125 2656 licet
140 2595 204 2675 hoc
222 2596 371 2675 Vergilius
397 2598 425 2656 in
447 2596 549 2676 apibus
573 2614 607 2656 ac
628 2594 760 2655 Daedalo
782 2595 1000 2674 speciosissime
1027 2596 1064 2654 sit

55 2697 137 2739 usus.
177 2679 351 2759 Metaphora
368 2683 443 2740 enim
466 2689 514 2740 aut
528 2689 680 2740 vacantem
696 2696 843 2758 occupare
860 2678 957 2738 locum
975 2677 1064 2738 debet

55 2772 121 2840 aut,
138 2764 163 2822 si
181 2764 209 2822 iu
224 2765 348 2824 alienum
362 2767 459 2840 venit,
477 2764 543 2842 plus
559 2764 660 2824 valere
677 2781 731 2840 eo,
748 2763 826 2841 quod
844 2762 976 2841 expellit.

140 2846 225 2920 Quod
236 2865 330 2926 paene
346 2849 430 2908 etiam
443 2849 534 2925 magis
547 2848 583 2908 de
599 2847 843 2923 synecdoche
865 2847 966 2907 dicam.
991 2843 1063 2905 Nam
1071 2855 1105 2911 lit

55 2930 206 2990 translatio
229 2932 433 3010 permovendis
455 2933 554 2991 animis
573 2932 743 3010 plerumque
766 2940 795 2991 et
810 2929 957 3008 signandis
974 2928 1063 2989 rebus

56 3014 161 3074 acsub
180 3015 283 3078 oculos
300 3015 486 3077 subiiciendis
501 3026 619 3094 reperta
634 3024 688 3075 est.
726 3014 807 3075 Haec
823 3016 937 3074 variare
953 3028 1063 3073 sermo-

55 3116 122 3158 uern
144 3107 257 3176 potest,
286 3109 317 3159 ut
340 3119 377 3160 ex
403 3117 459 3159 uno
489 3100 588 3178 plures
615 3099 827 3176 intelligamus,
856 3107 939 3177 parte
961 3105 1063 3173 totum,

55 3183 159 3260 specie
185 3200 297 3259 genus,
327 3184 569 3262 praecedentibus
593 3180 763 3262 sequeutia,
794 3183 842 3243 vel
868 3182 962 3242 omnia
987 3180 1063 3240 haec

55 3274 173 3334 eontra;
194 3267 315 3326 liberior
326 3269 422 3346 poetis
439 3286 523 3346 quam
535 3267 708 3328 oratoribus.
744 3267 816 3327 Nam
831 3284 935 3345 prosa,
952 3273 984 3324 ut
999 3267 1106 3325 mat-20

54 3368 179 3411 crooem
207 3368 261 3429 pro
287 3350 385 3428 gladio
413 3361 442 3411 et
464 3360 574 3415 tectum
593 3368 648 3430 pro
669 3351 754 3411 domo
776 3353 916 3430 recipiet,
943 3351 982 3410 ita
1006 3365 1064 3408 nou

54 3435 181 3516 puppim
198 3451 252 3513 pro
267 3437 333 3496 navi
347 3453 403 3494 neo
419 3437 547 3498 abietem
563 3453 616 3515 pro
635 3434 766 3504 tabellis;
789 3444 818 3495 et
833 3452 948 3511 rursus,
964 3442 995 3494 ut
1008 3447 1062 3514 pro
