2566 4026
204 178 246 241 34
523 189 891 251 m.rns.ou1nr1u1uu1

175 349 313 424 ascripto
339 344 419 405 etde
441 344 590 405 voluntate
611 346 768 423 quaeritur.
810 345 842 404 ld
864 353 922 403 tum
936 344 1057 421 accidit,
1080 363 1145 406 cum
1163 354 1210 408 est

203 432 232 492 in
246 431 315 506 lege
332 428 428 507 aliqua
450 428 623 489 obscuritas.
667 427 699 488 lu
715 446 750 488 ea
766 437 814 488 aut
825 438 948 506 uterque
965 446 1045 488 suam
1066 429 1208 508 interpre-

203 516 340 576 tationem
361 513 529 587 confirmat,
548 511 707 572 adversarii
728 511 888 572 subvertit:
914 521 945 571 ut
959 513 1026 587 hic,
1049 511 1115 573 Fur
1130 528 1209 590 quu-

204 598 350 677 druplsrm
370 599 477 659 soleat.
519 594 589 656 Duo
608 597 827 675 surripuerunt
839 597 962 676 pariter
977 597 1084 657 decem
1104 597 1210 664 milior

200 689 348 763 petuntur
363 681 404 743 alr
420 689 550 758 utroque
565 681 790 759 quadragesim·
809 682 855 742 illi
866 681 1038 758 postulunt,
1053 687 1087 740 ιιι
1100 682 1211 742 cicccc

205 765 375 843 conserunt.
412 762 485 824 Nam
501 771 530 822 et
548 772 630 823 actor
645 763 729 839 dicit,
747 763 889 824 luccesse
907 762 1114 842 quadruplum,
1132 763 1210 842 quod

204 857 300 929 petat,
325 856 355 907 et
372 850 415 908 rei
430 848 504 923 hoc,
527 847 604 925 quod
621 847 759 915 offerant;
788 846 921 908 voluntas
943 863 1060 926 quoque
1075 848 1211 925 utrinque

177 932 377 1001 sdefenditur.
423 931 497 1006 Aut,
524 948 589 989 cum
612 930 649 990 de
669 930 763 990 altero
786 929 936 990 intellectu
958 939 1069 990 certum
1088 939 1150 1006 est,
1174 930 1211 989 de

206 1016 299 1078 altero
317 1015 450 1077 dubium:
470 1012 522 1074 llo
538 1017 698 1076 meretrico
718 1024 811 1076 notes
826 1034 865 1076 nc
888 1015 1087 1076 contiouctcr.
1124 1012 1212 1086 Quos

204 1101 300 1180 fllium
326 1099 474 1175 lubebat,
503 1108 648 1177 prostare
674 1101 789 1178 coepit:
824 1098 1004 1177 prohibetur
1031 1099 1212 1160 adolescens

207 1186 354 1247 contione.
389 1181 462 1243 Nam
482 1182 519 1242 de
542 1184 603 1242 eius
633 1183 709 1258 lilio,
733 1200 807 1261 quae
836 1190 902 1241 ante
930 1190 1042 1260 partum
1073 1182 1211 1242 meretrix

206 1269 275 1344 fuit,
293 1275 403 1328 certum
419 1275 479 1326 est:
498 1285 534 1327 an
550 1267 650 1327 eadem
665 1266 747 1327 huius
763 1284 850 1327 causa
864 1266 916 1340 sit,
933 1264 1048 1324 dubium
1065 1274 1127 1341 est,
1146 1265 1213 1344 quia

179 1359 246 1413 tex
260 1351 316 1412 hac
331 1360 413 1412 natus
428 1359 490 1426 est,
509 1359 538 1409 et
550 1350 625 1411 haec
634 1352 773 1411 meretrix
788 1358 842 1410 est.
872 1348 957 1409 Solet
972 1357 1001 1408 et
1016 1348 1086 1409 illud
1099 1348 1211 1428 quaeri,

207 1453 264 1517 quo
282 1435 441 1511 referatur,
462 1435 539 1513 quod
555 1436 695 1514 scriptum
712 1443 771 1511 est,
788 1433 843 1495 Bis
864 1434 904 1494 de
924 1433 1033 1494 eodem
1054 1452 1089 1493 re
1113 1452 1153 1493 rue
1174 1433 1214 1492 sit

206 1520 308 1589 octio,·
323 1519 352 1578 id
368 1527 427 1594 est,
443 1517 501 1577 hoo
515 1520 561 1580 bis
577 1518 612 1578 ad
628 1526 757 1578 actorem
772 1535 808 1578 an
823 1517 858 1578 ad
873 1512 1040 1577 actionem?
1075 1516 1157 1577 llaec
1175 1532 1213 1575 ex

206 1604 269 1663 iure
287 1601 424 1662 obscuro.

270 1683 402 1745 Alterum
413 1703 506 1762 genus
519 1693 614 1745 estex
625 1684 792 1752 mauilest0;
809 1683 886 1762 quod
899 1684 947 1761 qui
959 1682 1053 1742 solum
1067 1681 1212 1758 viderunt,

207 1770 284 1829 huno
299 1777 401 1827 statum
423 1768 522 1846 plani
544 1778 578 1827 et
597 1768 803 1828 voluntatis
821 1766 1016 1846 appellarunt.
1049 1766 1081 1825 ln
1096 1764 1153 1824 hoc
1170 1765 1211 1824 al-

180 1862 270 1916 ctera
290 1869 358 1930 pars
380 1853 490 1930 scripto
512 1852 610 1911 nititur
630 1852 723 1912 altera
741 1851 900 1911 voluntate.
943 1849 1001 1910 Sed
1018 1858 1119 1911 contra
1140 1849 1213 1907 scri·

208 1945 287 2015 ptum
309 1934 400 1994 tribus
421 1934 579 2013 generibus
600 1937 772 1995 occurritur.
815 1935 909 1995 Unum
930 1942 993 2010 est,
1022 1935 1051 1992 in
1072 1951 1129 2012 quo
1146 1932 1212 2009 ipso

208 2028 303 2098 patet,
326 2035 442 2096 semper
467 2019 496 2080 id
517 2021 628 2079 servari
649 2036 706 2078 non
721 2036 827 2097 posse:
849 2017 953 2079 Liberi
965 2025 1113 2097 parentes
1127 2016 1215 2077 olant
1243 2012 1246 2021 ’

209 2112 263 2165 out
282 2104 479 2173 vinciantur,·
505 2105 653 2163 nonenim
675 2103 840 2180 alligabitur
869 2101 971 2161 iulans.
1022 2100 1076 2161 llic
1096 2100 1150 2160 erit
1178 2099 1213 2160 at

209 2186 265 2247 alia
285 2187 438 2261 transitus,
465 2196 495 2246 et
516 2187 636 2263 divisio,
658 2186 732 2247 Num
756 2187 885 2265 quisquis
906 2202 965 2245 uon
989 2181 1114 2246 aluerit?
1147 2201 1214 2242 num

181 2267 278 2335 chio?
312 2270 480 2348 Proponunt
493 2270 608 2350 quidam
623 2271 683 2332 tale
697 2289 790 2348 genus
806 2270 1085 2344 controversiarum,
1108 2269 1136 2327 in
1157 2283 1214 2344 quo

209 2353 317 2415 nullum
338 2364 535 2431 argumentum
559 2364 619 2431 εει,
639 2354 716 2433 qnod
734 2353 853 2430 exlege
868 2354 931 2431 ipsa
947 2353 1007 2431 peti
1030 2353 1139 2430 possit,
1162 2349 1214 2408 sed

210 2438 247 2499 de
264 2453 300 2497 eo
318 2447 440 2515 tautum,
459 2438 496 2498 de
513 2455 570 2517 quo
585 2438 621 2497 lis
638 2447 698 2513 est,
716 2437 910 2516 quaerendum
926 2438 972 2496 sit.
1018 2435 1215 2514 Peregrinus,

208 2524 237 2584 si
260 2540 379 2583 murum
399 2524 591 2602 ascenderit,
612 2524 712 2602 cupite
728 2522 886 2601 parciatur.
932 2516 1007 2580 Cum
1027 2520 1128 2580 lcostes
1148 2537 1216 2577 mu-

210 2623 280 2666 rum
294 2606 522 2682 ascendissent,
537 2609 721 2685 peroptimus
736 2623 788 2666 eos
803 2605 938 2683 ospolim
956 2605 1072 2683 potitur
1086 2605 1130 2663 ad
1144 2619 1216 2680 sup·

183 2693 200 2749 7
208 2690 344 2769 plicitum
378 2687 444 2748 Non
456 2699 539 2748 erunt
553 2690 601 2749 hic
616 2697 769 2768 separatae
785 2690 988 2767 quaestiones,
1007 2686 1053 2745 An
1065 2685 1217 2765 quisquis?

212 2791 248 2834 an
267 2769 336 2832 hic?
360 2774 426 2850 quia
447 2773 556 2833 nullum
574 2781 674 2851 potest
691 2772 789 2832 afferri
809 2781 1006 2849 argumentum
1022 2778 1123 2829 contra
1144 2768 1216 2828 serr

211 2866 291 2936 ptum
307 2855 505 2916 vehementius
524 2873 577 2933 eo,
594 2856 672 2935 quod
689 2858 717 2915 in
736 2855 788 2915 lite
803 2865 862 2924 est;
884 2855 937 2916 ssd
951 2855 1010 2914 hoc
1026 2862 1149 2928 tantum,
1171 2849 1218 2911 An

211 2958 248 2999 ne
266 2940 426 3000 servandae
445 2940 559 3017 quidem
576 2941 699 3001 civitatis
716 2936 825 3000 causa?
860 2939 941 3017 Ergo
958 2939 1104 3016 aequitate
1122 2945 1152 2995 et
1165 2952 1216 2994 vo·

212 3024 322 3084 luntate
343 3023 535 3101 pugnandum.
577 3022 654 3083 Fieri
671 3033 766 3084 tamen
782 3032 897 3102 potest,
923 3031 954 3082 ut
969 3040 1006 3081 ex
1021 3021 1085 3081 aliis
1101 3018 1218 3097 legibus

214 3107 348 3187 exempla
363 3106 516 3184 ducamus,
537 3126 592 3187 per
612 3126 687 3187 quae
706 3116 860 3186 appareat,
883 3123 1000 3185 semper
1021 3105 1091 3163 stari
1106 3104 1217 3181 scripto

184 3197 269 3252 Bnon
293 3208 400 3270 posse,
422 3200 454 3251 ut
475 3189 580 3252 Cicero
596 3209 650 3270 pro
667 3189 793 3251 Caecina
811 3192 891 3251 fecit.
936 3189 1081 3263 Tertium,
1105 3204 1168 3247 cum
1189 3187 1217 3245 in

212 3275 285 3352 ipsis
311 3275 410 3335 verbis
433 3275 509 3352 legis
535 3277 696 3354 reperimus
722 3274 845 3353 aliquid,
873 3292 927 3353 por
948 3271 1026 3352 quod
1048 3271 1216 3351 probemus,

214 3356 290 3417 aliud
311 3358 532 3436 legumlatorem
555 3359 702 3435 voluisse,
726 3368 757 3418 ut
780 3360 810 3419 in
831 3360 888 3419 hac
909 3356 1125 3418 controversia:
1158 3352 1218 3426 Qui

213 3448 302 3504 nocte
314 3461 382 3504 cuns
391 3443 478 3521 ferro
490 3445 700 3524 deprehensos
711 3444 822 3522 suedi,
838 3443 991 3527 alligetur.
1036 3437 1111 3502 Cum
1126 3438 1219 3500 oculo
