2566 4026
322 185 411 232 INST.
427 185 576 234 osseos.
592 186 661 235 nte.
681 188 754 254 v111,
769 183 795 237 s.
1024 177 1064 237 59

61 340 213 402 contrariis
228 338 390 398 virtutibus.
434 338 506 399 Nam
528 341 648 417 primum
664 350 766 416 anuto,
791 341 948 402 seeundum
963 342 1062 419 nitido,

59 426 175 484 tertium
197 423 337 501 copioso,
361 422 501 501 deinceps
528 423 626 500 hilari,
649 424 790 501 iuouudo,
817 432 953 486 aeourato
970 426 1063 487 diver·

59 525 123 567 sum
141 515 194 565 est.

145 588 269 650 Vitanda
290 599 318 650 et
343 590 509 666 μείωσις,
534 608 597 649 oum
617 592 742 650 sermoni
758 591 842 651 deest
861 591 983 669 aliquid,
1007 605 1106 670 quoto

60 674 153 733 minus
169 672 273 751 plenus
291 675 342 742 sit;
360 690 521 751 quanquam
535 673 564 732 id
580 672 723 734 obscurae
736 675 832 754 potius
849 691 934 752 quam
949 676 1062 735 inorna-

59 766 108 817 tae
125 758 263 815 orationis
276 758 374 815 vitium
388 765 442 815 est.
471 755 530 816 Sed
547 756 604 816 hoo
622 774 750 836 quoque,
765 776 829 817 eum
844 775 860 818 a
875 757 1063 835 prudentibus

59 840 107 914 fit,
132 840 249 899 schema
270 839 327 899 diei
348 840 440 915 solet,
463 841 538 898 sieut
553 841 793 920 ταυτολογία,
819 841 915 900 idest
934 842 1064 901 eiusdem

57 922 143 985 verbi
160 932 208 983 aut
224 925 366 983 sermonis
381 925 506 983 iteratio.
547 922 627 983 Haeo
643 926 733 1000 euim,
758 942 919 1002 quanquam
934 938 1105 990 neuma-51

58 1026 193 1087 gnopere
216 1026 233 1067 a
254 1008 369 1066 summis
393 1005 559 1066 auctoribus
582 1008 686 1083 vitata,
713 1010 826 1068 iuterim
852 1009 950 1067 vitium
971 1007 1064 1069 videri

59 1101 177 1172 potest,
193 1092 222 1150 iu
239 1090 316 1169 quod
330 1108 421 1169 saepe
442 1090 540 1149 incidit
556 1091 641 1150 etiam
658 1089 764 1151 Cicero
782 1109 902 1151 securus
924 1100 981 1151 tam
998 1109 1062 1169 par·

60 1193 115 1236 vae
132 1175 361 1235 observationis:
382 1176 456 1233 siout
475 1173 533 1232 hoe
556 1173 640 1249 loeo,
663 1171 731 1236 Noa
755 1177 850 1237 solum
869 1176 964 1253 ἱρέων
984 1175 1064 1236 iliud

58 1260 208 1321 iodicium
222 1259 332 1319 iudicii
347 1258 456 1333 amite,
471 1254 611 1333 Indices,
633 1277 694 1320 aare
713 1259 781 1337 suit.
819 1256 935 1318 Interim
954 1266 1062 1317 mutato

58 1345 185 1414 nomine.
197 1335 381 1419 ἐπανάληψις
403 1341 522 1415 dieitur,
544 1349 631 1418 atque
653 1349 698 1400 est
723 1350 752 1401 et
773 1343 867 1420 ipsum
888 1343 963 1400 inter
978 1341 1062 1401 sohe-

59 1436 150 1495 msta3
161 1443 282 1505 quorum
294 1424 428 1504 exempla
436 1424 487 1483 illo
502 1424 570 1485 loeo
579 1424 755 1503 quaerenda,
769 1442 825 1503 quo
835 1425 956 1484 virtutes
969 1433 1061 1485 erunt.

146 1511 233 1571 Peior
253 1508 308 1570 hae
332 1501 573 1587 ὁμοιολογία,
599 1526 673 1586 qnae
694 1508 773 1569 nulla
795 1509 943 1567 varietatis
969 1509 1062 1585 gratia
1070 1519 1104 1573 52

58 1593 140 1655 levat
158 1593 281 1653 taedium
307 1601 392 1670 atque
417 1599 462 1650 est
482 1599 542 1650 tota
561 1590 668 1651 eoloris
683 1593 782 1667 unius,
800 1609 856 1670 qua
873 1592 996 1650 maxime
1012 1591 1061 1651 de·

56 1676 249 1756 prehenditur
265 1694 367 1735 carens
383 1684 445 1735 arte
462 1676 603 1743 oratoria;
626 1693 719 1753 eaque
736 1683 764 1734 et
779 1677 809 1734 iu
822 1676 971 1734 sententiis
988 1683 1017 1735 et
1033 1677 1062 1733 in

57 1762 161 1838 figuris
178 1762 250 1820 etin
272 1761 417 1838 positione
433 1758 522 1835 longe
538 1775 596 1818 nou
610 1760 708 1818 animis
724 1758 818 1819 solum
842 1757 894 1817 sed
911 1759 996 1818 etiam
1012 1776 1061 1817 au·

59 1844 140 1905 ribus
157 1853 201 1904 est
225 1845 426 1920 ingratissima.
470 1841 593 1903 Vitanda
615 1842 863 1922 μακρολογία,
884 1840 914 1901 id
935 1850 980 1902 est
1000 1841 1104 1906 lon-53

60 1929 127 2006 gior
149 1946 233 2006 quam
259 1935 375 2006 oportet
396 1942 506 1986 sermo:
528 1935 559 1986 ut
578 1925 653 2005 apud
675 1925 707 1985 Τ.
730 1924 854 2002 Liviam,
877 1922 988 2004 Lepati
999 1943 1061 1986 oon

58 2015 222 2091 impetrato
244 2029 327 2090 poce
346 2018 430 2071 retro
450 2012 585 2086 domrtm,
613 2011 696 2071 uode
714 2017 880 2084 venerant,
908 2010 1060 2070 abierunt.

57 2095 119 2157 Sed
141 2095 207 2155 huie
228 2097 323 2155 vicina
343 2092 523 2174 periphrasis
537 2094 627 2153 virtus
650 2091 781 2152 habetur.
825 2091 879 2151 Est
901 2100 929 2150 et
950 2096 1060 2152 πλεο-

60 2170 199 2256 νασμὸς
221 2179 337 2254 vitium,
362 2195 426 2237 oum
451 2178 641 2255 supervacuis
660 2175 759 2235 verbis
789 2176 881 2235 oratio
908 2185 1058 2235 oneratur:

58 2260 126 2341 Epo
148 2262 244 2324 oculis
267 2263 343 2323 meis
362 2262 450 2328 oidi;
473 2269 518 2319 sat
539 2268 585 2318 est
606 2259 680 2318 euim
701 2261 774 2320 nidi.
814 2256 985 2318 Emendavit
1005 2258 1103 2320 hosts

59 2347 147 2405 etiam
170 2344 278 2405 urbane
298 2347 327 2404 in
348 2345 440 2404 Hirtio
467 2341 589 2418 Gioero,
610 2342 674 2420 qui,
697 2359 761 2402 eum
783 2343 812 2400 in
827 2339 948 2400 Pansam
963 2340 1089 2400 denia*

57 2446 139 2489 mans
161 2429 256 2506 filium
278 2447 299 2489 o
319 2437 418 2489 matre
439 2429 545 2488 decem
561 2424 715 2487 mensibus
735 2426 768 2485 irs
781 2433 868 2486 utero
883 2425 977 2484 lotum
993 2440 1061 2484 esso

57 2512 190 2588 dixisset,
211 2510 313 2584 Quid?
330 2513 428 2589 adine,
443 2511 549 2589 inquit,
564 2511 596 2570 tu
606 2509 723 2589 penula
737 2509 833 2570 soleat
845 2507 952 2584 ferre?
981 2505 1059 2566 Non·

57 2614 201 2675 nunquam
222 2605 318 2656 tamen
340 2595 411 2655 illud
437 2612 545 2671 genus,
573 2595 653 2653 euius
680 2591 843 2671 exemplum
867 2591 966 2669 priore
991 2590 1059 2650 loeo

57 2682 154 2759 posui,
173 2680 371 2740 affirmationis
386 2681 479 2755 gratia
494 2676 665 2737 adhibetur·

277 2797 319 2811 -
339 2760 508 2839 Vocempue
528 2762 576 2822 dis
588 2761 717 2824 auritus
735 2759 836 2821 duum.

58 2846 98 2907 At
116 2847 213 2906 vitium
229 2848 300 2922 erit,
324 2847 457 2924 quotiens
473 2845 597 2904 otiosum
615 2844 702 2905 fuerit
720 2851 749 2905 et
762 2843 908 2921 supererit
923 2859 980 2901 non
998 2848 1101 2904 oumtt

58 2931 219 2991 adiicietur.
258 2928 311 2989 Est
329 2931 428 3005 etiam,
452 2946 527 3007 quae
548 2927 743 3009 περιεργία
766 2934 904 3001 vocatur,
920 2942 1058 3004 superva-

60 3031 125 3089 eua,
144 3023 174 3072 ut
190 3015 233 3072 sie
249 3013 380 3089 dixerim,
398 3014 579 3090 operositas,
604 3020 634 3071 ut
657 3029 674 3071 a
695 3010 826 3087 diligenti
848 3010 979 3068 curiosus
998 3016 1060 3068 eta

58 3097 204 3174 reiigione
223 3098 391 3176 superstitio
409 3097 503 3156 distat.
535 3096 642 3174 Atque,
658 3103 689 3154 ut
705 3093 796 3154 semel
807 3093 912 3168 iiuiam,
928 3091 977 3151 vel
992 3109 1057 3150 ver·

57 3181 125 3241 bum
144 3197 245 3240 omne.
274 3181 350 3258 quod
366 3197 461 3258 neque
483 3179 662 3239 intellectam
677 3178 791 3238 adiuvat
806 3194 901 3254 neque
918 3184 1057 3252 ornatum,

56 3265 192 3325 vitiosum
210 3264 266 3324 diei
283 3272 390 3342 potest.

144 3340 375 3426 Κακόζηλον,
397 3348 425 3407 id
442 3356 487 3407 est
502 3346 578 3407 rnala
593 3346 757 3421 affectatio,
775 3362 829 3424 per
845 3360 928 3403 omne
945 3342 1100 3407 dieenditi

59 3450 153 3511 genus
174 3440 288 3510 percat.
332 3430 404 3491 Nam
425 3440 454 3491 et
474 3431 579 3491 tumida
603 3438 632 3489 et
654 3429 760 3509 pusilla
781 3437 810 3488 et
832 3426 1001 3506 praedulcia
1028 3433 1058 3487 et
