<?xml version="1.0" encoding="UTF-8"?>
<!DOCTYPE html PUBLIC "-//W3C//DTD XHTML 1.0 Transitional//EN"
    "http://www.w3.org/TR/xhtml1/DTD/xhtml1-transitional.dtd">
<html xmlns="http://www.w3.org/1999/xhtml" xml:lang="en" lang="en">
 <head>
  <title>
</title>
<meta http-equiv="Content-Type" content="text/html;charset=utf-8" />
  <meta name='ocr-system' content='tesseract 3.04.00' />
  <meta name='ocr-capabilities' content='ocr_page ocr_carea ocr_par ocr_line ocrx_word'/>
</head>
<body>
  <div class='ocr_page' id='page_1' title='image "./mfabiiquintilia00bonngoog/mfabiiquintilia00bonngoog_0214.png"; bbox 0 0 2566 4026; ppageno 0'>
   <div class='ocr_carea' id='block_1_1' title="bbox 366 172 1086 253">
    <p class='ocr_par' dir='ltr' id='par_1_1' title="bbox 366 172 1086 253">
     <span class='ocr_line' id='line_1_1' title="bbox 366 172 1086 253; baseline 0.004 -17"><span class='ocrx_word' id='word_1_1' title='bbox 366 186 802 253; x_wconf 78' lang='lat' dir='ltr'><strong>rasn.onsron.n1e.1v,s.</strong></span> <span class='ocrx_word' id='word_1_2' title='bbox 1027 172 1086 239; x_wconf 76' lang='lat' dir='ltr'><strong>tet</strong></span> 
     </span>
    </p>
   </div>
   <div class='ocr_carea' id='block_1_2' title="bbox 77 341 1114 3526">
    <p class='ocr_par' dir='ltr' id='par_1_2' title="bbox 77 341 1114 3526">
     <span class='ocr_line' id='line_1_2' title="bbox 78 341 1085 421; baseline 0.001 -17"><span class='ocrx_word' id='word_1_3' title='bbox 78 343 218 404; x_wconf 83' lang='lat' dir='ltr'><strong>excidere</strong></span> <span class='ocrx_word' id='word_1_4' title='bbox 234 342 364 417; x_wconf 89' lang='lat' dir='ltr'><strong>soleant,</strong></span> <span class='ocrx_word' id='word_1_5' title='bbox 389 358 462 420; x_wconf 88' lang='lat' dir='ltr'><strong>quae</strong></span> <span class='ocrx_word' id='word_1_6' title='bbox 480 343 682 420; x_wconf 76' lang='lat' dir='ltr'>promisimus,</span> <span class='ocrx_word' id='word_1_7' title='bbox 708 351 752 417; x_wconf 91' lang='lat' dir='ltr'><strong>et,</strong></span> <span class='ocrx_word' id='word_1_8' title='bbox 775 342 800 401; x_wconf 91' lang='lat' dir='ltr'><strong>si</strong></span> <span class='ocrx_word' id='word_1_9' title='bbox 815 359 871 420; x_wconf 94' lang='lat' dir='ltr'><strong>qua</strong></span> <span class='ocrx_word' id='word_1_10' title='bbox 888 341 918 401; x_wconf 91' lang='lat' dir='ltr'><strong>lu</strong></span> <span class='ocrx_word' id='word_1_11' title='bbox 932 342 1085 421; x_wconf 87' lang='lat' dir='ltr'><strong>partiendo</strong></span> 
     </span>
     <span class='ocr_line' id='line_1_3' title="bbox 79 424 1085 507; baseline 0.002 -20"><span class='ocrx_word' id='word_1_12' title='bbox 79 428 288 507; x_wconf 84' lang='lat' dir='ltr'><strong>praeterimus,</strong></span> <span class='ocrx_word' id='word_1_13' title='bbox 318 442 491 493; x_wconf 80' lang='lat' dir='ltr'><strong>occurrere:</strong></span> <span class='ocrx_word' id='word_1_14' title='bbox 514 424 592 504; x_wconf 93' lang='lat' dir='ltr'><strong>quod</strong></span> <span class='ocrx_word' id='word_1_15' title='bbox 616 425 733 505; x_wconf 91' lang='lat' dir='ltr'><strong>quidem</strong></span> <span class='ocrx_word' id='word_1_16' title='bbox 752 426 856 484; x_wconf 87' lang='lat' dir='ltr'><strong>nemini</strong></span> <span class='ocrx_word' id='word_1_17' title='bbox 877 424 1007 502; x_wconf 87' lang='lat' dir='ltr'><strong>accidet,</strong></span> <span class='ocrx_word' id='word_1_18' title='bbox 1029 427 1085 489; x_wconf 84' lang='lat' dir='ltr'><strong>uisi</strong></span> 
     </span>
     <span class='ocr_line' id='line_1_4' title="bbox 79 508 1084 590; baseline 0 -19"><span class='ocrx_word' id='word_1_19' title='bbox 79 512 128 590; x_wconf 91' lang='lat' dir='ltr'><strong>qui</strong></span> <span class='ocrx_word' id='word_1_20' title='bbox 148 511 236 589; x_wconf 87' lang='lat' dir='ltr'><strong>plane</strong></span> <span class='ocrx_word' id='word_1_21' title='bbox 249 509 298 570; x_wconf 83' lang='lat' dir='ltr'><strong>uel</strong></span> <span class='ocrx_word' id='word_1_22' title='bbox 314 509 396 569; x_wconf 90' lang='lat' dir='ltr'><strong>nullo</strong></span> <span class='ocrx_word' id='word_1_23' title='bbox 411 509 500 569; x_wconf 88' lang='lat' dir='ltr'><strong>luerit</strong></span> <span class='ocrx_word' id='word_1_24' title='bbox 520 510 637 586; x_wconf 77' lang='lat' dir='ltr'><strong>ingenio</strong></span> <span class='ocrx_word' id='word_1_25' title='bbox 659 509 709 569; x_wconf 83' lang='lat' dir='ltr'><strong>vel</strong></span> <span class='ocrx_word' id='word_1_26' title='bbox 729 508 765 569; x_wconf 86' lang='lat' dir='ltr'><strong>ad</strong></span> <span class='ocrx_word' id='word_1_27' title='bbox 786 508 930 586; x_wconf 76' lang='lat' dir='ltr'><strong>agendum</strong></span> <span class='ocrx_word' id='word_1_28' title='bbox 945 508 1017 571; x_wconf 81' lang='lat' dir='ltr'>nihil</span> <span class='ocrx_word' id='word_1_29' title='bbox 1033 528 1084 571; x_wconf 91' lang='lat' dir='ltr'><strong>co·</strong></span> 
     </span>
     <span class='ocr_line' id='line_1_5' title="bbox 77 591 1114 673; baseline 0.005 -18"><span class='ocrx_word' id='word_1_30' title='bbox 77 594 160 673; x_wconf 78' lang='lat' dir='ltr'><strong>gitati</strong></span> <span class='ocrx_word' id='word_1_31' title='bbox 175 592 436 673; x_wconf 71' lang='lat' dir='ltr'><strong>praemeditatique</strong></span> <span class='ocrx_word' id='word_1_32' title='bbox 452 592 598 653; x_wconf 88' lang='lat' dir='ltr'><strong>detulerit.</strong></span> <span class='ocrx_word' id='word_1_33' title='bbox 630 591 751 672; x_wconf 78' lang='lat' dir='ltr'><strong>Alioqui</strong></span> <span class='ocrx_word' id='word_1_34' title='bbox 768 610 844 671; x_wconf 88' lang='lat' dir='ltr'><strong>quae</strong></span> <span class='ocrx_word' id='word_1_35' title='bbox 860 601 918 654; x_wconf 86' lang='lat' dir='ltr'><strong>tam</strong></span> <span class='ocrx_word' id='word_1_36' title='bbox 931 593 1114 660; x_wconf 71' lang='lat' dir='ltr'><strong>manuascae</strong></span> 
     </span>
     <span class='ocr_line' id='line_1_6' title="bbox 79 672 1085 756; baseline -0.001 -17"><span class='ocrx_word' id='word_1_37' title='bbox 79 689 108 739; x_wconf 88' lang='lat' dir='ltr'><strong>et</strong></span> <span class='ocrx_word' id='word_1_38' title='bbox 129 677 224 739; x_wconf 88' lang='lat' dir='ltr'><strong>lucida</strong></span> <span class='ocrx_word' id='word_1_39' title='bbox 244 687 290 738; x_wconf 88' lang='lat' dir='ltr'><strong>est</strong></span> <span class='ocrx_word' id='word_1_40' title='bbox 311 678 385 737; x_wconf 86' lang='lat' dir='ltr'><strong>ratio</strong></span> <span class='ocrx_word' id='word_1_41' title='bbox 408 694 493 756; x_wconf 87' lang='lat' dir='ltr'><strong>quarn</strong></span> <span class='ocrx_word' id='word_1_42' title='bbox 514 686 615 737; x_wconf 77' lang='lat' dir='ltr'><strong>reciae</strong></span> <span class='ocrx_word' id='word_1_43' title='bbox 637 672 820 755; x_wconf 79' lang='lat' dir='ltr'><strong>partitionis?</strong></span> <span class='ocrx_word' id='word_1_44' title='bbox 856 676 994 756; x_wconf 84' lang='lat' dir='ltr'><strong>Sequitur</strong></span> <span class='ocrx_word' id='word_1_45' title='bbox 1009 679 1085 738; x_wconf 89' lang='lat' dir='ltr'><strong>euim</strong></span> 
     </span>
     <span class='ocr_line' id='line_1_7' title="bbox 78 759 1085 840; baseline -0.001 -17"><span class='ocrx_word' id='word_1_46' title='bbox 78 772 207 823; x_wconf 89' lang='lat' dir='ltr'><strong>naturam</strong></span> <span class='ocrx_word' id='word_1_47' title='bbox 222 760 342 834; x_wconf 89' lang='lat' dir='ltr'><strong>ducem,</strong></span> <span class='ocrx_word' id='word_1_48' title='bbox 366 759 441 820; x_wconf 90' lang='lat' dir='ltr'><strong>adeo</strong></span> <span class='ocrx_word' id='word_1_49' title='bbox 463 777 595 840; x_wconf 88' lang='lat' dir='ltr'><strong>quoque,</strong></span> <span class='ocrx_word' id='word_1_50' title='bbox 616 769 647 819; x_wconf 94' lang='lat' dir='ltr'><strong>ut</strong></span> <span class='ocrx_word' id='word_1_51' title='bbox 661 761 818 821; x_wconf 83' lang='lat' dir='ltr'><strong>memoriae</strong></span> <span class='ocrx_word' id='word_1_52' title='bbox 837 759 865 820; x_wconf 92' lang='lat' dir='ltr'><strong>id</strong></span> <span class='ocrx_word' id='word_1_53' title='bbox 880 761 1032 819; x_wconf 85' lang='lat' dir='ltr'><strong>maxbnum</strong></span> <span class='ocrx_word' id='word_1_54' title='bbox 1046 764 1085 822; x_wconf 84' lang='lat' dir='ltr'><strong>sit</strong></span> 
     </span>
     <span class='ocr_line' id='line_1_8' title="bbox 77 843 1083 923; baseline -0.003 -16"><span class='ocrx_word' id='word_1_55' title='bbox 77 847 215 907; x_wconf 81' lang='lat' dir='ltr'><strong>auxilium</strong></span> <span class='ocrx_word' id='word_1_56' title='bbox 229 847 275 905; x_wconf 86' lang='lat' dir='ltr'><strong>via</strong></span> <span class='ocrx_word' id='word_1_57' title='bbox 290 845 404 906; x_wconf 89' lang='lat' dir='ltr'><strong>dicendi</strong></span> <span class='ocrx_word' id='word_1_58' title='bbox 420 861 478 904; x_wconf 91' lang='lat' dir='ltr'><strong>non</strong></span> <span class='ocrx_word' id='word_1_59' title='bbox 495 844 650 904; x_wconf 80' lang='lat' dir='ltr'><strong>decedere.</strong></span> <span class='ocrx_word' id='word_1_60' title='bbox 683 844 870 923; x_wconf 76' lang='lat' dir='ltr'><strong>Quapropter</strong></span> <span class='ocrx_word' id='word_1_61' title='bbox 882 862 919 904; x_wconf 88' lang='lat' dir='ltr'><strong>ne</strong></span> <span class='ocrx_word' id='word_1_62' title='bbox 934 843 1004 904; x_wconf 89' lang='lat' dir='ltr'><strong>illos</strong></span> <span class='ocrx_word' id='word_1_63' title='bbox 1022 845 1083 923; x_wconf 93' lang='lat' dir='ltr'><strong>qui·</strong></span> 
     </span>
     <span class='ocr_line' id='line_1_9' title="bbox 79 927 1083 1008; baseline -0.002 -17"><span class='ocrx_word' id='word_1_64' title='bbox 79 932 144 992; x_wconf 90' lang='lat' dir='ltr'><strong>dem</strong></span> <span class='ocrx_word' id='word_1_65' title='bbox 165 928 367 1008; x_wconf 80' lang='lat' dir='ltr'><strong>probaverim,</strong></span> <span class='ocrx_word' id='word_1_66' title='bbox 392 930 442 1008; x_wconf 93' lang='lat' dir='ltr'><strong>qui</strong></span> <span class='ocrx_word' id='word_1_67' title='bbox 461 930 645 1007; x_wconf 88' lang='lat' dir='ltr'><strong>partitionem</strong></span> <span class='ocrx_word' id='word_1_68' title='bbox 661 936 761 988; x_wconf 85' lang='lat' dir='ltr'><strong>uetant</strong></span> <span class='ocrx_word' id='word_1_69' title='bbox 780 927 855 987; x_wconf 90' lang='lat' dir='ltr'><strong>ultra</strong></span> <span class='ocrx_word' id='word_1_70' title='bbox 871 936 932 988; x_wconf 88' lang='lat' dir='ltr'><strong>tres</strong></span> <span class='ocrx_word' id='word_1_71' title='bbox 947 930 1083 1007; x_wconf 87' lang='lat' dir='ltr'><strong>proposi·</strong></span> 
     </span>
     <span class='ocr_line' id='line_1_10' title="bbox 78 1011 1083 1090; baseline -0.002 -16"><span class='ocrx_word' id='word_1_72' title='bbox 78 1016 172 1074; x_wconf 89' lang='lat' dir='ltr'><strong>tiones</strong></span> <span class='ocrx_word' id='word_1_73' title='bbox 192 1013 361 1074; x_wconf 84' lang='lat' dir='ltr'><strong>extendere.</strong></span> <span class='ocrx_word' id='word_1_74' title='bbox 393 1012 476 1086; x_wconf 84' lang='lat' dir='ltr'><strong>Quae</strong></span> <span class='ocrx_word' id='word_1_75' title='bbox 494 1013 556 1071; x_wconf 89' lang='lat' dir='ltr'><strong>sine</strong></span> <span class='ocrx_word' id='word_1_76' title='bbox 570 1011 676 1087; x_wconf 92' lang='lat' dir='ltr'><strong>dubio,</strong></span> <span class='ocrx_word' id='word_1_77' title='bbox 697 1013 722 1071; x_wconf 95' lang='lat' dir='ltr'><strong>si</strong></span> <span class='ocrx_word' id='word_1_78' title='bbox 735 1012 849 1071; x_wconf 85' lang='lat' dir='ltr'><strong>nbnium</strong></span> <span class='ocrx_word' id='word_1_79' title='bbox 865 1013 903 1071; x_wconf 84' lang='lat' dir='ltr'><strong>sit</strong></span> <span class='ocrx_word' id='word_1_80' title='bbox 918 1011 1083 1090; x_wconf 85' lang='lat' dir='ltr'><strong>multiplex,</strong></span> 
     </span>
     <span class='ocr_line' id='line_1_11' title="bbox 78 1095 1084 1175; baseline -0.002 -18"><span class='ocrx_word' id='word_1_81' title='bbox 78 1099 170 1175; x_wconf 85' lang='lat' dir='ltr'><strong>lugiet</strong></span> <span class='ocrx_word' id='word_1_82' title='bbox 190 1098 357 1157; x_wconf 89' lang='lat' dir='ltr'><strong>memoriam</strong></span> <span class='ocrx_word' id='word_1_83' title='bbox 376 1097 479 1156; x_wconf 88' lang='lat' dir='ltr'><strong>iudicis</strong></span> <span class='ocrx_word' id='word_1_84' title='bbox 498 1104 527 1156; x_wconf 88' lang='lat' dir='ltr'><strong>et</strong></span> <span class='ocrx_word' id='word_1_85' title='bbox 545 1095 671 1156; x_wconf 86' lang='lat' dir='ltr'><strong>turbabit</strong></span> <span class='ocrx_word' id='word_1_86' title='bbox 684 1097 886 1164; x_wconf 69' lang='lat' dir='ltr'><strong>intentionem</strong></span> <span class='ocrx_word' id='word_1_87' title='bbox 908 1095 967 1155; x_wconf 90' lang='lat' dir='ltr'><strong>boo</strong></span> <span class='ocrx_word' id='word_1_88' title='bbox 988 1105 1084 1155; x_wconf 90' lang='lat' dir='ltr'><strong>tamen</strong></span> 
     </span>
     <span class='ocr_line' id='line_1_12' title="bbox 79 1178 1083 1258; baseline -0.002 -16"><span class='ocrx_word' id='word_1_89' title='bbox 79 1199 197 1242; x_wconf 89' lang='lat' dir='ltr'><strong>numero</strong></span> <span class='ocrx_word' id='word_1_90' title='bbox 212 1181 293 1241; x_wconf 84' lang='lat' dir='ltr'><strong>velut</strong></span> <span class='ocrx_word' id='word_1_91' title='bbox 305 1179 374 1258; x_wconf 79' lang='lat' dir='ltr'><strong>lege</strong></span> <span class='ocrx_word' id='word_1_92' title='bbox 388 1197 446 1240; x_wconf 93' lang='lat' dir='ltr'><strong>non</strong></span> <span class='ocrx_word' id='word_1_93' title='bbox 462 1188 507 1241; x_wconf 90' lang='lat' dir='ltr'><strong>est</strong></span> <span class='ocrx_word' id='word_1_94' title='bbox 521 1178 676 1257; x_wconf 76' lang='lat' dir='ltr'><strong>alliganda,</strong></span> <span class='ocrx_word' id='word_1_95' title='bbox 693 1198 757 1240; x_wconf 87' lang='lat' dir='ltr'><strong>cum</strong></span> <span class='ocrx_word' id='word_1_96' title='bbox 772 1179 866 1258; x_wconf 86' lang='lat' dir='ltr'><strong>possit</strong></span> <span class='ocrx_word' id='word_1_97' title='bbox 883 1195 971 1239; x_wconf 87' lang='lat' dir='ltr'><strong>causa</strong></span> <span class='ocrx_word' id='word_1_98' title='bbox 983 1178 1083 1258; x_wconf 88' lang='lat' dir='ltr'><strong>plures</strong></span> 
     </span>
     <span class='ocr_line' id='line_1_13' title="bbox 79 1264 1113 1342; baseline -0.002 -16"><span class='ocrx_word' id='word_1_99' title='bbox 79 1265 257 1326; x_wconf 84' lang='lat' dir='ltr'><strong>desiderare.</strong></span> <span class='ocrx_word' id='word_1_100' title='bbox 293 1264 361 1325; x_wconf 80' lang='lat' dir='ltr'><strong>Alia</strong></span> <span class='ocrx_word' id='word_1_101' title='bbox 382 1273 447 1324; x_wconf 91' lang='lat' dir='ltr'><strong>sunt</strong></span> <span class='ocrx_word' id='word_1_102' title='bbox 467 1265 576 1341; x_wconf 77' lang='lat' dir='ltr'><strong>tnagis,</strong></span> <span class='ocrx_word' id='word_1_103' title='bbox 605 1272 728 1342; x_wconf 93' lang='lat' dir='ltr'><strong>propter</strong></span> <span class='ocrx_word' id='word_1_104' title='bbox 754 1280 828 1342; x_wconf 90' lang='lat' dir='ltr'><strong>quae</strong></span> <span class='ocrx_word' id='word_1_105' title='bbox 849 1264 1004 1341; x_wconf 83' lang='lat' dir='ltr'><strong>partitione</strong></span> <span class='ocrx_word' id='word_1_106' title='bbox 1026 1272 1113 1324; x_wconf 70' lang='lat' dir='ltr'><strong>noni</strong></span> 
     </span>
     <span class='ocr_line' id='line_1_14' title="bbox 78 1347 1084 1428; baseline -0.001 -20"><span class='ocrx_word' id='word_1_107' title='bbox 78 1367 195 1428; x_wconf 87' lang='lat' dir='ltr'><strong>semper</strong></span> <span class='ocrx_word' id='word_1_108' title='bbox 209 1351 246 1409; x_wconf 88' lang='lat' dir='ltr'><strong>sit</strong></span> <span class='ocrx_word' id='word_1_109' title='bbox 260 1347 410 1408; x_wconf 90' lang='lat' dir='ltr'><strong>utendum:</strong></span> <span class='ocrx_word' id='word_1_110' title='bbox 430 1350 562 1427; x_wconf 90' lang='lat' dir='ltr'><strong>primum,</strong></span> <span class='ocrx_word' id='word_1_111' title='bbox 582 1349 648 1426; x_wconf 91' lang='lat' dir='ltr'><strong>quia</strong></span> <span class='ocrx_word' id='word_1_112' title='bbox 664 1347 806 1427; x_wconf 86' lang='lat' dir='ltr'><strong>pleraque</strong></span> <span class='ocrx_word' id='word_1_113' title='bbox 821 1347 950 1424; x_wconf 78' lang='lat' dir='ltr'><strong>gratiora</strong></span> <span class='ocrx_word' id='word_1_114' title='bbox 965 1356 1042 1423; x_wconf 81' lang='lat' dir='ltr'><strong>sunt,</strong></span> <span class='ocrx_word' id='word_1_115' title='bbox 1059 1348 1084 1408; x_wconf 89' lang='lat' dir='ltr'><strong>si</strong></span> 
     </span>
     <span class='ocr_line' id='line_1_15' title="bbox 78 1430 1084 1494; baseline -0.002 -1"><span class='ocrx_word' id='word_1_116' title='bbox 78 1436 194 1494; x_wconf 81' lang='lat' dir='ltr'><strong>inventa</strong></span> <span class='ocrx_word' id='word_1_117' title='bbox 221 1432 317 1492; x_wconf 89' lang='lat' dir='ltr'><strong>subito</strong></span> <span class='ocrx_word' id='word_1_118' title='bbox 343 1450 399 1493; x_wconf 92' lang='lat' dir='ltr'><strong>nec</strong></span> <span class='ocrx_word' id='word_1_119' title='bbox 420 1432 506 1492; x_wconf 94' lang='lat' dir='ltr'><strong>domo</strong></span> <span class='ocrx_word' id='word_1_120' title='bbox 527 1432 614 1492; x_wconf 92' lang='lat' dir='ltr'><strong>allata</strong></span> <span class='ocrx_word' id='word_1_121' title='bbox 635 1430 688 1491; x_wconf 88' lang='lat' dir='ltr'><strong>sed</strong></span> <span class='ocrx_word' id='word_1_122' title='bbox 707 1433 783 1491; x_wconf 92' lang='lat' dir='ltr'><strong>inter</strong></span> <span class='ocrx_word' id='word_1_123' title='bbox 809 1430 962 1491; x_wconf 90' lang='lat' dir='ltr'><strong>dicendum</strong></span> <span class='ocrx_word' id='word_1_124' title='bbox 987 1449 1025 1491; x_wconf 84' lang='lat' dir='ltr'><strong>ex</strong></span> <span class='ocrx_word' id='word_1_125' title='bbox 1050 1449 1084 1491; x_wconf 89' lang='lat' dir='ltr'><strong>re</strong></span> 
     </span>
     <span class='ocr_line' id='line_1_16' title="bbox 78 1513 1084 1596; baseline 0.001 -19"><span class='ocrx_word' id='word_1_126' title='bbox 78 1520 141 1596; x_wconf 91' lang='lat' dir='ltr'><strong>ipsa</strong></span> <span class='ocrx_word' id='word_1_127' title='bbox 159 1525 225 1577; x_wconf 89' lang='lat' dir='ltr'><strong>nata</strong></span> <span class='ocrx_word' id='word_1_128' title='bbox 239 1516 400 1592; x_wconf 86' lang='lat' dir='ltr'><strong>videantur,</strong></span> <span class='ocrx_word' id='word_1_129' title='bbox 416 1515 493 1576; x_wconf 93' lang='lat' dir='ltr'><strong>unde</strong></span> <span class='ocrx_word' id='word_1_130' title='bbox 508 1515 560 1577; x_wconf 89' lang='lat' dir='ltr'><strong>illa</strong></span> <span class='ocrx_word' id='word_1_131' title='bbox 573 1532 631 1575; x_wconf 90' lang='lat' dir='ltr'><strong>non</strong></span> <span class='ocrx_word' id='word_1_132' title='bbox 643 1514 794 1576; x_wconf 91' lang='lat' dir='ltr'><strong>iniucunda</strong></span> <span class='ocrx_word' id='word_1_133' title='bbox 806 1515 965 1591; x_wconf 86' lang='lat' dir='ltr'><strong>schemata,</strong></span> <span class='ocrx_word' id='word_1_134' title='bbox 980 1513 1084 1577; x_wconf 81' lang='lat' dir='ltr'><strong>Paene</strong></span> 
     </span>
     <span class='ocr_line' id='line_1_17' title="bbox 79 1598 1083 1678; baseline -0.004 -15"><span class='ocrx_word' id='word_1_135' title='bbox 79 1602 194 1664; x_wconf 75' lang='lat' dir='ltr'><strong>eccidit</strong></span> <span class='ocrx_word' id='word_1_136' title='bbox 213 1601 299 1676; x_wconf 84' lang='lat' dir='ltr'><strong>mibi,</strong></span> <span class='ocrx_word' id='word_1_137' title='bbox 324 1609 352 1660; x_wconf 90' lang='lat' dir='ltr'><strong>et</strong></span> <span class='ocrx_word' id='word_1_138' title='bbox 374 1598 510 1677; x_wconf 81' lang='lat' dir='ltr'><strong>Fupcrat</strong></span> <span class='ocrx_word' id='word_1_139' title='bbox 528 1618 592 1678; x_wconf 86' lang='lat' dir='ltr'><strong>mc,</strong></span> <span class='ocrx_word' id='word_1_140' title='bbox 620 1608 649 1659; x_wconf 91' lang='lat' dir='ltr'><strong>et</strong></span> <span class='ocrx_word' id='word_1_141' title='bbox 669 1599 766 1663; x_wconf 80' lang='lat' dir='ltr'><strong>llectc</strong></span> <span class='ocrx_word' id='word_1_142' title='bbox 785 1601 942 1662; x_wconf 79' lang='lat' dir='ltr'><strong>admones.</strong></span> <span class='ocrx_word' id='word_1_143' title='bbox 972 1598 1083 1678; x_wconf 87' lang='lat' dir='ltr'><strong>Propo·</strong></span> 
     </span>
     <span class='ocr_line' id='line_1_18' title="bbox 79 1682 1082 1764; baseline -0.002 -19"><span class='ocrx_word' id='word_1_144' title='bbox 79 1687 141 1745; x_wconf 89' lang='lat' dir='ltr'><strong>sitis</strong></span> <span class='ocrx_word' id='word_1_145' title='bbox 165 1686 240 1745; x_wconf 91' lang='lat' dir='ltr'><strong>enim</strong></span> <span class='ocrx_word' id='word_1_146' title='bbox 262 1683 481 1764; x_wconf 84' lang='lat' dir='ltr'><strong>probationibus</strong></span> <span class='ocrx_word' id='word_1_147' title='bbox 502 1684 593 1743; x_wconf 94' lang='lat' dir='ltr'><strong>omnis</strong></span> <span class='ocrx_word' id='word_1_148' title='bbox 614 1685 643 1743; x_wconf 93' lang='lat' dir='ltr'><strong>in</strong></span> <span class='ocrx_word' id='word_1_149' title='bbox 664 1682 808 1761; x_wconf 94' lang='lat' dir='ltr'><strong>reliquum</strong></span> <span class='ocrx_word' id='word_1_150' title='bbox 828 1684 922 1759; x_wconf 77' lang='lat' dir='ltr'><strong>qratia</strong></span> <span class='ocrx_word' id='word_1_151' title='bbox 944 1684 1082 1743; x_wconf 80' lang='lat' dir='ltr'><strong>novitatis</strong></span> 
     </span>
     <span class='ocr_line' id='line_1_19' title="bbox 77 1766 1111 1848; baseline 0 -19"><span class='ocrx_word' id='word_1_152' title='bbox 77 1771 289 1848; x_wconf 88' lang='lat' dir='ltr'><strong>praecerpitur.</strong></span> <span class='ocrx_word' id='word_1_153' title='bbox 316 1767 433 1829; x_wconf 89' lang='lat' dir='ltr'><strong>Interim</strong></span> <span class='ocrx_word' id='word_1_154' title='bbox 447 1785 520 1827; x_wconf 86' lang='lat' dir='ltr'><strong>vero</strong></span> <span class='ocrx_word' id='word_1_155' title='bbox 537 1769 623 1828; x_wconf 93' lang='lat' dir='ltr'><strong>etiam</strong></span> <span class='ocrx_word' id='word_1_156' title='bbox 634 1767 778 1827; x_wconf 84' lang='lat' dir='ltr'><strong>fallendus</strong></span> <span class='ocrx_word' id='word_1_157' title='bbox 791 1777 836 1827; x_wconf 92' lang='lat' dir='ltr'><strong>est</strong></span> <span class='ocrx_word' id='word_1_158' title='bbox 851 1766 938 1826; x_wconf 86' lang='lat' dir='ltr'><strong>iudex</strong></span> <span class='ocrx_word' id='word_1_159' title='bbox 954 1775 984 1827; x_wconf 90' lang='lat' dir='ltr'><strong>et</strong></span> <span class='ocrx_word' id='word_1_160' title='bbox 994 1769 1111 1829; x_wconf 79' lang='lat' dir='ltr'><strong>vertice</strong></span> 
     </span>
     <span class='ocr_line' id='line_1_20' title="bbox 80 1851 1080 1931; baseline -0.003 -19"><span class='ocrx_word' id='word_1_161' title='bbox 80 1853 189 1913; x_wconf 92' lang='lat' dir='ltr'><strong>artibus</strong></span> <span class='ocrx_word' id='word_1_162' title='bbox 210 1851 391 1927; x_wconf 89' lang='lat' dir='ltr'><strong>subeundus,</strong></span> <span class='ocrx_word' id='word_1_163' title='bbox 413 1860 444 1911; x_wconf 92' lang='lat' dir='ltr'><strong>nt</strong></span> <span class='ocrx_word' id='word_1_164' title='bbox 466 1851 543 1912; x_wconf 91' lang='lat' dir='ltr'><strong>aliud</strong></span> <span class='ocrx_word' id='word_1_165' title='bbox 565 1853 613 1928; x_wconf 79' lang='lat' dir='ltr'><strong>agi</strong></span> <span class='ocrx_word' id='word_1_166' title='bbox 635 1870 719 1930; x_wconf 88' lang='lat' dir='ltr'><strong>quam</strong></span> <span class='ocrx_word' id='word_1_167' title='bbox 740 1851 817 1931; x_wconf 90' lang='lat' dir='ltr'><strong>quod</strong></span> <span class='ocrx_word' id='word_1_168' title='bbox 838 1853 962 1930; x_wconf 90' lang='lat' dir='ltr'><strong>petimus</strong></span> <span class='ocrx_word' id='word_1_169' title='bbox 988 1860 1080 1929; x_wconf 88' lang='lat' dir='ltr'><strong>putet.</strong></span> 
     </span>
     <span class='ocr_line' id='line_1_21' title="bbox 78 1934 1081 2015; baseline -0.002 -18"><span class='ocrx_word' id='word_1_170' title='bbox 78 1937 150 1997; x_wconf 88' lang='lat' dir='ltr'><strong>Nam</strong></span> <span class='ocrx_word' id='word_1_171' title='bbox 163 1945 209 1997; x_wconf 90' lang='lat' dir='ltr'><strong>est</strong></span> <span class='ocrx_word' id='word_1_172' title='bbox 222 1954 423 2015; x_wconf 91' lang='lat' dir='ltr'><strong>nonnunquam</strong></span> <span class='ocrx_word' id='word_1_173' title='bbox 435 1935 506 1996; x_wconf 89' lang='lat' dir='ltr'><strong>dura</strong></span> <span class='ocrx_word' id='word_1_174' title='bbox 521 1937 694 2014; x_wconf 84' lang='lat' dir='ltr'><strong>propositio,</strong></span> <span class='ocrx_word' id='word_1_175' title='bbox 707 1935 785 2013; x_wconf 91' lang='lat' dir='ltr'><strong>quod</strong></span> <span class='ocrx_word' id='word_1_176' title='bbox 800 1934 888 1994; x_wconf 84' lang='lat' dir='ltr'><strong>iudex</strong></span> <span class='ocrx_word' id='word_1_177' title='bbox 904 1936 929 1994; x_wconf 92' lang='lat' dir='ltr'><strong>si</strong></span> <span class='ocrx_word' id='word_1_178' title='bbox 944 1934 1081 2013; x_wconf 85' lang='lat' dir='ltr'><strong>providit,</strong></span> 
     </span>
     <span class='ocr_line' id='line_1_22' title="bbox 79 2017 1083 2099; baseline -0.003 -19"><span class='ocrx_word' id='word_1_179' title='bbox 79 2038 136 2081; x_wconf 93' lang='lat' dir='ltr'><strong>non</strong></span> <span class='ocrx_word' id='word_1_180' title='bbox 152 2020 238 2080; x_wconf 89' lang='lat' dir='ltr'><strong>aliter</strong></span> <span class='ocrx_word' id='word_1_181' title='bbox 252 2019 470 2099; x_wconf 81' lang='lat' dir='ltr'><strong>praeformidat,</strong></span> <span class='ocrx_word' id='word_1_182' title='bbox 487 2037 572 2099; x_wconf 90' lang='lat' dir='ltr'><strong>quam</strong></span> <span class='ocrx_word' id='word_1_183' title='bbox 588 2021 637 2098; x_wconf 89' lang='lat' dir='ltr'><strong>qui</strong></span> <span class='ocrx_word' id='word_1_184' title='bbox 650 2019 759 2079; x_wconf 85' lang='lat' dir='ltr'><strong>ierrum</strong></span> <span class='ocrx_word' id='word_1_185' title='bbox 771 2017 876 2079; x_wconf 91' lang='lat' dir='ltr'><strong>medici</strong></span> <span class='ocrx_word' id='word_1_186' title='bbox 890 2019 981 2097; x_wconf 92' lang='lat' dir='ltr'><strong>prius,</strong></span> <span class='ocrx_word' id='word_1_187' title='bbox 998 2034 1083 2096; x_wconf 87' lang='lat' dir='ltr'><strong>quam</strong></span> 
     </span>
     <span class='ocr_line' id='line_1_23' title="bbox 80 2102 1084 2183; baseline -0.002 -20"><span class='ocrx_word' id='word_1_188' title='bbox 80 2114 212 2180; x_wconf 90' lang='lat' dir='ltr'><strong>curetur,</strong></span> <span class='ocrx_word' id='word_1_189' title='bbox 236 2106 365 2183; x_wconf 86' lang='lat' dir='ltr'><strong>aspexit;</strong></span> <span class='ocrx_word' id='word_1_190' title='bbox 389 2112 418 2163; x_wconf 94' lang='lat' dir='ltr'><strong>at</strong></span> <span class='ocrx_word' id='word_1_191' title='bbox 435 2105 477 2179; x_wconf 91' lang='lat' dir='ltr'><strong>si,</strong></span> <span class='ocrx_word' id='word_1_192' title='bbox 493 2122 527 2162; x_wconf 91' lang='lat' dir='ltr'><strong>re</strong></span> <span class='ocrx_word' id='word_1_193' title='bbox 541 2120 599 2163; x_wconf 94' lang='lat' dir='ltr'><strong>non</strong></span> <span class='ocrx_word' id='word_1_194' title='bbox 613 2112 680 2163; x_wconf 88' lang='lat' dir='ltr'><strong>ante</strong></span> <span class='ocrx_word' id='word_1_195' title='bbox 697 2102 1023 2181; x_wconf 87' lang='lat' dir='ltr'><strong>proposita,&#39;securum</strong></span> <span class='ocrx_word' id='word_1_196' title='bbox 1047 2119 1084 2161; x_wconf 90' lang='lat' dir='ltr'><strong>ao</strong></span> 
     </span>
     <span class='ocr_line' id='line_1_24' title="bbox 78 2185 1081 2262; baseline -0.001 -15"><span class='ocrx_word' id='word_1_197' title='bbox 78 2188 157 2248; x_wconf 92' lang='lat' dir='ltr'><strong>nulla</strong></span> <span class='ocrx_word' id='word_1_198' title='bbox 172 2189 386 2249; x_wconf 90' lang='lat' dir='ltr'><strong>denuntiatione</strong></span> <span class='ocrx_word' id='word_1_199' title='bbox 406 2189 436 2246; x_wconf 91' lang='lat' dir='ltr'><strong>in</strong></span> <span class='ocrx_word' id='word_1_200' title='bbox 454 2205 487 2247; x_wconf 87' lang='lat' dir='ltr'><strong>se</strong></span> <span class='ocrx_word' id='word_1_201' title='bbox 507 2203 679 2248; x_wconf 89' lang='lat' dir='ltr'><strong>conversum</strong></span> <span class='ocrx_word' id='word_1_202' title='bbox 698 2188 810 2248; x_wconf 89' lang='lat' dir='ltr'><strong>intrarit</strong></span> <span class='ocrx_word' id='word_1_203' title='bbox 828 2187 938 2247; x_wconf 91' lang='lat' dir='ltr'><strong>oratio:</strong></span> <span class='ocrx_word' id='word_1_204' title='bbox 961 2185 1081 2262; x_wconf 84' lang='lat' dir='ltr'><strong>eliciet,</strong></span> 
     </span>
     <span class='ocr_line' id='line_1_25' title="bbox 79 2269 1111 2352; baseline -0.004 -20"><span class='ocrx_word' id='word_1_205' title='bbox 79 2272 157 2352; x_wconf 94' lang='lat' dir='ltr'><strong>quod</strong></span> <span class='ocrx_word' id='word_1_206' title='bbox 184 2272 361 2351; x_wconf 90' lang='lat' dir='ltr'><strong>promittenti</strong></span> <span class='ocrx_word' id='word_1_207' title='bbox 389 2289 447 2331; x_wconf 91' lang='lat' dir='ltr'><strong>non</strong></span> <span class='ocrx_word' id='word_1_208' title='bbox 468 2271 647 2332; x_wconf 88' lang='lat' dir='ltr'><strong>crederetur.</strong></span> <span class='ocrx_word' id='word_1_209' title='bbox 694 2269 811 2330; x_wconf 85' lang='lat' dir='ltr'><strong>Interim</strong></span> <span class='ocrx_word' id='word_1_210' title='bbox 832 2270 1004 2347; x_wconf 77' lang='lat' dir='ltr'><strong>refugienda</strong></span> <span class='ocrx_word' id='word_1_211' title='bbox 1024 2280 1111 2335; x_wconf 76' lang='lat' dir='ltr'><strong>nono</strong></span> 
     </span>
     <span class='ocr_line' id='line_1_26' title="bbox 79 2353 1081 2434; baseline -0.004 -18"><span class='ocrx_word' id='word_1_212' title='bbox 79 2357 166 2416; x_wconf 92' lang='lat' dir='ltr'><strong>modo</strong></span> <span class='ocrx_word' id='word_1_213' title='bbox 187 2357 333 2417; x_wconf 84' lang='lat' dir='ltr'><strong>distinctio</strong></span> <span class='ocrx_word' id='word_1_214' title='bbox 358 2357 558 2434; x_wconf 87' lang='lat' dir='ltr'><strong>quaestionum</strong></span> <span class='ocrx_word' id='word_1_215' title='bbox 581 2363 627 2414; x_wconf 87' lang='lat' dir='ltr'><strong>est</strong></span> <span class='ocrx_word' id='word_1_216' title='bbox 648 2355 702 2414; x_wconf 89' lang='lat' dir='ltr'><strong>sed</strong></span> <span class='ocrx_word' id='word_1_217' title='bbox 724 2355 838 2413; x_wconf 89' lang='lat' dir='ltr'><strong>omnino</strong></span> <span class='ocrx_word' id='word_1_218' title='bbox 862 2355 1012 2429; x_wconf 70' lang='lat' dir='ltr'><strong>tractatim</strong></span> <span class='ocrx_word' id='word_1_219' title='bbox 1040 2353 1081 2412; x_wconf 88' lang='lat' dir='ltr'><strong>ai-</strong></span> 
     </span>
     <span class='ocr_line' id='line_1_27' title="bbox 79 2435 1083 2501; baseline -0.005 -1"><span class='ocrx_word' id='word_1_220' title='bbox 79 2439 205 2501; x_wconf 87' lang='lat' dir='ltr'><strong>leotibus</strong></span> <span class='ocrx_word' id='word_1_221' title='bbox 220 2439 377 2500; x_wconf 87' lang='lat' dir='ltr'><strong>turbandus</strong></span> <span class='ocrx_word' id='word_1_222' title='bbox 392 2449 422 2500; x_wconf 92' lang='lat' dir='ltr'><strong>et</strong></span> <span class='ocrx_word' id='word_1_223' title='bbox 437 2438 473 2499; x_wconf 93' lang='lat' dir='ltr'><strong>ab</strong></span> <span class='ocrx_word' id='word_1_224' title='bbox 491 2440 649 2498; x_wconf 87' lang='lat' dir='ltr'><strong>intentione</strong></span> <span class='ocrx_word' id='word_1_225' title='bbox 670 2435 845 2497; x_wconf 77' lang='lat' dir='ltr'><strong>auferendus</strong></span> <span class='ocrx_word' id='word_1_226' title='bbox 864 2436 986 2497; x_wconf 88' lang='lat' dir='ltr'><strong>auditor.</strong></span> <span class='ocrx_word' id='word_1_227' title='bbox 1016 2435 1083 2496; x_wconf 89' lang='lat' dir='ltr'><strong>Non</strong></span> 
     </span>
     <span class='ocr_line' id='line_1_28' title="bbox 80 2519 1082 2599; baseline -0.004 -16"><span class='ocrx_word' id='word_1_228' title='bbox 80 2526 155 2583; x_wconf 88' lang='lat' dir='ltr'><strong>enirn</strong></span> <span class='ocrx_word' id='word_1_229' title='bbox 177 2524 271 2584; x_wconf 89' lang='lat' dir='ltr'><strong>solum</strong></span> <span class='ocrx_word' id='word_1_230' title='bbox 293 2525 417 2584; x_wconf 90' lang='lat' dir='ltr'><strong>oratoris</strong></span> <span class='ocrx_word' id='word_1_231' title='bbox 438 2532 484 2583; x_wconf 87' lang='lat' dir='ltr'><strong>est</strong></span> <span class='ocrx_word' id='word_1_232' title='bbox 504 2522 629 2598; x_wconf 89' lang='lat' dir='ltr'><strong>dooere,</strong></span> <span class='ocrx_word' id='word_1_233' title='bbox 652 2522 706 2581; x_wconf 89' lang='lat' dir='ltr'><strong>sed</strong></span> <span class='ocrx_word' id='word_1_234' title='bbox 727 2521 793 2599; x_wconf 95' lang='lat' dir='ltr'><strong>plus</strong></span> <span class='ocrx_word' id='word_1_235' title='bbox 815 2520 982 2598; x_wconf 88' lang='lat' dir='ltr'><strong>eloquentia</strong></span> <span class='ocrx_word' id='word_1_236' title='bbox 1004 2519 1082 2579; x_wconf 87' lang='lat' dir='ltr'><strong>circa</strong></span> 
     </span>
     <span class='ocr_line' id='line_1_29' title="bbox 80 2602 1083 2667; baseline -0.005 0"><span class='ocrx_word' id='word_1_237' title='bbox 80 2606 252 2667; x_wconf 82' lang='lat' dir='ltr'><strong>movendum</strong></span> <span class='ocrx_word' id='word_1_238' title='bbox 266 2608 354 2667; x_wconf 86' lang='lat' dir='ltr'><strong>valet.</strong></span> <span class='ocrx_word' id='word_1_239' title='bbox 390 2605 443 2667; x_wconf 79' lang='lat' dir='ltr'><strong>(lui</strong></span> <span class='ocrx_word' id='word_1_240' title='bbox 459 2608 503 2666; x_wconf 88' lang='lat' dir='ltr'><strong>rei</strong></span> <span class='ocrx_word' id='word_1_241' title='bbox 517 2607 662 2667; x_wconf 87' lang='lat' dir='ltr'><strong>contraria</strong></span> <span class='ocrx_word' id='word_1_242' title='bbox 677 2613 722 2664; x_wconf 90' lang='lat' dir='ltr'><strong>est</strong></span> <span class='ocrx_word' id='word_1_243' title='bbox 738 2605 860 2665; x_wconf 89' lang='lat' dir='ltr'><strong>maxime</strong></span> <span class='ocrx_word' id='word_1_244' title='bbox 876 2604 970 2663; x_wconf 88' lang='lat' dir='ltr'><strong>tenuis</strong></span> <span class='ocrx_word' id='word_1_245' title='bbox 985 2602 1036 2663; x_wconf 92' lang='lat' dir='ltr'><strong>illa</strong></span> <span class='ocrx_word' id='word_1_246' title='bbox 1052 2611 1083 2662; x_wconf 86' lang='lat' dir='ltr'><strong>et</strong></span> 
     </span>
     <span class='ocr_line' id='line_1_30' title="bbox 80 2689 1081 2770; baseline -0.005 -20"><span class='ocrx_word' id='word_1_247' title='bbox 80 2691 255 2770; x_wconf 88' lang='lat' dir='ltr'><strong>scrupulose</strong></span> <span class='ocrx_word' id='word_1_248' title='bbox 276 2693 304 2751; x_wconf 90' lang='lat' dir='ltr'><strong>in</strong></span> <span class='ocrx_word' id='word_1_249' title='bbox 325 2700 424 2770; x_wconf 87' lang='lat' dir='ltr'><strong>partes</strong></span> <span class='ocrx_word' id='word_1_250' title='bbox 445 2698 527 2750; x_wconf 91' lang='lat' dir='ltr'><strong>secta</strong></span> <span class='ocrx_word' id='word_1_251' title='bbox 549 2690 697 2749; x_wconf 82' lang='lat' dir='ltr'><strong>divisionis</strong></span> <span class='ocrx_word' id='word_1_252' title='bbox 713 2689 862 2766; x_wconf 79' lang='lat' dir='ltr'><strong>diligentia</strong></span> <span class='ocrx_word' id='word_1_253' title='bbox 884 2704 922 2747; x_wconf 92' lang='lat' dir='ltr'><strong>eo</strong></span> <span class='ocrx_word' id='word_1_254' title='bbox 937 2697 1081 2766; x_wconf 86' lang='lat' dir='ltr'><strong>tempore,</strong></span> 
     </span>
     <span class='ocr_line' id='line_1_31' title="bbox 81 2767 1111 2854; baseline -0.001 -20"><span class='ocrx_word' id='word_1_255' title='bbox 81 2792 139 2854; x_wconf 90' lang='lat' dir='ltr'><strong>quo</strong></span> <span class='ocrx_word' id='word_1_256' title='bbox 156 2777 347 2853; x_wconf 77' lang='lat' dir='ltr'><strong>cognoscenti</strong></span> <span class='ocrx_word' id='word_1_257' title='bbox 362 2774 498 2834; x_wconf 89' lang='lat' dir='ltr'><strong>iudicium</strong></span> <span class='ocrx_word' id='word_1_258' title='bbox 513 2791 649 2833; x_wconf 89' lang='lat' dir='ltr'><strong>conamur</strong></span> <span class='ocrx_word' id='word_1_259' title='bbox 664 2773 790 2833; x_wconf 84' lang='lat' dir='ltr'><strong>auferre.</strong></span> <span class='ocrx_word' id='word_1_260' title='bbox 828 2767 925 2845; x_wconf 80' lang='lat' dir='ltr'><strong>Quid?</strong></span> <span class='ocrx_word' id='word_1_261' title='bbox 949 2769 1026 2850; x_wconf 94' lang='lat' dir='ltr'><strong>quod</strong></span> <span class='ocrx_word' id='word_1_262' title='bbox 1041 2771 1111 2833; x_wconf 77' lang='lat' dir='ltr'><strong>ini</strong></span> 
     </span>
     <span class='ocr_line' id='line_1_32' title="bbox 81 2853 1082 2939; baseline -0.006 -20"><span class='ocrx_word' id='word_1_263' title='bbox 81 2861 176 2935; x_wconf 89' lang='lat' dir='ltr'><strong>terim,</strong></span> <span class='ocrx_word' id='word_1_264' title='bbox 193 2876 267 2937; x_wconf 88' lang='lat' dir='ltr'><strong>quae</strong></span> <span class='ocrx_word' id='word_1_265' title='bbox 282 2877 337 2939; x_wconf 92' lang='lat' dir='ltr'><strong>per</strong></span> <span class='ocrx_word' id='word_1_266' title='bbox 351 2877 384 2918; x_wconf 91' lang='lat' dir='ltr'><strong>se</strong></span> <span class='ocrx_word' id='word_1_267' title='bbox 402 2858 479 2918; x_wconf 86' lang='lat' dir='ltr'><strong>levia</strong></span> <span class='ocrx_word' id='word_1_268' title='bbox 494 2868 559 2918; x_wconf 91' lang='lat' dir='ltr'><strong>sunt</strong></span> <span class='ocrx_word' id='word_1_269' title='bbox 573 2866 602 2917; x_wconf 90' lang='lat' dir='ltr'><strong>et</strong></span> <span class='ocrx_word' id='word_1_270' title='bbox 615 2857 735 2932; x_wconf 88' lang='lat' dir='ltr'><strong>infirma,</strong></span> <span class='ocrx_word' id='word_1_271' title='bbox 752 2855 835 2916; x_wconf 92' lang='lat' dir='ltr'><strong>turba</strong></span> <span class='ocrx_word' id='word_1_272' title='bbox 851 2853 969 2915; x_wconf 80' lang='lat' dir='ltr'><strong>valenti</strong></span> <span class='ocrx_word' id='word_1_273' title='bbox 997 2853 1082 2915; x_wconf 91' lang='lat' dir='ltr'><strong>ldeo·</strong></span> 
     </span>
     <span class='ocr_line' id='line_1_33' title="bbox 81 2939 1081 3022; baseline -0.003 -22"><span class='ocrx_word' id='word_1_274' title='bbox 81 2960 140 3022; x_wconf 89' lang='lat' dir='ltr'><strong>quc</strong></span> <span class='ocrx_word' id='word_1_275' title='bbox 163 2944 348 3020; x_wconf 82' lang='lat' dir='ltr'><strong>congerenda</strong></span> <span class='ocrx_word' id='word_1_276' title='bbox 370 2952 435 3001; x_wconf 87' lang='lat' dir='ltr'><strong>sunt</strong></span> <span class='ocrx_word' id='word_1_277' title='bbox 453 2943 550 3020; x_wconf 89' lang='lat' dir='ltr'><strong>potius</strong></span> <span class='ocrx_word' id='word_1_278' title='bbox 571 2951 600 3001; x_wconf 88' lang='lat' dir='ltr'><strong>et</strong></span> <span class='ocrx_word' id='word_1_279' title='bbox 619 2941 700 3001; x_wconf 88' lang='lat' dir='ltr'><strong>velut</strong></span> <span class='ocrx_word' id='word_1_280' title='bbox 717 2941 869 3019; x_wconf 92' lang='lat' dir='ltr'><strong>eruptione</strong></span> <span class='ocrx_word' id='word_1_281' title='bbox 884 2939 1081 3018; x_wconf 69' lang='lat' dir='ltr'><strong>pugnandum</strong></span> 
     </span>
     <span class='ocr_line' id='line_1_34' title="bbox 83 3024 1083 3104; baseline -0.004 -18"><span class='ocrx_word' id='word_1_282' title='bbox 83 3025 160 3104; x_wconf 95' lang='lat' dir='ltr'><strong>quod</strong></span> <span class='ocrx_word' id='word_1_283' title='bbox 175 3035 270 3087; x_wconf 90' lang='lat' dir='ltr'><strong>tamen</strong></span> <span class='ocrx_word' id='word_1_284' title='bbox 283 3045 378 3087; x_wconf 90' lang='lat' dir='ltr'><strong>rarum</strong></span> <span class='ocrx_word' id='word_1_285' title='bbox 393 3044 461 3086; x_wconf 87' lang='lat' dir='ltr'><strong>esse</strong></span> <span class='ocrx_word' id='word_1_286' title='bbox 476 3025 565 3086; x_wconf 87' lang='lat' dir='ltr'><strong>debet</strong></span> <span class='ocrx_word' id='word_1_287' title='bbox 584 3033 613 3085; x_wconf 90' lang='lat' dir='ltr'><strong>et</strong></span> <span class='ocrx_word' id='word_1_288' title='bbox 628 3043 666 3085; x_wconf 87' lang='lat' dir='ltr'><strong>ex</strong></span> <span class='ocrx_word' id='word_1_289' title='bbox 679 3026 855 3085; x_wconf 88' lang='lat' dir='ltr'><strong>necessitate</strong></span> <span class='ocrx_word' id='word_1_290' title='bbox 871 3024 999 3098; x_wconf 89' lang='lat' dir='ltr'><strong>demum,</strong></span> <span class='ocrx_word' id='word_1_291' title='bbox 1018 3039 1083 3082; x_wconf 91' lang='lat' dir='ltr'><strong>oum</strong></span> 
     </span>
     <span class='ocr_line' id='line_1_35' title="bbox 81 3106 1110 3189; baseline -0.002 -20"><span class='ocrx_word' id='word_1_292' title='bbox 81 3109 138 3169; x_wconf 91' lang='lat' dir='ltr'><strong>boc</strong></span> <span class='ocrx_word' id='word_1_293' title='bbox 153 3112 263 3189; x_wconf 88' lang='lat' dir='ltr'><strong>ipsum,</strong></span> <span class='ocrx_word' id='word_1_294' title='bbox 282 3111 359 3189; x_wconf 90' lang='lat' dir='ltr'><strong>quod</strong></span> <span class='ocrx_word' id='word_1_295' title='bbox 375 3110 513 3170; x_wconf 88' lang='lat' dir='ltr'><strong>dissimile</strong></span> <span class='ocrx_word' id='word_1_296' title='bbox 533 3111 636 3170; x_wconf 87' lang='lat' dir='ltr'><strong>rationi</strong></span> <span class='ocrx_word' id='word_1_297' title='bbox 653 3117 713 3186; x_wconf 89' lang='lat' dir='ltr'><strong>est,</strong></span> <span class='ocrx_word' id='word_1_298' title='bbox 730 3110 863 3186; x_wconf 84' lang='lat' dir='ltr'><strong>coegerit</strong></span> <span class='ocrx_word' id='word_1_299' title='bbox 877 3108 961 3167; x_wconf 91' lang='lat' dir='ltr'><strong>ratio.</strong></span> <span class='ocrx_word' id='word_1_300' title='bbox 994 3106 1110 3167; x_wconf 81' lang='lat' dir='ltr'><strong>Prae-8</strong></span> 
     </span>
     <span class='ocr_line' id='line_1_36' title="bbox 81 3192 1081 3274; baseline -0.003 -21"><span class='ocrx_word' id='word_1_301' title='bbox 81 3202 127 3253; x_wconf 87' lang='lat' dir='ltr'><strong>ter</strong></span> <span class='ocrx_word' id='word_1_302' title='bbox 141 3193 217 3255; x_wconf 89' lang='lat' dir='ltr'><strong>baec</strong></span> <span class='ocrx_word' id='word_1_303' title='bbox 238 3196 267 3254; x_wconf 93' lang='lat' dir='ltr'><strong>in</strong></span> <span class='ocrx_word' id='word_1_304' title='bbox 284 3196 360 3254; x_wconf 92' lang='lat' dir='ltr'><strong>omni</strong></span> <span class='ocrx_word' id='word_1_305' title='bbox 374 3195 528 3274; x_wconf 89' lang='lat' dir='ltr'><strong>partitione</strong></span> <span class='ocrx_word' id='word_1_306' title='bbox 544 3202 590 3254; x_wconf 89' lang='lat' dir='ltr'><strong>est</strong></span> <span class='ocrx_word' id='word_1_307' title='bbox 604 3195 703 3272; x_wconf 92' lang='lat' dir='ltr'><strong>utique</strong></span> <span class='ocrx_word' id='word_1_308' title='bbox 718 3193 826 3271; x_wconf 91' lang='lat' dir='ltr'><strong>aliquid</strong></span> <span class='ocrx_word' id='word_1_309' title='bbox 841 3192 1081 3271; x_wconf 83' lang='lat' dir='ltr'><strong>potentissimum,</strong></span> 
     </span>
     <span class='ocr_line' id='line_1_37' title="bbox 83 3275 1083 3356; baseline -0.004 -19"><span class='ocrx_word' id='word_1_310' title='bbox 83 3278 160 3356; x_wconf 94' lang='lat' dir='ltr'><strong>quod</strong></span> <span class='ocrx_word' id='word_1_311' title='bbox 177 3296 241 3339; x_wconf 91' lang='lat' dir='ltr'><strong>cum</strong></span> <span class='ocrx_word' id='word_1_312' title='bbox 256 3277 363 3338; x_wconf 82' lang='lat' dir='ltr'><strong>audivit</strong></span> <span class='ocrx_word' id='word_1_313' title='bbox 377 3278 479 3353; x_wconf 82' lang='lat' dir='ltr'><strong>iudex,</strong></span> <span class='ocrx_word' id='word_1_314' title='bbox 502 3287 600 3338; x_wconf 88' lang='lat' dir='ltr'><strong>cetera</strong></span> <span class='ocrx_word' id='word_1_315' title='bbox 620 3287 754 3355; x_wconf 91' lang='lat' dir='ltr'><strong>tanquam</strong></span> <span class='ocrx_word' id='word_1_316' title='bbox 771 3294 952 3355; x_wconf 83' lang='lat' dir='ltr'><strong>superuacua</strong></span> <span class='ocrx_word' id='word_1_317' title='bbox 966 3275 1083 3354; x_wconf 78' lang='lat' dir='ltr'><strong>gravari</strong></span> 
     </span>
     <span class='ocr_line' id='line_1_38' title="bbox 83 3358 1083 3442; baseline -0.003 -21"><span class='ocrx_word' id='word_1_318' title='bbox 83 3360 168 3422; x_wconf 90' lang='lat' dir='ltr'><strong>solet.</strong></span> <span class='ocrx_word' id='word_1_319' title='bbox 186 3361 288 3441; x_wconf 87' lang='lat' dir='ltr'><strong>ltaque</strong></span> <span class='ocrx_word' id='word_1_320' title='bbox 300 3363 325 3422; x_wconf 91' lang='lat' dir='ltr'><strong>si</strong></span> <span class='ocrx_word' id='word_1_321' title='bbox 336 3362 420 3442; x_wconf 91' lang='lat' dir='ltr'><strong>plura</strong></span> <span class='ocrx_word' id='word_1_322' title='bbox 431 3361 480 3421; x_wconf 86' lang='lat' dir='ltr'><strong>vel</strong></span> <span class='ocrx_word' id='word_1_323' title='bbox 493 3361 655 3423; x_wconf 91' lang='lat' dir='ltr'><strong>obiicienda</strong></span> <span class='ocrx_word' id='word_1_324' title='bbox 668 3360 791 3421; x_wconf 86' lang='lat' dir='ltr'><strong>suntvel</strong></span> <span class='ocrx_word' id='word_1_325' title='bbox 802 3358 953 3422; x_wconf 89' lang='lat' dir='ltr'><strong>diluenda:</strong></span> <span class='ocrx_word' id='word_1_326' title='bbox 964 3368 994 3420; x_wconf 86' lang='lat' dir='ltr'><strong>et</strong></span> <span class='ocrx_word' id='word_1_327' title='bbox 1005 3358 1083 3419; x_wconf 82' lang='lat' dir='ltr'><strong>utilis</strong></span> 
     </span>
     <span class='ocr_line' id='line_1_39' title="bbox 83 3443 1085 3526; baseline -0.001 -22"><span class='ocrx_word' id='word_1_328' title='bbox 83 3452 114 3505; x_wconf 86' lang='lat' dir='ltr'><strong>et</strong></span> <span class='ocrx_word' id='word_1_329' title='bbox 126 3447 250 3507; x_wconf 91' lang='lat' dir='ltr'><strong>iucunda</strong></span> <span class='ocrx_word' id='word_1_330' title='bbox 265 3447 380 3525; x_wconf 89' lang='lat' dir='ltr'><strong>partitio</strong></span> <span class='ocrx_word' id='word_1_331' title='bbox 397 3453 454 3523; x_wconf 87' lang='lat' dir='ltr'><strong>est,</strong></span> <span class='ocrx_word' id='word_1_332' title='bbox 469 3454 517 3523; x_wconf 91' lang='lat' dir='ltr'><strong>ut,</strong></span> <span class='ocrx_word' id='word_1_333' title='bbox 534 3445 613 3526; x_wconf 92' lang='lat' dir='ltr'><strong>quod</strong></span> <span class='ocrx_word' id='word_1_334' title='bbox 628 3462 743 3524; x_wconf 90' lang='lat' dir='ltr'><strong>quaque</strong></span> <span class='ocrx_word' id='word_1_335' title='bbox 758 3445 795 3505; x_wconf 89' lang='lat' dir='ltr'><strong>de</strong></span> <span class='ocrx_word' id='word_1_336' title='bbox 810 3461 843 3505; x_wconf 89' lang='lat' dir='ltr'><strong>re</strong></span> <span class='ocrx_word' id='word_1_337' title='bbox 859 3443 963 3504; x_wconf 90' lang='lat' dir='ltr'><strong>dicturi</strong></span> <span class='ocrx_word' id='word_1_338' title='bbox 975 3458 1085 3519; x_wconf 84' lang='lat' dir='ltr'><strong>sumus,</strong></span> 
     </span>
    </p>
   </div>
   <div class='ocr_carea' id='block_1_3' title="bbox 0 0 1295 4026">
    <p class='ocr_par' dir='ltr' id='par_1_3' title="bbox 0 0 1295 4026">
     <span class='ocr_line' id='line_1_40' title="bbox 0 0 1295 4026; baseline 0 0"><span class='ocrx_word' id='word_1_339' title='bbox 0 0 1295 4026; x_wconf 95' lang='lat' dir='ltr'><strong> </strong></span> 
     </span>
    </p>
   </div>
  </div>
 </body>
</html>
