2566 4026
390 184 480 232 msc.
504 183 652 234 causon.
673 171 742 231 nuri.
765 183 856 249 1,10.
1088 165 1129 228 51

114 345 259 418 discatur,
293 340 470 402 existimant.
516 338 548 400 ld
575 339 705 416 vulgaris
736 339 834 416 opinio
867 348 921 398 est.
974 338 1038 400 Neo
1071 343 1167 408 sinete

114 445 198 490 cansa
228 425 336 486 summi
364 425 419 482 viri
449 423 535 485 etiam
557 423 716 502 impensam
743 423 810 482 huic
837 424 977 483 scientiae
1007 442 1127 503 operam

67 534 71 539 ·
113 511 267 573 dederunt.
314 505 388 567 Nam
412 525 477 566 cum
499 508 537 567 sit
564 507 726 585 geometria
753 506 844 565 divisa
868 508 897 565 in
923 526 1058 569 numeros
1085 520 1126 570 at·

114 614 165 676 qne
185 596 320 655 formas:
353 607 536 650 numerorum
558 591 673 669 quidem
702 591 803 650 notitia
824 607 882 650 nou
904 594 1012 651 oratori
1040 595 1126 655 modo

113 680 160 741 sed
187 679 359 754 cuicunque
384 674 489 734 saltem
505 675 604 753 primis
628 674 731 734 litteris
751 673 863 733 erudito
883 678 1052 736 necessaria
1071 689 1126 739 est.

112 763 139 825 ln
154 764 260 824 causis
278 776 353 820 vcro
370 759 605 837 frequentissime
623 760 735 818 versari
754 758 845 826 solet;
870 760 897 817 in
914 759 1017 837 quibus
1034 771 1127 838 actor,

112 866 166 909 non
190 846 280 920 dico,
304 845 329 903 si
348 845 426 903 circa
447 861 570 902 summas
586 841 712 921 trepidat
734 842 788 901 sed
807 843 832 900 si
854 842 1009 920 digitorum
1025 844 1128 905 saltem

113 934 226 992 hcerto
254 938 304 989 aut
327 927 467 988 indecoro
489 936 575 1005 gestu
595 944 611 986 a
638 927 854 1005 computatione
877 927 1026 1002 dissentit,
1056 929 1127 990 iudi·

114 1025 194 1076 catur
218 1012 368 1073 indoctus.
408 1011 463 1072 llla
480 1028 553 1071 vero
573 1010 690 1072 linearis
715 1012 789 1070 ratio
811 1019 840 1070 et
862 1012 925 1089 ipsa
945 1012 1061 1089 quidem
1080 1026 1170 1080 ca-36

112 1100 149 1160 dit
174 1099 353 1176 frequenter
378 1096 407 1153 in
431 1113 552 1171 causas,
582 1095 606 1153 si
632 1095 668 1155 de
693 1095 821 1154 terminis
842 1097 1042 1173 mensurisque
1072 1097 1129 1156 sint

113 1184 195 1252 lites;
219 1181 276 1241 sed
293 1179 382 1241 habet
403 1180 542 1239 maiorem
565 1179 706 1256 quandam
724 1179 810 1238 aliam
829 1197 893 1238 cum
916 1188 978 1240 arte
1001 1182 1128 1240 oratoria

113 1267 332 1345 cognationem.
378 1262 501 1323 Primum
531 1262 603 1323 ordo
636 1272 681 1322 est
711 1264 895 1339 geometriae
927 1266 1169 1333 necessarius;37

112 1369 209 1412 nonne
230 1357 261 1410 et
278 1344 502 1425 eloquentiae‘l'
520 1345 567 1406 ldx
583 1347 729 1426 prioribus
746 1347 908 1424 geometria
926 1348 1031 1427 probat
1051 1350 1127 1409 iusc-

113 1436 234 1516 quentia
265 1441 295 1492 et
317 1432 406 1491 certis
433 1433 559 1500 incerta;
593 1449 688 1491 nonne
717 1430 745 1489 id
776 1433 804 1490 in
834 1431 958 1491 diceudo
985 1431 1128 1494 facimus?

113 1515 212 1594 Quid?
248 1516 299 1576 illa
328 1516 544 1594 propositarum
571 1517 773 1593 quaestionum
801 1516 952 1575 conclusio
982 1534 1039 1576 non
1064 1518 1128 1577 fere

113 1613 175 1664 tota
205 1609 324 1662 constat
354 1595 556 1677 syllogismis?
597 1599 721 1678 Propter
749 1599 826 1676 quod
856 1600 956 1678 plures
986 1602 1127 1679 invenias,

114 1688 162 1766 qui
182 1684 362 1747 dialecticae
382 1684 505 1744 similem
529 1700 614 1761 quam
630 1685 679 1763 qui
698 1681 865 1744 rhetoricae
887 1684 1032 1744 fateantur
1053 1686 1128 1746 hanc

116 1779 216 1831 artem.
262 1768 374 1828 Verum
394 1777 424 1828 et
444 1775 543 1828 orator
566 1769 678 1827 etiarnsi
700 1785 767 1827 raro
790 1784 848 1827 uon
869 1777 965 1829 tamen
986 1788 1128 1849 nunquam

115 1853 254 1934 probabit
276 1852 443 1912 dialectice.
477 1850 550 1912 Nam
568 1861 597 1911 et
612 1852 803 1929 syllogismis,
822 1852 847 1910 si
864 1870 913 1912 res
932 1862 1048 1931 poscet,
1065 1862 1170 1918 ute-38

115 1949 160 1999 tur
182 1947 213 1999 et
238 1945 320 1997 certe
345 1935 573 2012 enthymemate,
599 1937 647 2014 qui
669 1935 833 1995 rhetoricus
857 1945 903 1996 est
928 1936 1127 2014 syllogismus.

115 2022 250 2100 Denique
280 2019 482 2098 probationum
519 2037 594 2097 quae
624 2029 689 2079 sunt
716 2021 936 2099 potentissimae
965 2018 1128 2100 ypuppisad

118 2099 281 2179 ἀποδείξεις
301 2104 392 2182 vulgo
415 2105 563 2164 dicuntur:
587 2104 655 2182 quid
681 2114 776 2164 autem
798 2105 890 2182 magis
912 2105 1016 2197 orat(
1043 2123 1128 2184 quam

117 2190 321 2269 probationem
348 2185 443 2266 petit?
486 2187 573 2246 Falsa
591 2205 708 2268 qnoque
737 2190 815 2248 veris
838 2189 942 2248 similia
965 2186 1172 2267 gelnetriaaa

117 2276 230 2334 ratione
255 2271 456 2350 deprehendit.
501 2270 547 2330 Fit
566 2270 624 2331 hoc
647 2280 676 2332 et
692 2275 721 2332 in
744 2272 870 2333 numeris
892 2290 947 2353 per
977 2274 1127 2352 quasdam,

118 2376 187 2437 quas
201 2355 429 2436 ψευδογραφίας
449 2363 572 2430 vocant,
596 2356 699 2436 quibus
720 2359 803 2436 pueri
824 2357 926 2418 ludere
949 2358 1126 2419 solebamus.

117 2441 174 2503 Sed
200 2440 259 2500 alia
281 2441 392 2500 maiora
414 2448 488 2499 sunt.
537 2437 609 2499 Nam
632 2435 696 2519 quis
719 2441 838 2500 nonita
861 2443 1037 2520 proponenti
1064 2458 1115 2501 cre

117 2525 179 2585 dat:
224 2522 354 2597 Quorum
377 2523 509 2582 locorum
531 2531 679 2584 extremae
705 2525 801 2583 lineae
823 2524 944 2584 eandem
966 2542 1128 2584 mensuram

118 2609 278 2686 colligunt,
301 2624 402 2668 eorum
424 2608 547 2686 spatium
571 2624 699 2687 quoque,
724 2608 802 2687 quod
821 2605 866 2666 his
890 2607 973 2667 lineis
998 2608 1127 2667 contine·

117 2702 177 2769 tur,
210 2708 265 2771 par
293 2692 331 2751 sit
352 2709 477 2751 necesse
497 2687 565 2750 est?
610 2691 649 2751 At
671 2692 699 2753 id
721 2692 826 2753 falsum
846 2700 900 2751 est.
945 2689 1018 2750 Nam
1040 2691 1171 2770 pluri-to

117 2795 191 2837 mum
213 2774 323 2852 refert,
345 2776 426 2835 cuius
449 2775 485 2834 sit
508 2775 621 2835 formae
644 2776 694 2836 ille
719 2777 873 2844 circuitus3
896 2776 1128 2855 reprehensique

117 2880 132 2922 a
150 2860 315 2940 geometris
335 2868 401 2919 sunt
421 2860 563 2936 historici,
584 2860 651 2938 quia
669 2861 893 2940 magnitudinem
910 2860 1067 2920 insularum
1083 2877 1127 2918 sa·

117 2947 151 3005 tis
170 2943 333 3023 significari
349 2944 542 3022 navigationis
558 2943 664 3003 ambitu
684 2944 878 3006 crediderunt.
900 2943 972 3004 Nam
991 2954 1021 3003 ut
1039 2960 1128 3022 quac·

118 3048 172 3110 que
197 3029 292 3089 forma
315 3027 531 3106 perfectissima
547 3029 587 3087 ita
611 3029 802 3107 capacissima
827 3036 881 3087 est.
927 3026 1056 3107 Ideoque
1079 3028 1170 3091 illast

117 3116 351 3174 circumcurrens
371 3111 447 3172 linea
461 3112 486 3171 si
500 3111 609 3171 efficiet
627 3111 738 3188 orbem,
759 3130 834 3191 quae
850 3112 941 3172 forma
959 3121 1004 3172 est
1022 3115 1051 3173 in
1065 3113 1127 3192 pla·

115 3200 158 3257 nis
172 3199 300 3258 maxime
316 3195 469 3275 perfecta,
491 3196 613 3274 amplius
631 3199 754 3276 spatium
773 3196 986 3274 complectetur
1004 3198 1128 3276 quamsi

116 3284 289 3361 quadratum
301 3277 420 3359 paribus
441 3279 501 3338 oris
520 3279 637 3340 alliciat.
671 3280 782 3340 Rursus
804 3281 943 3359 quadrata
965 3282 1126 3361 triangulis,

116 3367 263 3446 triangula
282 3366 348 3443 ipsa
365 3363 431 3442 plus
451 3364 552 3441 aequis
568 3363 708 3424 lateribus
727 3382 810 3443 quam
827 3365 1037 3443 inaequalibus.
1070 3363 1128 3426 Sed
1136 3379 1169 3426 42

115 3452 169 3512 alia
194 3450 324 3512 forsitan
347 3447 532 3513 obscuriora:
558 3464 611 3507 noa
629 3447 796 3509 facillimum
818 3450 903 3509 etiam
924 3450 1063 3534 imperitis
1081 3464 1126 3508 se-

928 3531 975 3596 4*
