2566 4026
449 561 628 628 LIBER
656 561 734 628 VII.

83 739 161 790 Libro
186 739 294 804 septimo
315 737 379 786 haec
402 736 572 784 continentur:
596 735 635 784 De
656 734 834 799 dispositione.
877 735 915 786 De
937 738 1090 791 coniectore.

118 808 156 858 De
171 807 285 856 finitione
334 806 372 855 De
387 804 514 868 qualitate.
560 804 598 853 De
614 803 754 854 iuridiciali
774 803 903 866 qualitate.
941 805 979 856 De
997 808 1091 873 scripto

119 885 144 927 et
160 877 298 925 voluntate.
335 874 372 923 De
387 873 487 937 legibus
506 873 650 924 contrariis.
683 872 720 922 De
739 871 899 937 syllogismo.
929 875 967 924 De
984 877 1092 942 Amphi-

118 945 196 997 bolia.
228 945 265 994 De
281 943 468 1009 praedictorum
487 949 598 991 statuum
616 941 775 1006 cognatione.
803 941 840 991 De
858 943 884 992 vl
903 942 1091 1008 dispositionis.

441 1081 484 1130 lin
502 1079 736 1131 olsposrvionn.

170 1170 412 1261 Prooemium.
446 1191 491 1251 De
503 1193 680 1269 inventione,
697 1201 728 1251 ιιι
744 1190 879 1266 arbitror,
900 1193 971 1252 satis
986 1194 1092 1255 dictum

82 1288 140 1340 est.
175 1279 279 1355 Neque
296 1277 369 1335 enim
391 1292 426 1335 ea
446 1276 577 1353 demum,
599 1295 674 1355 quae
698 1275 735 1335 ad
756 1275 918 1336 docendum
934 1277 1090 1355 pertinent,

84 1365 202 1425 executi
235 1379 330 1420 sumus
356 1377 456 1419 verum
484 1361 569 1420 etiam
593 1370 688 1420 motus
712 1360 869 1420 animorum
896 1362 1089 1421 tractavimus.

83 1448 144 1508 Sed
158 1458 188 1507 ut
205 1462 295 1523 opera
313 1442 510 1503 extruentihus
528 1445 599 1504 satis
615 1461 672 1503 non
688 1453 744 1520 est,
760 1461 831 1503 saxa
843 1452 929 1522 atque
944 1447 1092 1506 materiam

83 1541 113 1591 et
137 1541 236 1591 cetera
258 1528 419 1588 aedificanti
448 1527 529 1587 utilia
553 1545 733 1605 congerere,
762 1528 817 1586 nisi
840 1526 1026 1606 disponendis
1049 1530 1091 1589 eis

83 1613 325 1690 collocandisque
348 1611 497 1671 artificium
524 1629 623 1672 manus
647 1611 832 1672 adhiheatur:
856 1612 947 1671 sicin
968 1613 1091 1673 dicendo

83 1697 243 1774 quamlibet
258 1694 406 1755 abundans
422 1713 518 1754 rerum
535 1698 621 1774 eopia
637 1696 779 1757 cumulum
800 1703 907 1755 tantum
930 1695 1036 1757 habeat
1051 1706 1091 1757 at·

84 1800 141 1860 que
158 1789 344 1858 congestum,
365 1780 419 1838 nisi
434 1779 500 1839 illas
515 1781 616 1841 eadem
641 1780 844 1860 dispositio
859 1780 889 1839 in
905 1780 1034 1841 ordinem
1051 1780 1091 1841 di·

84 1876 184 1943 gestas
207 1875 294 1943 atque
315 1865 389 1922 inter
412 1881 445 1923 se
467 1866 635 1924 commissas
652 1864 824 1925 devinxerit.
863 1862 928 1924 Nec
948 1865 1120 1932 immeritos

84 1950 212 2009 secunda
230 1949 355 2027 quinque
371 1949 493 2026 partium
507 1949 603 2027 posita
619 1958 681 2023 est,
706 1967 770 2009 cum
790 1949 852 2007 sine
869 1966 903 2008 ea
918 1949 1000 2026 prior
1020 1948 1091 2010 nihil

84 2032 191 2092 valeat.
223 2031 327 2109 Neque
343 2033 417 2090 enim
432 2049 593 2109 quanquam
609 2032 680 2091 lusis
697 2031 828 2091 omnibus
844 2032 980 2093 membris
996 2042 1089 2093 statua

85 2119 132 2191 sit,
149 2117 203 2174 nisi
220 2115 393 2190 collocetur,
411 2124 440 2173 et
451 2116 476 2173 si
487 2133 571 2192 quam
582 2117 611 2174 in
622 2115 794 2194 corporibus
810 2117 917 2175 nostris
930 2116 1090 2176 aliorumve

84 2199 247 2261 animalium
259 2209 370 2277 partem
386 2207 533 2276 permutes
552 2207 581 2257 et
595 2199 764 2273 transferas,
782 2198 852 2258 licet
868 2197 974 2259 habeat
990 2200 1091 2259 eadem

83 2286 188 2358 omnia,
208 2283 372 2363 prodigium
388 2284 425 2342 sit
443 2290 547 2340 tamen.
578 2281 615 2341 Et
627 2291 706 2341 artus
723 2284 808 2342 etiam
819 2281 925 2341 leviter
941 2283 1009 2342 loco
1022 2284 1091 2342 moti

84 2369 223 2446 perdunt,
249 2383 305 2445 quo
323 2368 493 2443 viguerunt,
517 2383 615 2439 usum,
639 2375 668 2425 et
683 2364 788 2425 turbati
804 2367 950 2425 exercitus
966 2364 1020 2424 sibi
1035 2367 1090 2445 ipsi

84 2461 149 2511 sunt
164 2450 380 2529 impedimento.
420 2449 484 2508 Nec
499 2448 565 2508 milri
581 2450 714 2509 videntur
736 2467 851 2524 errare,
874 2450 922 2527 qui
937 2449 1029 2526 ipsam
1045 2463 1121 2519 rea

83 2554 145 2595 rum
160 2544 290 2595 naturam
310 2544 388 2594 stare
406 2534 507 2593 ordine
525 2541 640 2612 putant,
664 2550 720 2612 quo
743 2533 865 2594 confuso
885 2533 1014 2611 peritura
1035 2535 1091 2593 sint

83 2620 188 2679 omnia.
229 2619 278 2678 Sic
310 2619 402 2677 oratio
425 2635 527 2677 carens
550 2616 605 2677 hac
627 2619 733 2677 virtute
758 2616 946 2678 tumultuetur
966 2635 1091 2677 necesse

84 2712 174 2762 estet
192 2704 253 2761 sine
269 2711 386 2761 rectore
403 2701 495 2760 fluitet
512 2719 567 2760 nee
583 2701 740 2762 cohaereat
760 2701 832 2777 sihi,
859 2702 947 2762 multa
965 2711 1090 2780 repetat,

83 2785 172 2846 multa
187 2794 324 2860 transeat,
341 2785 421 2845 velut
436 2793 522 2844 nocte
539 2786 567 2843 iu
586 2788 693 2862 ignotis
707 2786 781 2845 locis
798 2803 915 2861 errans,
940 2803 996 2845 nec
1009 2787 1090 2845 initio

83 2888 139 2929 nec
155 2869 211 2929 line
227 2871 380 2948 proposito
398 2886 495 2928 casum
512 2870 609 2948 potius
625 2888 710 2948 quam
725 2870 876 2930 consilium
892 2879 1040 2948 sequatur.

169 2952 356 3032 Quapropter
371 2962 449 3012 totus
462 2953 509 3012 lric
521 2952 596 3013 liber
607 2955 715 3013 serviat
733 2955 997 3032 dispositioni,
1015 2971 1090 3031 quae
1102 2967 1121 3019 4

84 3038 209 3116 quidem,
227 3039 251 3096 si
269 3047 349 3096 certa
363 3036 459 3114 aliqua
474 3038 520 3096 via
536 3034 609 3096 tradi
621 3038 649 3097 in
660 3055 759 3097 omnes
774 3038 909 3098 materias
925 3036 986 3097 ullo
1003 3038 1089 3097 modo

83 3131 197 3200 posset,
217 3131 346 3180 nontam
362 3121 462 3199 paucis
479 3120 662 3196 contigisset.
696 3122 755 3181 Sed
773 3139 837 3182 cum
855 3121 980 3181 infinitae
998 3121 1089 3182 litium

82 3205 195 3265 lormae
212 3205 319 3264 fuerint
333 3205 506 3281 futuraeque
524 3205 595 3279 sint,
619 3216 649 3267 et
669 3214 712 3266 tot
727 3206 855 3266 saeculis
872 3205 951 3265 nulla
970 3215 1089 3284 reperta

82 3290 119 3349 sit
138 3308 242 3365 causa,
259 3307 333 3367 quae
350 3297 430 3348 esset
445 3297 505 3348 tota
521 3287 606 3349 alteri
621 3290 737 3365 similis,
764 3290 857 3368 sapiat
874 3298 991 3369 oportet
1007 3299 1089 3350 actor

83 3382 113 3433 et
127 3373 232 3449 vigilet
249 3383 278 3432 et
293 3374 419 3432 inveniat
444 3381 473 3431 et
488 3373 596 3432 iudicet
616 3384 645 3434 et
667 3374 817 3434 consilium
834 3393 850 3433 a
866 3393 899 3433 se
915 3375 980 3453 ipso
996 3384 1087 3453 petat.

124 3478 154 3515 ιιι.
175 3478 199 3516 s.
223 3476 337 3524 oururn.
355 3461 387 3516 ll.
904 3459 916 3516 l
