2566 4026
159 100 196 161 14
476 112 841 172 m.snc.onnun1u1uur

115 278 214 335 tatum
236 266 320 326 feret.
351 265 417 326 Non
438 267 513 325 enim
532 284 592 326 vox
611 267 662 328 illa
678 269 880 347 praeceptoris
903 276 934 327 ut
957 286 1049 329 coena
1068 269 1163 328 minus

155 350 286 431 pluribus
308 337 431 426 sufficit,
455 350 508 410 scd
528 360 559 410 ut
581 351 627 410 sol
644 354 786 412 universis
807 353 883 412 idem
904 352 977 413 lucis
995 353 1163 431 calorisque

156 437 285 513 largitur.
328 432 534 495 Grammaticus
556 453 673 514 quoque
695 437 719 495 si
746 437 782 496 de
805 436 943 514 loquendi
968 439 1081 497 ratione
1103 437 1160 496 dis·

155 529 250 595 serat,
270 521 295 578 si
321 521 510 597 quaestiones
535 521 679 598 explicet,
699 521 835 581 historias
858 531 1002 598 exponat,
1026 528 1160 599 poemata

113 613 286 668 ltenarret:
310 611 353 662 tot
375 603 426 663 illa
441 604 553 664 discent
569 614 640 682 quot
654 605 779 665 audient.
812 604 852 663 Αι
872 607 947 665 enim
968 605 1162 665 emendationi

154 688 407 768 praelectionique
437 705 571 747 numerus
601 687 707 749 obstat.
754 690 797 748 Sit
824 689 1050 765 incommodum,
1081 688 1161 767 (nam

154 772 222 852 quid
248 773 311 832 fere
334 772 458 850 undique
480 770 616 852 placetl)
643 789 712 832 mox
738 772 809 832 illud
831 772 1060 851 comparabimus
1083 790 1160 833 com·

152 857 255 917 modis.
286 855 349 916 Nec
364 873 422 933 ego
438 865 532 916 tamen
548 874 584 916 eo
600 860 672 916 mitti
686 875 807 935 puerum
821 857 903 931 volo,
920 856 968 917 ubi
983 857 1158 935 negligatur.

154 941 213 1002 Sed
228 959 324 1019 neque
340 949 517 1019 praeceptor
532 940 625 1000 bonus
639 944 749 1001 maiore
767 959 801 1000 se
816 940 910 1016 turba,
929 959 1013 1019 quam
1029 951 1059 1000 ut
1074 942 1159 1001 susti·

153 1045 224 1086 nere
244 1043 307 1085 eam
324 1026 435 1103 possit,
455 1027 634 1093 oneraverit;
660 1027 732 1085 etin
748 1027 846 1103 primis
862 1024 994 1086 habenda
1018 1043 1086 1086 cura
1102 1035 1158 1100 est,

156 1120 186 1171 ut
202 1112 227 1170 is
246 1109 423 1169 omnimodo
444 1108 492 1170 fiat
510 1109 594 1170 nobis
614 1109 794 1169 familiariter
810 1112 937 1184 amicus,
957 1128 1012 1169 uec
1032 1109 1159 1169 officium

113 1197 182 1254 ldin
207 1194 340 1254 docendo
368 1202 484 1272 spectet
508 1195 561 1255 sed
582 1194 726 1254 affectum.
768 1192 810 1252 lta
837 1211 979 1271 nunquam
1005 1195 1110 1253 erimus
1131 1196 1160 1252 in

155 1279 246 1339 turba.
288 1276 351 1337 Nec
376 1277 446 1338 sane
470 1281 621 1357 quisquam
647 1279 751 1338 litteris
777 1277 880 1337 saltem
905 1277 1010 1337 leviter
1035 1277 1157 1337 imbutus

155 1382 236 1438 cum,
258 1365 287 1421 in
303 1378 360 1439 quo
379 1363 502 1422 studium
517 1364 722 1439 ingeniumque
737 1364 941 1440 perspexerit,
961 1379 1019 1421 nou
1035 1363 1063 1421 iu
1079 1379 1159 1421 suam

155 1464 272 1525 quoque
295 1445 419 1522 gloriam
437 1446 626 1523 peculiariter
642 1445 763 1505 fovebit.
800 1446 859 1506 Sed
875 1455 906 1505 ut
924 1445 1080 1523 fugiendae
1102 1448 1159 1504 sint

153 1547 275 1606 magnae
291 1528 412 1589 scholae
436 1528 498 1607 (cui
513 1547 550 1588 uc
571 1531 627 1608 ipsi
643 1530 758 1607 quidem
773 1532 816 1589 rei
832 1532 993 1605 assentior,
1015 1532 1040 1589 si
1055 1529 1158 1590 adali·

154 1631 239 1692 quem
257 1615 360 1672 merito
383 1615 610 1692 concurritur,):
632 1630 689 1672 non
707 1623 802 1673 tamen
819 1614 877 1673 boc
898 1631 935 1673 eo
950 1615 1044 1689 valet,
1063 1622 1094 1672 ιιι
1114 1614 1157 1674 fu·

153 1697 277 1776 gicadae
303 1697 360 1755 sint
384 1698 498 1757 omnino
523 1696 654 1757 scholae.
695 1697 782 1757 Aliud
807 1707 852 1759 est
877 1701 952 1758 enim
976 1701 1068 1757 vitare
1095 1716 1156 1774 eas,

154 1781 231 1842 aliud
253 1782 374 1858 eligere.

113 1872 145 1927 17
191 1865 274 1935 &Et
290 1868 314 1925 si
325 1865 512 1925 refutavimus
529 1883 604 1943 quae
620 1876 721 1926 contra
738 1867 880 1942 dicuntur,
897 1868 952 1925 iam
965 1865 1156 1944 explicemus,
1197 1920 1200 1927 .

112 1951 221 2030 18quid
249 1952 304 2029 ipsi
329 1967 493 2027 sequamur.
540 1949 617 2010 Ante
644 1952 738 2010 omnia
764 1950 877 2011 futurus
907 1960 1023 2025 orator,
1058 1952 1103 2010 cui
1130 1951 1158 2009 in

153 2036 274 2095 maxima
296 2033 468 2094 celebritate
486 2042 515 2093 et
536 2034 564 2093 iu
585 2034 678 2095 media
698 2036 741 2095 rei
758 2035 893 2112 publicae
916 2036 982 2094 luce
1004 2034 1157 2094 vivendum

155 2128 216 2194 est,
240 2126 391 2178 assuescat
406 2119 461 2177 iam
475 2135 492 2178 a
507 2126 610 2177 tenero
626 2136 684 2178 non
706 2119 895 2179 reformidare
913 2120 1045 2179 homines
1060 2135 1158 2196 neque

154 2202 283 2262 solitaria
300 2211 330 2261 et
343 2201 424 2261 velut
439 2200 597 2263 umbratica
611 2205 671 2262 vita
687 2203 864 2281 pallescere.
900 2203 1061 2263 Excitauda
1075 2221 1156 2263 mens

154 2295 184 2346 et
207 2286 365 2346 attollenda
391 2303 508 2363 semper
530 2296 590 2361 est,
617 2304 691 2365 quae
718 2289 746 2346 in
770 2287 932 2349 huiusmodi
957 2288 1081 2346 secretis
1107 2295 1156 2346 aut

153 2371 316 2446 languescit
332 2379 362 2429 et
377 2370 518 2448 quendam
532 2371 657 2431 velutin
673 2389 766 2451 opaco
782 2375 867 2432 situm
882 2373 975 2446 ducit,
992 2380 1039 2431 aut
1056 2378 1155 2430 contra

153 2456 287 2514 tumescit
302 2455 377 2513 inani
394 2457 600 2532 persuasioue;
623 2474 749 2517 neccsse
765 2466 810 2516 est
831 2459 906 2516 enim
921 2457 1034 2515 nimium
1050 2455 1156 2514 tribuat

112 2545 145 2600 19
154 2538 227 2613 sibi,
253 2539 300 2616 qui
316 2556 349 2597 se
364 2540 469 2597 nemini
488 2550 645 2618 comparat.
679 2540 792 2602 Deinde
814 2558 878 2599 cum
898 2538 1074 2616 proferenda
1090 2545 1155 2596 sunt

153 2622 264 2698 studia,
287 2622 393 2699 caligat
413 2624 442 2681 in
458 2623 524 2684 sole
546 2633 576 2683 et
592 2626 684 2682 omnia
706 2640 780 2682 nova
802 2622 939 2695 offendit,
961 2622 1055 2696 utqui
1071 2619 1153 2679 solus

111 2706 287 2770 iudidicerit
308 2706 385 2784 quod
406 2709 480 2766 inter
498 2708 604 2766 multos
625 2706 787 2766 faciendum
809 2713 863 2764 est.
899 2702 981 2763 biitto
1004 2704 1153 2779 amicitias,

154 2808 227 2869 quae
249 2790 284 2849 ad
306 2798 485 2850 senectutem
506 2808 598 2868 usque
617 2789 777 2849 firmissime
800 2788 901 2848 durant
921 2787 1063 2866 religiosa
1087 2805 1154 2866 qua·

154 2874 217 2933 dam
237 2875 454 2934 necessitudine
474 2873 608 2934 imbutae.
643 2872 746 2951 Neque
763 2875 837 2933 enim
856 2881 901 2932 est
918 2875 1045 2933 sanctius
1062 2874 1156 2933 sacris

153 2958 255 3018 iisdem
276 2975 360 3036 quam
381 2959 481 3018 studiis
500 2959 612 3017 initiari.
648 2958 770 3017 Sensum
790 2959 899 3036 ipsum,
926 2959 974 3036 qui
998 2958 1155 3017 communis

154 3042 274 3117 dicitur,
296 3040 344 3101 ubi
359 3042 468 3117 discet,
492 3060 555 3101 cum
570 3060 603 3100 se
620 3060 637 3101 a
657 3059 837 3119 congressu,
858 3044 907 3120 qui
923 3059 980 3101 uon
994 3039 1155 3101 hominibus

154 3125 248 3186 solum
262 3125 314 3186 sed
328 3128 412 3185 mutis
429 3143 545 3204 quoque
560 3125 728 3185 animalibus
744 3126 881 3187 naturalis
898 3135 954 3201 est,
970 3121 1155 3202 segregarit?

112 3216 144 3270 21
153 3210 237 3271 Adde
260 3210 337 3288 quod
358 3209 434 3269 domi
457 3228 491 3270 ea
512 3210 575 3269 sola
598 3210 712 3270 discere
729 3219 843 3287 potest,
871 3228 946 3289 quae
968 3212 1023 3287 ipsi
1041 3210 1155 3288 praeci-

153 3295 282 3373 pientur,
313 3295 341 3352 iu
364 3293 467 3354 schola
490 3296 574 3354 etiam
599 3311 673 3372 quae
693 3293 768 3354 aliis.
808 3294 915 3354 Audiet
935 3293 1023 3354 multa
1049 3294 1156 3354 cotidie

153 3377 271 3456 probari
292 3376 380 3436 multa
409 3379 533 3456 corrigi;
561 3378 691 3457 proderit
716 3377 837 3438 alicuius
860 3377 1012 3459 obiurgata
1034 3377 1156 3440 desidia.
