2566 4026
157 137 219 198 274
481 147 613 197 unua
630 145 851 206 oumrrnmnr

158 304 329 382 exquisitius
349 303 454 364 dictum
469 301 575 363 accidit
592 300 709 362 auribus
725 301 938 379 imperitorum,
959 300 1173 384 qualecunque
1247 268 1253 315 Ἰ

157 388 197 465 id,
215 387 293 467 quod
309 389 396 448 modo
412 405 445 447 se
460 387 517 465 ipsi
532 402 622 464 posse
639 385 808 463 desperent,
824 385 913 447 babet
929 385 1172 456 admitationem3
1265 454 1268 465 ,

156 489 252 552 neque
273 473 430 540 immerito;
454 488 519 531 nam
538 489 576 530 ne
598 468 668 529 illud
695 469 809 547 quidem
826 469 914 531 facile
930 478 985 530 est.
1023 470 1089 532 Sed
1104 489 1172 532 era·

155 564 280 615 nescnnt
303 556 485 635 haecqatque
508 553 685 614 emoriuntur
707 555 924 632 comparatione
941 554 1116 631 meliorum,
1140 563 1173 617 ot

156 643 232 702 lona
252 641 348 701 tincta
369 639 442 718 fuco
462 640 541 700 citro
559 654 724 717 purpuras
748 639 871 717 placet·
894 645 928 700 ot
949 640 977 700 ei
1000 640 1173 701 contuleris

159 722 454 804 bysanceorum,
477 730 641 801 conspectu
655 722 788 783 melioris
807 723 974 799 curamur,
997 731 1030 782 ut
1047 721 1171 784 Ovidius

114 810 204 869 ldait.
240 807 272 866 Si
287 823 359 866 vero
378 806 513 867 iudicium
527 805 572 866 bis
594 806 739 884 corruptis
762 807 857 867 acrius
878 806 1018 867 adhibeas
1042 816 1077 866 ut
1097 807 1170 868 fuci·

157 893 201 951 nis
218 890 344 951 sulfura:
363 892 418 952 iam
432 891 530 966 illum,
547 907 605 970 quo
622 888 807 966 fefellerant,
827 899 934 951 exuant
949 891 1103 950 mentitum
1120 908 1169 952 oo·

157 976 251 1037 lorern
268 983 297 1034 et
315 975 438 1053 quadam
452 976 502 1034 vix
524 973 678 1039 enarrabili
695 973 835 1035 foeditate
852 974 1025 1054 pallescant.
1058 974 1171 1036 Luceut

157 1061 245 1136 igitur
262 1059 337 1118 haec
354 1060 425 1118 citra
443 1058 548 1134 solem,
568 1066 599 1118 ut
617 1057 759 1136 quaedam
776 1059 881 1136 exigua
897 1058 1030 1119 animalia
1048 1059 1169 1137 igniculi

157 1143 291 1202 videntur
306 1144 335 1201 iu
354 1141 493 1201 tenebris.
526 1141 660 1220 Denique
675 1141 750 1202 mala
767 1143 848 1204 multi
862 1141 997 1221 probant,
1013 1160 1102 1203 nemo
1119 1145 1170 1202 im·

158 1225 263 1306 probat
278 1225 364 1286 bona.

116 1306 151 1362 ll
243 1309 347 1389 Neque
362 1328 435 1370 vero
452 1312 546 1371 omnia
563 1310 633 1386 ista,
650 1308 808 1389 dequibus
826 1309 917 1370 locati
932 1327 1050 1385 snmus,
1069 1319 1170 1371 orator

159 1395 267 1472 optime
286 1403 395 1454 tantum
412 1395 466 1455 sed
487 1396 572 1454 etiam
596 1392 735 1453 facillime
759 1393 856 1453 faciet.
890 1392 995 1472 Neque
1013 1394 1093 1453 enim
1113 1396 1170 1453 vim

158 1496 294 1538 summam
311 1477 426 1538 dicendi
442 1486 472 1537 et
487 1479 675 1544 admiratione
690 1477 805 1554 dignam
820 1477 922 1538 infelix
936 1494 1030 1555 usqne
1051 1476 1088 1537 ad
1103 1477 1169 1538 ulti·

157 1579 232 1621 mum
248 1561 415 1622 sollicitudo
431 1563 620 1642 persequitur
636 1579 692 1622 nec
713 1570 860 1621 oratorem
875 1569 1005 1622 macerat
1021 1570 1052 1620 et
1068 1563 1170 1640 coquit

158 1664 248 1723 aegre
271 1645 363 1706 verba
385 1655 548 1706 vertentem
572 1654 602 1705 et
626 1645 843 1724 perpendendis
870 1645 1170 1726 coagmentandisque

115 1727 150 1784 78
159 1731 202 1790 eis
223 1728 471 1800 intabescentem
502 1728 615 1789 Nitidne
639 1729 690 1789 ille
708 1737 739 1789 et
755 1729 885 1790 sublimis
907 1739 936 1789 et
956 1729 1095 1809 locuples
1115 1731 1169 1789 cir·

159 1811 379 1873 cumduentibus
401 1812 528 1890 undique
551 1812 737 1891 eloquentiae
762 1815 856 1892 copiis
878 1815 1010 1892 imperat.
1053 1812 1169 1874 Desinit

159 1897 233 1956 enim
259 1896 287 1953 in
311 1895 434 1956 adversa
457 1898 524 1973 niti,
552 1897 600 1974 qui
624 1898 758 1975 pervenit
777 1898 806 1957 in
826 1915 973 1957 summum.
1008 1897 1169 1958 Scandenti

159 1981 237 2040 circa
252 1980 308 2039 ima
329 1978 413 2039 labor
430 1988 486 2048 est;
514 1988 643 2042 ceterum
667 1990 803 2061 quantum
823 1981 1024 2061 processeris,
1050 1980 1170 2042 mollior

91 2121 93 2126 .
116 2061 251 2124 79clivue
268 2081 303 2123 ac
320 2062 424 2123 laetius
441 2063 543 2124 solum.
571 2063 608 2124 Et
623 2066 647 2124 si
661 2065 736 2125 haec
752 2082 868 2145 quoque
883 2068 938 2126 iarn
953 2064 1050 2124 lenius
1065 2065 1169 2144 supina

159 2146 417 2227 perseverantibus
436 2148 538 2208 studiis
557 2150 704 2210 eraseris:
720 2151 787 2210 inde
803 2149 913 2210 fructus
930 2148 1080 2209 illaborati
1096 2148 1168 2208 ode-

159 2240 224 2291 runt
245 2249 313 2291 sese
337 2240 367 2291 et
388 2233 483 2292 omnia
504 2241 610 2311 sponte
634 2234 819 2312 proveniuut;
843 2251 918 2312 quae
941 2241 1038 2293 tamen
1059 2232 1169 2293 cotidie

158 2317 213 2375 uisi
229 2317 440 2394 decerpuntur,
457 2325 603 2377 arescunt.
634 2317 694 2377 Sed
710 2325 739 2377 et
755 2318 840 2396 copia
855 2317 944 2378 babet
958 2316 1088 2393 modum,
1106 2317 1170 2375 slna

160 2417 217 2478 quo
234 2400 303 2461 nibil
319 2418 375 2460 uec
391 2399 537 2462 laudabile
552 2419 608 2461 nec
624 2400 751 2461 salutare
769 2409 830 2476 est,
853 2410 883 2461 et
902 2402 979 2461 nitor
994 2399 1046 2460 ille
1061 2399 1169 2461 cultum

116 2483 273 2553 floririlem
294 2492 323 2544 et
339 2486 466 2544 inventio
489 2484 631 2545 iudicium.
664 2484 715 2544 Sic
738 2493 821 2544 erunt
844 2502 963 2561 magna,
989 2500 1048 2543 non
1066 2485 1168 2549 nimia;

159 2567 307 2644 sublimia,
328 2585 387 2628 non
410 2568 547 2646 abrupta:
569 2568 674 2644 fortia,
697 2585 755 2628 non
775 2571 945 2640 temeraria;
965 2585 1089 2644 severa,
1111 2583 1169 2626 non

159 2653 267 2719 tristia;
284 2652 396 2730 gravia,
412 2670 470 2712 non
483 2653 578 2722 tarda;
596 2653 683 2728 laeta,
699 2669 758 2712 non
773 2651 935 2718 luxuriosa;
953 2651 1095 2728 iucunda,
1111 2667 1169 2712 non

160 2735 317 2804 dissoluta;
340 2736 477 2812 grandia,
499 2754 557 2796 non
579 2736 694 2796 tumida.
730 2736 837 2797 Similis
859 2737 888 2794 iu
904 2736 1013 2796 ceteris
1027 2736 1105 2795 ratio
1124 2742 1169 2794 est

160 2836 195 2879 ac
211 2820 351 2878 tutissima
369 2820 433 2879 iere
448 2837 503 2899 per
518 2820 642 2880 medium
657 2821 719 2896 via,
735 2822 800 2899 quia
816 2821 965 2898 utriusque
980 2817 1112 2879 ultimum
1125 2818 1167 2877 vi·

159 2904 228 2962 tium
243 2912 297 2962 est.

568 3056 754 3109 CONGLUSIO.

244 3153 295 3213 Xl.
313 3153 364 3213 Hie
383 3153 497 3214 dicendi
512 3154 664 3215 virtutibus
686 3170 754 3213 usus
777 3161 875 3213 orator
892 3153 921 3212 in
940 3151 1072 3228 indiciis,
1097 3169 1167 3215 con·

161 3237 244 3313 siliis,
263 3237 459 3312 contionibus,
477 3247 594 3315 senatu,
611 3238 639 3296 in
658 3238 733 3298 omui
749 3236 874 3315 denique
890 3236 988 3296 oiflcio
1005 3234 1076 3296 boni
1094 3237 1166 3297 civis

161 3320 246 3380 finem
269 3338 385 3401 quoqne
407 3321 522 3399 dignum
548 3331 577 3382 et
598 3323 707 3401 optimo
729 3321 792 3382 viro
817 3329 847 3382 et
867 3337 959 3399 opere
981 3321 1166 3381 sanctissimo

162 3404 264 3474 iaciet;
287 3422 344 3465 non
360 3407 426 3487 qnia
441 3406 585 3484 prodesse
600 3423 723 3485 unquam
744 3407 814 3466 satis
837 3404 875 3464 eit
896 3412 926 3464 et
942 3403 992 3465 illa
1008 3413 1107 3464 mente
1124 3412 1166 3467 at·
