2566 4026
401 373 443 454 u.
459 372 567 455 utun
585 363 819 465 taurinum

107 544 656 663 iustitutionis
695 542 1111 657 obnlottlttt

302 834 589 896 VIGTORIUM
607 834 917 894 MARCELLUM

485 954 635 1019 LIBRI
656 954 736 1018 ΧΠ.

530 1202 648 1251 LIBER
671 1202 692 1253 1.

107 1300 185 1349 Libro
202 1299 285 1364 primo
304 1299 368 1348 haec
386 1300 557 1349 continentur:
585 1300 755 1352 Prooemium.
794 1297 1011 1356 Quemadmodum
1029 1298 1113 1362 prima

143 1369 268 1418 elementa
289 1367 414 1416 tradenda
437 1369 495 1417 sint.
535 1368 628 1419 Utilius
647 1368 717 1418 domi
737 1383 770 1418 an
791 1369 817 1417 in
836 1365 932 1417 scholis
955 1366 1111 1420 erudiantur.

143 1435 199 1494 Qua
217 1436 354 1487 rationein
372 1437 460 1500 parvis
479 1437 581 1502 ingenia
597 1437 778 1502 dignoscantur
794 1444 818 1486 et
834 1451 884 1499 qua
902 1436 1033 1486 tractanda
1051 1437 1110 1490 sint.

142 1505 179 1554 De
195 1505 369 1570 grammatice.
402 1505 439 1555 De
454 1505 539 1557 cilicio
556 1506 724 1571 grammatici.
756 1507 796 1555 An
814 1505 907 1557 oratori
925 1503 1009 1555 luturo
1025 1519 1113 1555 neces-

144 1573 211 1623 saria
234 1574 267 1624 sit
290 1573 402 1639 plurium
426 1576 518 1625 artium
542 1575 657 1627 scientia.
694 1577 733 1626 De
755 1575 861 1626 musice.
901 1574 940 1624 De
962 1575 1112 1640 geometria.

143 1642 181 1692 De
195 1644 278 1711 prima
296 1643 509 1707 pronuntiationis
527 1651 552 1694 et
568 1652 655 1710 gestus
675 1645 841 1694 institutione.
874 1645 914 1693 An
932 1643 1008 1711 plura
1023 1644 1112 1695 eodem

142 1718 256 1778 tempore
274 1711 360 1762 doceri
379 1713 461 1776 prima
479 1718 548 1762 aetas
566 1714 660 1778 possit.

433 1839 538 1901 PRO
553 1839 578 1900 Ο
591 1840 618 1898 Ε
631 1841 664 1899 Μ
674 1841 690 1898 Ι
701 1841 731 1900 U
742 1842 784 1898 Μ.

199 1926 276 2018 Post
294 1958 473 2036 impetratam
492 1958 593 2018 studiis
606 1960 679 2019 meis
692 1961 835 2037 quietem,
853 1974 927 2036 quae
944 1974 998 2035 per
1011 1957 1113 2034 viginti

109 2057 199 2102 annos
220 2041 385 2101 erudiendis
408 2042 559 2102 iuvenibus
582 2043 795 2123 impenderam,
821 2060 885 2102 cum
906 2059 983 2101 ame
999 2041 1113 2119 quidam

109 2124 289 2185 familiariter
312 2125 509 2204 postularent,
530 2135 560 2187 ut
581 2127 689 2206 aliquid
709 2128 746 2188 de
767 2129 880 2188 ratione
902 2125 1016 2187 dicendi
1034 2141 1111 2185 com·

108 2226 263 2288 ponerem:
286 2209 333 2269 diu
348 2228 411 2269 sum
426 2211 560 2289 equidem
575 2212 746 2289 reluctatus,
764 2212 842 2291 quod
856 2219 992 2271 auctores
1007 2211 1112 2269 uuius-

109 2312 165 2372 que
185 2294 300 2370 linguae
325 2293 503 2354 clarissimos
519 2312 577 2354 non
595 2296 765 2374 ignorabam
779 2296 885 2370 multa,
907 2313 981 2373 quae
1002 2293 1037 2354 ad
1055 2292 1112 2353 boe

109 2394 183 2456 opus
199 2379 398 2456 pertinerent,
421 2379 642 2457 diligentissime
665 2383 774 2461 scripta
795 2380 923 2459 posteris
943 2378 1110 2456 reliquisse.

74 2478 92 2529 o
108 2461 167 2521 Sed
191 2479 246 2540 qua
264 2480 320 2539 ego
339 2481 377 2522 ex
398 2481 485 2523 causa
507 2464 669 2526 faciliorem
689 2466 756 2525 mibi
770 2466 884 2524 veniam
903 2480 986 2521 meae
1006 2461 1111 2538 depre-

109 2548 231 2606 cationis
247 2546 408 2607 arbitrabar
426 2548 507 2625 fore,
528 2549 582 2608 bac
599 2549 831 2610 accendebantur
845 2545 888 2606 illi
903 2545 1010 2621 magis,
1033 2542 1110 2619 quod

107 2633 182 2690 inter
204 2630 334 2691 diversas
355 2633 508 2710 opiniones
529 2635 656 2711 priorum
676 2641 705 2691 et
724 2630 861 2711 quasdam
878 2629 962 2687 etiam
982 2629 1056 2685 inter
1077 2644 1110 2684 se

110 2717 270 2775 contrarias
291 2715 417 2777 difficilis
439 2724 519 2775 esset
538 2715 660 2784 electio;
684 2725 715 2774 ut
734 2713 802 2774 mihi
825 2715 849 2772 si
871 2729 929 2771 non
947 2710 1111 2771 inveniendi

108 2816 183 2858 nova
201 2809 229 2858 at
250 2809 331 2860 certe
346 2800 488 2860 iudicandi
510 2799 546 2858 de
567 2800 715 2859 veteribus
732 2800 883 2875 iniungere
903 2795 1035 2856 laborem
1054 2811 1112 2854 non

74 2884 214 2952 ainiuste
238 2884 415 2944 viderentur.
463 2882 599 2957 Quamvis
624 2893 718 2944 autem
744 2900 801 2942 non
827 2891 885 2942 tam
909 2899 955 2940 me
979 2881 1112 2940 vinceret

109 2968 291 3046 praestandi,
320 2968 397 3047 quod
419 2967 608 3044 exigebatur,
636 2968 740 3028 fiducia
766 2984 850 3045 quam
875 2964 1000 3042 negandi
1026 2981 1111 3023 vere-

109 3051 228 3112 cundia:
252 3053 338 3112 latius
361 3071 394 3113 se
418 3061 511 3112 tamen
530 3053 681 3130 aperiente
701 3053 820 3112 materia
837 3051 903 3128 plus
920 3068 1004 3128 quam
1020 3050 1112 3126 impo-

107 3135 230 3196 nebatur
249 3139 346 3197 oneris
369 3145 474 3215 sponte
495 3138 628 3214 suscepi;
656 3137 740 3197 simul
761 3145 791 3196 ut
813 3136 947 3214 pleniore
969 3132 1112 3210 obsequio

109 3219 277 3281 demererer
298 3223 506 3280 amantissimos
532 3222 604 3295 mei,
634 3221 717 3281 simul
742 3239 778 3281 ne
801 3219 951 3296 vulgarem
972 3219 1048 3276 viam
1071 3215 1111 3274 in·

74 3312 92 3366 4
109 3322 230 3381 gressus
245 3306 346 3365 alienis
363 3305 475 3364 demum
489 3306 622 3381 vestigiis
637 3306 811 3366 insisterem.
841 3302 913 3363 Nam
932 3302 1022 3363 ceteri
1036 3299 1113 3376 fere,
