<?xml version="1.0" encoding="UTF-8"?>
<!DOCTYPE html PUBLIC "-//W3C//DTD XHTML 1.0 Transitional//EN"
    "http://www.w3.org/TR/xhtml1/DTD/xhtml1-transitional.dtd">
<html xmlns="http://www.w3.org/1999/xhtml" xml:lang="en" lang="en">
 <head>
  <title>
</title>
<meta http-equiv="Content-Type" content="text/html;charset=utf-8" />
  <meta name='ocr-system' content='tesseract 3.04.00' />
  <meta name='ocr-capabilities' content='ocr_page ocr_carea ocr_par ocr_line ocrx_word'/>
</head>
<body>
  <div class='ocr_page' id='page_1' title='image "./mfabiiquintilia00bonngoog/mfabiiquintilia00bonngoog_0235.png"; bbox 0 0 2566 4026; ppageno 0'>
   <div class='ocr_carea' id='block_1_1' title="bbox 229 150 907 224">
    <p class='ocr_par' dir='ltr' id='par_1_1' title="bbox 229 150 907 224">
     <span class='ocr_line' id='line_1_1' title="bbox 229 150 907 224; baseline -0.007 -8"><span class='ocrx_word' id='word_1_1' title='bbox 229 150 291 216; x_wconf 76' lang='lat'>208</span> <span class='ocrx_word' id='word_1_2' title='bbox 543 163 907 224; x_wconf 58' lang='lat' dir='ltr'>numentanorum</span> 
     </span>
    </p>
   </div>
   <div class='ocr_carea' id='block_1_2' title="bbox 185 316 1231 570">
    <p class='ocr_par' dir='ltr' id='par_1_2' title="bbox 185 316 1231 570">
     <span class='ocr_line' id='line_1_2' title="bbox 229 316 1230 402; baseline 0.001 -19"><span class='ocrx_word' id='word_1_3' title='bbox 229 338 352 400; x_wconf 92' lang='lat' dir='ltr'>cumque</span> <span class='ocrx_word' id='word_1_4' title='bbox 374 318 524 399; x_wconf 81' lang='lat' dir='ltr'>responsis</span> <span class='ocrx_word' id='word_1_5' title='bbox 540 316 694 377; x_wconf 80' lang='lat' dir='ltr'><strong>dominatio</strong></span> <span class='ocrx_word' id='word_1_6' title='bbox 713 318 774 379; x_wconf 89' lang='lat' dir='ltr'>dari</span> <span class='ocrx_word' id='word_1_7' title='bbox 795 316 887 377; x_wconf 91' lang='lat' dir='ltr'>tribus</span> <span class='ocrx_word' id='word_1_8' title='bbox 904 317 1048 379; x_wconf 79' lang='lat' dir='ltr'>Corneliis</span> <span class='ocrx_word' id='word_1_9' title='bbox 1067 319 1230 402; x_wconf 81' lang='lat' dir='ltr'>dicebatur,</span> 
     </span>
     <span class='ocr_line' id='line_1_3' title="bbox 229 400 1231 485; baseline 0.001 -18"><span class='ocrx_word' id='word_1_10' title='bbox 229 422 320 485; x_wconf 91' lang='lat' dir='ltr'>seque</span> <span class='ocrx_word' id='word_1_11' title='bbox 346 422 410 464; x_wconf 92' lang='lat' dir='ltr'>eum</span> <span class='ocrx_word' id='word_1_12' title='bbox 431 403 547 463; x_wconf 87' lang='lat' dir='ltr'>tertium</span> <span class='ocrx_word' id='word_1_13' title='bbox 569 419 637 461; x_wconf 91' lang='lat' dir='ltr'>esse</span> <span class='ocrx_word' id='word_1_14' title='bbox 658 400 796 462; x_wconf 89' lang='lat' dir='ltr'>credebat</span> <span class='ocrx_word' id='word_1_15' title='bbox 817 412 886 480; x_wconf 92' lang='lat' dir='ltr'>post</span> <span class='ocrx_word' id='word_1_16' title='bbox 909 402 1019 464; x_wconf 87' lang='lat' dir='ltr'>Sullam</span> <span class='ocrx_word' id='word_1_17' title='bbox 1042 400 1231 485; x_wconf 83' lang='lat' dir='ltr'>Cinnamque,</span> 
     </span>
     <span class='ocr_line' id='line_1_4' title="bbox 185 484 1231 570; baseline -0.002 -16"><span class='ocrx_word' id='word_1_18' title='bbox 185 493 294 570; x_wconf 77' lang='lat' dir='ltr'>arquis</span> <span class='ocrx_word' id='word_1_19' title='bbox 312 489 421 567; x_wconf 89' lang='lat' dir='ltr'>etipse</span> <span class='ocrx_word' id='word_1_20' title='bbox 439 485 594 548; x_wconf 81' lang='lat' dir='ltr'>Cornelius</span> <span class='ocrx_word' id='word_1_21' title='bbox 612 494 684 545; x_wconf 87' lang='lat' dir='ltr'>erat.</span> <span class='ocrx_word' id='word_1_22' title='bbox 718 484 790 546; x_wconf 91' lang='lat' dir='ltr'>Nam</span> <span class='ocrx_word' id='word_1_23' title='bbox 813 494 843 545; x_wconf 93' lang='lat' dir='ltr'>et</span> <span class='ocrx_word' id='word_1_24' title='bbox 868 486 938 547; x_wconf 91' lang='lat' dir='ltr'>illud</span> <span class='ocrx_word' id='word_1_25' title='bbox 961 487 1037 565; x_wconf 89' lang='lat' dir='ltr'>apud</span> <span class='ocrx_word' id='word_1_26' title='bbox 1061 486 1231 567; x_wconf 81' lang='lat' dir='ltr'>Euripidem</span> 
     </span>
    </p>
   </div>
   <div class='ocr_carea' id='block_1_3' title="bbox 183 569 1231 3503">
    <p class='ocr_par' dir='ltr' id='par_1_3' title="bbox 227 569 1231 1053">
     <span class='ocr_line' id='line_1_5' title="bbox 229 569 1231 651; baseline 0 -17"><span class='ocrx_word' id='word_1_27' title='bbox 229 573 363 650; x_wconf 86' lang='lat' dir='ltr'>frigidum</span> <span class='ocrx_word' id='word_1_28' title='bbox 378 589 459 647; x_wconf 88' lang='lat' dir='ltr'>saue,</span> <span class='ocrx_word' id='word_1_29' title='bbox 479 570 557 648; x_wconf 94' lang='lat' dir='ltr'>quod</span> <span class='ocrx_word' id='word_1_30' title='bbox 568 569 840 647; x_wconf 77' lang='lat' dir='ltr'>nomenPolynicis,</span> <span class='ocrx_word' id='word_1_31' title='bbox 856 578 887 630; x_wconf 90' lang='lat' dir='ltr'>ut</span> <span class='ocrx_word' id='word_1_32' title='bbox 899 580 1097 649; x_wconf 75' lang='lat' dir='ltr'>argumentum</span> <span class='ocrx_word' id='word_1_33' title='bbox 1109 590 1231 651; x_wconf 91' lang='lat' dir='ltr'>morum,</span> 
     </span>
     <span class='ocr_line' id='line_1_6' title="bbox 228 653 1231 737; baseline 0.002 -20"><span class='ocrx_word' id='word_1_34' title='bbox 228 659 319 718; x_wconf 86' lang='lat' dir='ltr'>irater</span> <span class='ocrx_word' id='word_1_35' title='bbox 336 657 464 715; x_wconf 83' lang='lat' dir='ltr'>incessit.</span> <span class='ocrx_word' id='word_1_36' title='bbox 500 654 635 714; x_wconf 90' lang='lat' dir='ltr'>locorum</span> <span class='ocrx_word' id='word_1_37' title='bbox 650 662 744 714; x_wconf 89' lang='lat' dir='ltr'>tamen</span> <span class='ocrx_word' id='word_1_38' title='bbox 760 670 850 715; x_wconf 89' lang='lat' dir='ltr'>exeo</span> <span class='ocrx_word' id='word_1_39' title='bbox 866 653 1004 734; x_wconf 78' lang='lat' dir='ltr'>frequens</span> <span class='ocrx_word' id='word_1_40' title='bbox 1020 659 1155 733; x_wconf 89' lang='lat' dir='ltr'>materia,</span> <span class='ocrx_word' id='word_1_41' title='bbox 1176 677 1231 737; x_wconf 90' lang='lat' dir='ltr'>qua</span> 
     </span>
     <span class='ocr_line' id='line_1_7' title="bbox 229 738 1230 821; baseline 0.001 -21"><span class='ocrx_word' id='word_1_42' title='bbox 229 739 335 801; x_wconf 78' lang='lat' dir='ltr'>Cicero</span> <span class='ocrx_word' id='word_1_43' title='bbox 352 741 380 799; x_wconf 94' lang='lat' dir='ltr'>in</span> <span class='ocrx_word' id='word_1_44' title='bbox 394 738 517 799; x_wconf 87' lang='lat' dir='ltr'>Verrem</span> <span class='ocrx_word' id='word_1_45' title='bbox 532 754 590 798; x_wconf 92' lang='lat' dir='ltr'>non</span> <span class='ocrx_word' id='word_1_46' title='bbox 605 738 698 798; x_wconf 89' lang='lat' dir='ltr'>semel</span> <span class='ocrx_word' id='word_1_47' title='bbox 712 756 780 797; x_wconf 90' lang='lat' dir='ltr'>usus</span> <span class='ocrx_word' id='word_1_48' title='bbox 799 746 854 798; x_wconf 90' lang='lat' dir='ltr'>est.</span> <span class='ocrx_word' id='word_1_49' title='bbox 893 738 973 799; x_wconf 87' lang='lat' dir='ltr'>Haec</span> <span class='ocrx_word' id='word_1_50' title='bbox 989 739 1053 800; x_wconf 86' lang='lat' dir='ltr'>iere</span> <span class='ocrx_word' id='word_1_51' title='bbox 1069 741 1147 800; x_wconf 88' lang='lat' dir='ltr'>circa</span> <span class='ocrx_word' id='word_1_52' title='bbox 1163 760 1230 821; x_wconf 87' lang='lat' dir='ltr'>per-</span> 
     </span>
     <span class='ocr_line' id='line_1_8' title="bbox 229 820 1229 902; baseline 0.003 -19"><span class='ocrx_word' id='word_1_53' title='bbox 229 841 316 884; x_wconf 86' lang='lat' dir='ltr'>sonas</span> <span class='ocrx_word' id='word_1_54' title='bbox 331 831 396 883; x_wconf 94' lang='lat' dir='ltr'>sunt</span> <span class='ocrx_word' id='word_1_55' title='bbox 411 830 459 883; x_wconf 93' lang='lat' dir='ltr'>aut</span> <span class='ocrx_word' id='word_1_56' title='bbox 474 821 518 883; x_wconf 90' lang='lat' dir='ltr'>bis</span> <span class='ocrx_word' id='word_1_57' title='bbox 534 821 647 882; x_wconf 90' lang='lat' dir='ltr'>similia.</span> <span class='ocrx_word' id='word_1_58' title='bbox 682 820 883 900; x_wconf 71' lang='lat' dir='ltr'>Nequeenim</span> <span class='ocrx_word' id='word_1_59' title='bbox 899 823 1055 902; x_wconf 90' lang='lat' dir='ltr'>complecti</span> <span class='ocrx_word' id='word_1_60' title='bbox 1071 826 1165 884; x_wconf 90' lang='lat' dir='ltr'>omnia</span> <span class='ocrx_word' id='word_1_61' title='bbox 1181 827 1229 886; x_wconf 91' lang='lat' dir='ltr'>vel</span> 
     </span>
     <span class='ocr_line' id='line_1_9' title="bbox 227 906 1229 989; baseline 0 -20"><span class='ocrx_word' id='word_1_62' title='bbox 227 908 322 969; x_wconf 86' lang='lat' dir='ltr'>bacin</span> <span class='ocrx_word' id='word_1_63' title='bbox 336 915 419 989; x_wconf 87' lang='lat' dir='ltr'>parte</span> <span class='ocrx_word' id='word_1_64' title='bbox 430 906 478 967; x_wconf 86' lang='lat' dir='ltr'>vel</span> <span class='ocrx_word' id='word_1_65' title='bbox 493 907 522 965; x_wconf 91' lang='lat' dir='ltr'>in</span> <span class='ocrx_word' id='word_1_66' title='bbox 535 906 641 966; x_wconf 88' lang='lat' dir='ltr'>ceteris</span> <span class='ocrx_word' id='word_1_67' title='bbox 657 922 821 983; x_wconf 89' lang='lat' dir='ltr'>possumus,</span> <span class='ocrx_word' id='word_1_68' title='bbox 839 909 967 966; x_wconf 90' lang='lat' dir='ltr'>contenti</span> <span class='ocrx_word' id='word_1_69' title='bbox 983 909 1124 968; x_wconf 89' lang='lat' dir='ltr'>rationem</span> <span class='ocrx_word' id='word_1_70' title='bbox 1141 927 1229 987; x_wconf 87' lang='lat' dir='ltr'>quae-</span> 
     </span>
     <span class='ocr_line' id='line_1_10' title="bbox 228 990 508 1053; baseline -0.014 -1"><span class='ocrx_word' id='word_1_71' title='bbox 228 993 325 1053; x_wconf 90' lang='lat' dir='ltr'>situris</span> <span class='ocrx_word' id='word_1_72' title='bbox 342 990 508 1051; x_wconf 88' lang='lat' dir='ltr'>ostendere.</span> 
     </span>
    </p>

    <p class='ocr_par' dir='ltr' id='par_1_4' title="bbox 184 1073 1230 1323">
     <span class='ocr_line' id='line_1_11' title="bbox 184 1073 1230 1155; baseline -0.003 -16"><span class='ocrx_word' id='word_1_73' title='bbox 184 1084 219 1139; x_wconf 78' lang='lat'>32</span> <span class='ocrx_word' id='word_1_74' title='bbox 310 1075 394 1136; x_wconf 89' lang='lat' dir='ltr'>Nunc</span> <span class='ocrx_word' id='word_1_75' title='bbox 409 1075 445 1136; x_wconf 86' lang='lat' dir='ltr'>ad</span> <span class='ocrx_word' id='word_1_76' title='bbox 466 1092 528 1134; x_wconf 89' lang='lat' dir='ltr'>res</span> <span class='ocrx_word' id='word_1_77' title='bbox 551 1083 684 1151; x_wconf 78' lang='lat' dir='ltr'>transeo,</span> <span class='ocrx_word' id='word_1_78' title='bbox 711 1076 739 1133; x_wconf 95' lang='lat' dir='ltr'>in</span> <span class='ocrx_word' id='word_1_79' title='bbox 755 1073 858 1152; x_wconf 91' lang='lat' dir='ltr'>quibus</span> <span class='ocrx_word' id='word_1_80' title='bbox 873 1075 996 1134; x_wconf 87' lang='lat' dir='ltr'>maxime</span> <span class='ocrx_word' id='word_1_81' title='bbox 1015 1084 1080 1135; x_wconf 91' lang='lat' dir='ltr'>sunt</span> <span class='ocrx_word' id='word_1_82' title='bbox 1096 1079 1230 1155; x_wconf 89' lang='lat' dir='ltr'>personis</span> 
     </span>
     <span class='ocr_line' id='line_1_12' title="bbox 227 1157 1229 1238; baseline 0.001 -19"><span class='ocrx_word' id='word_1_83' title='bbox 227 1162 340 1236; x_wconf 88' lang='lat' dir='ltr'>iuncta,</span> <span class='ocrx_word' id='word_1_84' title='bbox 366 1177 440 1238; x_wconf 89' lang='lat' dir='ltr'>quae</span> <span class='ocrx_word' id='word_1_85' title='bbox 456 1160 584 1237; x_wconf 80' lang='lat' dir='ltr'>agimus,</span> <span class='ocrx_word' id='word_1_86' title='bbox 607 1158 732 1238; x_wconf 89' lang='lat' dir='ltr'>ideoque</span> <span class='ocrx_word' id='word_1_87' title='bbox 756 1160 847 1236; x_wconf 90' lang='lat' dir='ltr'>prima</span> <span class='ocrx_word' id='word_1_88' title='bbox 862 1157 1020 1219; x_wconf 86' lang='lat' dir='ltr'>tractanda.</span> <span class='ocrx_word' id='word_1_89' title='bbox 1050 1158 1229 1220; x_wconf 81' lang='lat' dir='ltr'>{nomnibus</span> 
     </span>
     <span class='ocr_line' id='line_1_13' title="bbox 227 1238 1230 1323; baseline 0.001 -20"><span class='ocrx_word' id='word_1_90' title='bbox 227 1260 333 1323; x_wconf 90' lang='lat' dir='ltr'>porro,</span> <span class='ocrx_word' id='word_1_91' title='bbox 362 1261 437 1322; x_wconf 87' lang='lat' dir='ltr'>quae</span> <span class='ocrx_word' id='word_1_92' title='bbox 468 1243 552 1319; x_wconf 92' lang='lat' dir='ltr'>iiunt,</span> <span class='ocrx_word' id='word_1_93' title='bbox 583 1245 731 1321; x_wconf 89' lang='lat' dir='ltr'>quaeritur</span> <span class='ocrx_word' id='word_1_94' title='bbox 756 1250 804 1302; x_wconf 90' lang='lat' dir='ltr'>aut</span> <span class='ocrx_word' id='word_1_95' title='bbox 825 1238 968 1314; x_wconf 78' lang='lat' dir='ltr'>Quare?</span> <span class='ocrx_word' id='word_1_96' title='bbox 993 1250 1041 1302; x_wconf 90' lang='lat' dir='ltr'>aut</span> <span class='ocrx_word' id='word_1_97' title='bbox 1065 1241 1156 1304; x_wconf 80' lang='lat' dir='ltr'>ubit</span> <span class='ocrx_word' id='word_1_98' title='bbox 1183 1254 1230 1305; x_wconf 90' lang='lat' dir='ltr'>aut</span> 
     </span>
    </p>

    <p class='ocr_par' dir='ltr' id='par_1_5' title="bbox 185 1323 1228 1908">
     <span class='ocr_line' id='line_1_14' title="bbox 185 1323 1228 1404; baseline -0.002 -15"><span class='ocrx_word' id='word_1_99' title='bbox 185 1325 398 1400; x_wconf 63' lang='lat' dir='ltr'>affluendo?</span> <span class='ocrx_word' id='word_1_100' title='bbox 415 1337 463 1387; x_wconf 90' lang='lat' dir='ltr'>aut</span> <span class='ocrx_word' id='word_1_101' title='bbox 479 1323 690 1400; x_wconf 81' lang='lat' dir='ltr'>Quomodo?</span> <span class='ocrx_word' id='word_1_102' title='bbox 712 1325 950 1404; x_wconf 85' lang='lat' dir='ltr'>autPerquae</span> <span class='ocrx_word' id='word_1_103' title='bbox 966 1325 1043 1386; x_wconf 86' lang='lat' dir='ltr'>iacta</span> <span class='ocrx_word' id='word_1_104' title='bbox 1059 1325 1146 1387; x_wconf 77' lang='lat' dir='ltr'>sunt?</span> <span class='ocrx_word' id='word_1_105' title='bbox 1170 1328 1228 1387; x_wconf 92' lang='lat' dir='ltr'>Du·</span> 
     </span>
     <span class='ocr_line' id='line_1_15' title="bbox 228 1409 1227 1488; baseline 0 -17"><span class='ocrx_word' id='word_1_106' title='bbox 228 1421 330 1471; x_wconf 90' lang='lat' dir='ltr'>cuntur</span> <span class='ocrx_word' id='word_1_107' title='bbox 343 1413 430 1488; x_wconf 84' lang='lat' dir='ltr'>igitur</span> <span class='ocrx_word' id='word_1_108' title='bbox 444 1419 611 1488; x_wconf 79' lang='lat' dir='ltr'>argumenta</span> <span class='ocrx_word' id='word_1_109' title='bbox 632 1429 670 1470; x_wconf 88' lang='lat' dir='ltr'>ex</span> <span class='ocrx_word' id='word_1_110' title='bbox 691 1411 815 1471; x_wconf 89' lang='lat' dir='ltr'>causis</span> <span class='ocrx_word' id='word_1_111' title='bbox 830 1409 973 1469; x_wconf 83' lang='lat' dir='ltr'>factorum</span> <span class='ocrx_word' id='word_1_112' title='bbox 986 1409 1036 1469; x_wconf 82' lang='lat' dir='ltr'>vel</span> <span class='ocrx_word' id='word_1_113' title='bbox 1053 1411 1227 1480; x_wconf 86' lang='lat' dir='ltr'>futurorum;</span> 
     </span>
     <span class='ocr_line' id='line_1_16' title="bbox 228 1487 1227 1573; baseline 0 -19"><span class='ocrx_word' id='word_1_114' title='bbox 228 1513 347 1573; x_wconf 90' lang='lat' dir='ltr'>quarum</span> <span class='ocrx_word' id='word_1_115' title='bbox 359 1495 517 1569; x_wconf 86' lang='lat' dir='ltr'>materiam,</span> <span class='ocrx_word' id='word_1_116' title='bbox 531 1512 616 1573; x_wconf 88' lang='lat' dir='ltr'>quam</span> <span class='ocrx_word' id='word_1_117' title='bbox 626 1488 702 1573; x_wconf 76' lang='grc' dir='ltr'>ὅλην</span> <span class='ocrx_word' id='word_1_118' title='bbox 715 1495 774 1569; x_wconf 88' lang='lat' dir='ltr'>alii,</span> <span class='ocrx_word' id='word_1_119' title='bbox 784 1487 929 1571; x_wconf 76' lang='lat' dir='ltr'>tddvopco</span> <span class='ocrx_word' id='word_1_120' title='bbox 940 1493 989 1554; x_wconf 86' lang='lat' dir='ltr'>alii</span> <span class='ocrx_word' id='word_1_121' title='bbox 1000 1495 1227 1571; x_wconf 86' lang='lat' dir='ltr'>nominaverunt,</span> 
     </span>
     <span class='ocr_line' id='line_1_17' title="bbox 226 1577 1228 1657; baseline 0.002 -20"><span class='ocrx_word' id='word_1_122' title='bbox 226 1579 255 1638; x_wconf 94' lang='lat' dir='ltr'>in</span> <span class='ocrx_word' id='word_1_123' title='bbox 268 1578 325 1637; x_wconf 92' lang='lat' dir='ltr'>duo</span> <span class='ocrx_word' id='word_1_124' title='bbox 343 1596 452 1655; x_wconf 82' lang='lat' dir='ltr'>genera</span> <span class='ocrx_word' id='word_1_125' title='bbox 467 1578 519 1637; x_wconf 92' lang='lat' dir='ltr'>sed</span> <span class='ocrx_word' id='word_1_126' title='bbox 533 1585 687 1656; x_wconf 86' lang='lat' dir='ltr'>quaternas</span> <span class='ocrx_word' id='word_1_127' title='bbox 701 1579 852 1657; x_wconf 89' lang='lat' dir='ltr'>utriusque</span> <span class='ocrx_word' id='word_1_128' title='bbox 862 1577 989 1637; x_wconf 89' lang='lat' dir='ltr'>dividunt</span> <span class='ocrx_word' id='word_1_129' title='bbox 1005 1581 1133 1656; x_wconf 90' lang='lat' dir='ltr'>species.</span> <span class='ocrx_word' id='word_1_130' title='bbox 1156 1578 1228 1639; x_wconf 88' lang='lat' dir='ltr'>Nam</span> 
     </span>
     <span class='ocr_line' id='line_1_18' title="bbox 227 1661 1227 1740; baseline 0 -18"><span class='ocrx_word' id='word_1_131' title='bbox 227 1663 291 1722; x_wconf 87' lang='lat' dir='ltr'>fere</span> <span class='ocrx_word' id='word_1_132' title='bbox 302 1671 437 1721; x_wconf 85' lang='lat' dir='ltr'>versatur</span> <span class='ocrx_word' id='word_1_133' title='bbox 448 1663 521 1721; x_wconf 92' lang='lat' dir='ltr'>ratio</span> <span class='ocrx_word' id='word_1_134' title='bbox 535 1661 659 1723; x_wconf 80' lang='lat' dir='ltr'>faciendi</span> <span class='ocrx_word' id='word_1_135' title='bbox 671 1663 749 1722; x_wconf 91' lang='lat' dir='ltr'>circa</span> <span class='ocrx_word' id='word_1_136' title='bbox 765 1661 906 1721; x_wconf 89' lang='lat' dir='ltr'>bonorum</span> <span class='ocrx_word' id='word_1_137' title='bbox 921 1662 1116 1740; x_wconf 85' lang='lat' dir='ltr'>adeptionem,</span> <span class='ocrx_word' id='word_1_138' title='bbox 1134 1664 1227 1722; x_wconf 90' lang='lat' dir='ltr'>incre-</span> 
     </span>
     <span class='ocr_line' id='line_1_19' title="bbox 226 1745 1226 1823; baseline 0.001 -17"><span class='ocrx_word' id='word_1_139' title='bbox 226 1753 362 1821; x_wconf 88' lang='lat' dir='ltr'>mentum,</span> <span class='ocrx_word' id='word_1_140' title='bbox 378 1746 639 1823; x_wconf 86' lang='lat' dir='ltr'>conservationem,</span> <span class='ocrx_word' id='word_1_141' title='bbox 656 1764 737 1805; x_wconf 92' lang='lat' dir='ltr'>usum</span> <span class='ocrx_word' id='word_1_142' title='bbox 745 1768 752 1815; x_wconf 93' lang='lat'>;</span> <span class='ocrx_word' id='word_1_143' title='bbox 766 1754 814 1805; x_wconf 86' lang='lat' dir='ltr'>aut</span> <span class='ocrx_word' id='word_1_144' title='bbox 828 1745 968 1805; x_wconf 91' lang='lat' dir='ltr'>malorum</span> <span class='ocrx_word' id='word_1_145' title='bbox 980 1747 1175 1821; x_wconf 85' lang='lat' dir='ltr'>evitationem,</span> <span class='ocrx_word' id='word_1_146' title='bbox 1194 1749 1226 1807; x_wconf 92' lang='lat' dir='ltr'>li·</span> 
     </span>
     <span class='ocr_line' id='line_1_20' title="bbox 226 1828 1227 1908; baseline 0 -19"><span class='ocrx_word' id='word_1_147' title='bbox 226 1829 417 1905; x_wconf 88' lang='lat' dir='ltr'>berationem,</span> <span class='ocrx_word' id='word_1_148' title='bbox 425 1830 657 1905; x_wconf 88' lang='lat' dir='ltr'>imminutionem,</span> <span class='ocrx_word' id='word_1_149' title='bbox 669 1829 864 1897; x_wconf 67' lang='lat' dir='ltr'>tolerantiam</span> <span class='ocrx_word' id='word_1_150' title='bbox 879 1838 993 1908; x_wconf 88' lang='lat' dir='ltr'>quaest</span> <span class='ocrx_word' id='word_1_151' title='bbox 1003 1828 1227 1890; x_wconf 90' lang='lat' dir='ltr'>indeliberando</span> 
     </span>
    </p>

    <p class='ocr_par' dir='ltr' id='par_1_6' title="bbox 183 1912 1228 2498">
     <span class='ocr_line' id='line_1_21' title="bbox 183 1912 1225 1992; baseline -0.002 -16"><span class='ocrx_word' id='word_1_152' title='bbox 183 1914 377 1992; x_wconf 64' lang='lat' dir='ltr'>utplurimum</span> <span class='ocrx_word' id='word_1_153' title='bbox 392 1912 498 1973; x_wconf 86' lang='lat' dir='ltr'>valent.</span> <span class='ocrx_word' id='word_1_154' title='bbox 530 1913 589 1973; x_wconf 88' lang='lat' dir='ltr'>Sed</span> <span class='ocrx_word' id='word_1_155' title='bbox 604 1912 656 1974; x_wconf 90' lang='lat' dir='ltr'>bas</span> <span class='ocrx_word' id='word_1_156' title='bbox 673 1931 776 1975; x_wconf 88' lang='lat' dir='ltr'>causas</span> <span class='ocrx_word' id='word_1_157' title='bbox 790 1912 897 1973; x_wconf 91' lang='lat' dir='ltr'>habent</span> <span class='ocrx_word' id='word_1_158' title='bbox 912 1923 1004 1988; x_wconf 89' lang='lat' dir='ltr'>recta,</span> <span class='ocrx_word' id='word_1_159' title='bbox 1021 1932 1110 1992; x_wconf 87' lang='lat' dir='ltr'>prava</span> <span class='ocrx_word' id='word_1_160' title='bbox 1124 1923 1225 1974; x_wconf 89' lang='lat' dir='ltr'>contra</span> 
     </span>
     <span class='ocr_line' id='line_1_22' title="bbox 228 1996 1226 2075; baseline -0.002 -18"><span class='ocrx_word' id='word_1_161' title='bbox 228 2016 265 2058; x_wconf 87' lang='lat' dir='ltr'>ex</span> <span class='ocrx_word' id='word_1_162' title='bbox 287 1997 369 2057; x_wconf 88' lang='lat' dir='ltr'>iaisis</span> <span class='ocrx_word' id='word_1_163' title='bbox 390 1997 573 2075; x_wconf 89' lang='lat' dir='ltr'>opinionibus</span> <span class='ocrx_word' id='word_1_164' title='bbox 597 1999 723 2057; x_wconf 88' lang='lat' dir='ltr'>veniunt.</span> <span class='ocrx_word' id='word_1_165' title='bbox 770 1997 843 2058; x_wconf 89' lang='lat' dir='ltr'>Nam</span> <span class='ocrx_word' id='word_1_166' title='bbox 864 2006 910 2057; x_wconf 93' lang='lat' dir='ltr'>est</span> <span class='ocrx_word' id='word_1_167' title='bbox 928 1996 972 2058; x_wconf 92' lang='lat' dir='ltr'>bis</span> <span class='ocrx_word' id='word_1_168' title='bbox 994 1998 1102 2058; x_wconf 92' lang='lat' dir='ltr'>initium</span> <span class='ocrx_word' id='word_1_169' title='bbox 1125 2015 1163 2056; x_wconf 84' lang='lat' dir='ltr'>ex</span> <span class='ocrx_word' id='word_1_170' title='bbox 1181 1998 1226 2073; x_wconf 86' lang='lat' dir='ltr'>iis,</span> 
     </span>
     <span class='ocr_line' id='line_1_23' title="bbox 227 2081 1227 2160; baseline 0.001 -21"><span class='ocrx_word' id='word_1_171' title='bbox 227 2099 302 2160; x_wconf 86' lang='lat' dir='ltr'>quae</span> <span class='ocrx_word' id='word_1_172' title='bbox 323 2081 443 2141; x_wconf 89' lang='lat' dir='ltr'>credunt</span> <span class='ocrx_word' id='word_1_173' title='bbox 457 2081 534 2141; x_wconf 85' lang='lat' dir='ltr'>bona</span> <span class='ocrx_word' id='word_1_174' title='bbox 549 2089 597 2141; x_wconf 91' lang='lat' dir='ltr'>aut</span> <span class='ocrx_word' id='word_1_175' title='bbox 611 2081 697 2157; x_wconf 88' lang='lat' dir='ltr'>mala,</span> <span class='ocrx_word' id='word_1_176' title='bbox 710 2081 776 2141; x_wconf 86' lang='lat' dir='ltr'>inde</span> <span class='ocrx_word' id='word_1_177' title='bbox 792 2099 909 2142; x_wconf 90' lang='lat' dir='ltr'>errores</span> <span class='ocrx_word' id='word_1_178' title='bbox 926 2084 1052 2142; x_wconf 84' lang='lat' dir='ltr'>existunt</span> <span class='ocrx_word' id='word_1_179' title='bbox 1068 2090 1097 2141; x_wconf 91' lang='lat' dir='ltr'>et</span> <span class='ocrx_word' id='word_1_180' title='bbox 1108 2082 1227 2160; x_wconf 90' lang='lat' dir='ltr'>pessimi</span> 
     </span>
     <span class='ocr_line' id='line_1_24' title="bbox 227 2165 1225 2244; baseline -0.001 -19"><span class='ocrx_word' id='word_1_181' title='bbox 227 2165 359 2241; x_wconf 85' lang='lat' dir='ltr'>affectus,</span> <span class='ocrx_word' id='word_1_182' title='bbox 375 2165 403 2223; x_wconf 95' lang='lat' dir='ltr'>in</span> <span class='ocrx_word' id='word_1_183' title='bbox 419 2165 521 2243; x_wconf 92' lang='lat' dir='ltr'>quibus</span> <span class='ocrx_word' id='word_1_184' title='bbox 537 2173 603 2224; x_wconf 91' lang='lat' dir='ltr'>sunt</span> <span class='ocrx_word' id='word_1_185' title='bbox 619 2167 671 2241; x_wconf 92' lang='lat' dir='ltr'>ira,</span> <span class='ocrx_word' id='word_1_186' title='bbox 689 2165 795 2243; x_wconf 94' lang='lat' dir='ltr'>odium,</span> <span class='ocrx_word' id='word_1_187' title='bbox 817 2165 937 2241; x_wconf 88' lang='lat' dir='ltr'>invidia,</span> <span class='ocrx_word' id='word_1_188' title='bbox 962 2165 1121 2244; x_wconf 81' lang='lat' dir='ltr'>cupiditas,</span> <span class='ocrx_word' id='word_1_189' title='bbox 1146 2183 1225 2243; x_wconf 88' lang='lat' dir='ltr'>spes,</span> 
     </span>
     <span class='ocr_line' id='line_1_25' title="bbox 227 2248 1228 2326; baseline -0.001 -17"><span class='ocrx_word' id='word_1_190' title='bbox 227 2248 366 2323; x_wconf 89' lang='lat' dir='ltr'>ambitus,</span> <span class='ocrx_word' id='word_1_191' title='bbox 382 2249 519 2324; x_wconf 87' lang='lat' dir='ltr'>audacia,</span> <span class='ocrx_word' id='word_1_192' title='bbox 536 2257 640 2324; x_wconf 89' lang='lat' dir='ltr'>metus,</span> <span class='ocrx_word' id='word_1_193' title='bbox 656 2258 755 2310; x_wconf 88' lang='lat' dir='ltr'>cetera</span> <span class='ocrx_word' id='word_1_194' title='bbox 770 2251 887 2326; x_wconf 84' lang='lat' dir='ltr'>generis</span> <span class='ocrx_word' id='word_1_195' title='bbox 903 2250 1041 2310; x_wconf 86' lang='lat' dir='ltr'>eiusdem.</span> <span class='ocrx_word' id='word_1_196' title='bbox 1074 2248 1228 2309; x_wconf 81' lang='lat' dir='ltr'>Accedunt</span> 
     </span>
     <span class='ocr_line' id='line_1_26' title="bbox 227 2331 1224 2412; baseline -0.003 -18"><span class='ocrx_word' id='word_1_197' title='bbox 227 2332 381 2410; x_wconf 88' lang='lat' dir='ltr'>aliquando</span> <span class='ocrx_word' id='word_1_198' title='bbox 396 2332 529 2407; x_wconf 78' lang='lat' dir='ltr'>fortuita,</span> <span class='ocrx_word' id='word_1_199' title='bbox 551 2331 694 2408; x_wconf 88' lang='lat' dir='ltr'>ebrietas,</span> <span class='ocrx_word' id='word_1_200' title='bbox 714 2335 891 2411; x_wconf 83' lang='lat' dir='ltr'>ignorantia,</span> <span class='ocrx_word' id='word_1_201' title='bbox 907 2351 981 2412; x_wconf 91' lang='lat' dir='ltr'>quae</span> <span class='ocrx_word' id='word_1_202' title='bbox 997 2334 1110 2394; x_wconf 86' lang='lat' dir='ltr'>interim</span> <span class='ocrx_word' id='word_1_203' title='bbox 1126 2334 1161 2393; x_wconf 90' lang='lat' dir='ltr'>ad</span> <span class='ocrx_word' id='word_1_204' title='bbox 1176 2351 1224 2392; x_wconf 90' lang='lat' dir='ltr'>ve·</span> 
     </span>
     <span class='ocr_line' id='line_1_27' title="bbox 226 2415 1225 2498; baseline 0 -22"><span class='ocrx_word' id='word_1_205' title='bbox 226 2417 300 2476; x_wconf 88' lang='lat' dir='ltr'>niam</span> <span class='ocrx_word' id='word_1_206' title='bbox 318 2417 426 2493; x_wconf 85' lang='lat' dir='ltr'>valent,</span> <span class='ocrx_word' id='word_1_207' title='bbox 441 2416 553 2476; x_wconf 85' lang='lat' dir='ltr'>interim</span> <span class='ocrx_word' id='word_1_208' title='bbox 569 2415 604 2476; x_wconf 92' lang='lat' dir='ltr'>ad</span> <span class='ocrx_word' id='word_1_209' title='bbox 618 2416 819 2495; x_wconf 88' lang='lat' dir='ltr'>probationem</span> <span class='ocrx_word' id='word_1_210' title='bbox 832 2419 967 2495; x_wconf 89' lang='lat' dir='ltr'>criminis,</span> <span class='ocrx_word' id='word_1_211' title='bbox 984 2427 1015 2478; x_wconf 95' lang='lat' dir='ltr'>ut</span> <span class='ocrx_word' id='word_1_212' title='bbox 1032 2419 1056 2477; x_wconf 91' lang='lat' dir='ltr'>si</span> <span class='ocrx_word' id='word_1_213' title='bbox 1072 2419 1147 2498; x_wconf 93' lang='lat' dir='ltr'>quis,</span> <span class='ocrx_word' id='word_1_214' title='bbox 1163 2417 1225 2477; x_wconf 92' lang='lat' dir='ltr'>dum</span> 
     </span>
    </p>

    <p class='ocr_par' dir='ltr' id='par_1_7' title="bbox 184 2500 1226 2831">
     <span class='ocr_line' id='line_1_28' title="bbox 184 2500 1226 2580; baseline -0.005 -16"><span class='ocrx_word' id='word_1_215' title='bbox 184 2510 217 2564; x_wconf 80' lang='lat'>35</span> <span class='ocrx_word' id='word_1_216' title='bbox 226 2500 275 2560; x_wconf 93' lang='lat' dir='ltr'>alii</span> <span class='ocrx_word' id='word_1_217' title='bbox 293 2500 458 2575; x_wconf 91' lang='lat' dir='ltr'>insidiatur,</span> <span class='ocrx_word' id='word_1_218' title='bbox 480 2500 565 2559; x_wconf 90' lang='lat' dir='ltr'>alium</span> <span class='ocrx_word' id='word_1_219' title='bbox 588 2500 692 2560; x_wconf 89' lang='lat' dir='ltr'>dicitur</span> <span class='ocrx_word' id='word_1_220' title='bbox 709 2503 901 2563; x_wconf 88' lang='lat' dir='ltr'>interemisse.</span> <span class='ocrx_word' id='word_1_221' title='bbox 936 2501 1048 2562; x_wconf 83' lang='lat' dir='ltr'>Causae</span> <span class='ocrx_word' id='word_1_222' title='bbox 1064 2518 1153 2580; x_wconf 92' lang='lat' dir='ltr'>porro</span> <span class='ocrx_word' id='word_1_223' title='bbox 1169 2518 1226 2559; x_wconf 95' lang='lat' dir='ltr'>non</span> 
     </span>
     <span class='ocr_line' id='line_1_29' title="bbox 227 2582 1226 2663; baseline -0.004 -18"><span class='ocrx_word' id='word_1_224' title='bbox 227 2583 262 2645; x_wconf 85' lang='lat' dir='ltr'>ad</span> <span class='ocrx_word' id='word_1_225' title='bbox 278 2584 505 2644; x_wconf 88' lang='lat' dir='ltr'>convincendum</span> <span class='ocrx_word' id='word_1_226' title='bbox 519 2582 617 2659; x_wconf 93' lang='lat' dir='ltr'>modo,</span> <span class='ocrx_word' id='word_1_227' title='bbox 634 2585 712 2662; x_wconf 93' lang='lat' dir='ltr'>quod</span> <span class='ocrx_word' id='word_1_228' title='bbox 728 2587 877 2663; x_wconf 91' lang='lat' dir='ltr'>obiicitur,</span> <span class='ocrx_word' id='word_1_229' title='bbox 894 2587 946 2646; x_wconf 88' lang='lat' dir='ltr'>sed</span> <span class='ocrx_word' id='word_1_230' title='bbox 962 2585 997 2646; x_wconf 91' lang='lat' dir='ltr'>ad</span> <span class='ocrx_word' id='word_1_231' title='bbox 1014 2584 1226 2645; x_wconf 87' lang='lat' dir='ltr'>defendendum</span> 
     </span>
     <span class='ocr_line' id='line_1_30' title="bbox 227 2665 1223 2747; baseline -0.003 -21"><span class='ocrx_word' id='word_1_232' title='bbox 227 2685 343 2747; x_wconf 93' lang='lat' dir='ltr'>quoque</span> <span class='ocrx_word' id='word_1_233' title='bbox 360 2669 456 2727; x_wconf 83' lang='lat' dir='ltr'>excuti</span> <span class='ocrx_word' id='word_1_234' title='bbox 472 2667 585 2742; x_wconf 88' lang='lat' dir='ltr'>solent,</span> <span class='ocrx_word' id='word_1_235' title='bbox 608 2686 672 2728; x_wconf 92' lang='lat' dir='ltr'>cum</span> <span class='ocrx_word' id='word_1_236' title='bbox 695 2671 812 2747; x_wconf 88' lang='lat' dir='ltr'>quisse</span> <span class='ocrx_word' id='word_1_237' title='bbox 834 2678 916 2729; x_wconf 90' lang='lat' dir='ltr'>recte</span> <span class='ocrx_word' id='word_1_238' title='bbox 937 2669 1046 2728; x_wconf 86' lang='lat' dir='ltr'>iecisse</span> <span class='ocrx_word' id='word_1_239' title='bbox 1068 2667 1096 2725; x_wconf 96' lang='lat' dir='ltr'>id</span> <span class='ocrx_word' id='word_1_240' title='bbox 1113 2674 1158 2725; x_wconf 90' lang='lat' dir='ltr'>est</span> <span class='ocrx_word' id='word_1_241' title='bbox 1173 2665 1223 2724; x_wconf 90' lang='lat' dir='ltr'>ho·</span> 
     </span>
     <span class='ocr_line' id='line_1_31' title="bbox 226 2748 1223 2831; baseline -0.005 -21"><span class='ocrx_word' id='word_1_242' title='bbox 226 2761 309 2812; x_wconf 86' lang='lat' dir='ltr'>nesta</span> <span class='ocrx_word' id='word_1_243' title='bbox 333 2769 436 2827; x_wconf 88' lang='lat' dir='ltr'>causa,</span> <span class='ocrx_word' id='word_1_244' title='bbox 461 2750 624 2821; x_wconf 87' lang='lat' dir='ltr'>contendit;</span> <span class='ocrx_word' id='word_1_245' title='bbox 655 2771 711 2831; x_wconf 91' lang='lat' dir='ltr'>qua</span> <span class='ocrx_word' id='word_1_246' title='bbox 732 2754 768 2814; x_wconf 90' lang='lat' dir='ltr'>de</span> <span class='ocrx_word' id='word_1_247' title='bbox 790 2772 822 2814; x_wconf 93' lang='lat' dir='ltr'>re</span> <span class='ocrx_word' id='word_1_248' title='bbox 842 2753 927 2813; x_wconf 87' lang='lat' dir='ltr'>latius</span> <span class='ocrx_word' id='word_1_249' title='bbox 943 2750 1072 2810; x_wconf 81' lang='lat' dir='ltr'>intortio</span> <span class='ocrx_word' id='word_1_250' title='bbox 1090 2748 1165 2808; x_wconf 89' lang='lat' dir='ltr'>libro</span> <span class='ocrx_word' id='word_1_251' title='bbox 1182 2748 1223 2806; x_wconf 92' lang='lat' dir='ltr'>di·</span> 
     </span>
    </p>

    <p class='ocr_par' dir='ltr' id='par_1_8' title="bbox 184 2832 1225 3165">
     <span class='ocr_line' id='line_1_32' title="bbox 184 2832 1224 2916; baseline -0.01 -16"><span class='ocrx_word' id='word_1_252' title='bbox 184 2844 303 2900; x_wconf 75' lang='lat' dir='ltr'>doctum</span> <span class='ocrx_word' id='word_1_253' title='bbox 325 2843 379 2895; x_wconf 91' lang='lat' dir='ltr'>est.</span> <span class='ocrx_word' id='word_1_254' title='bbox 416 2833 565 2894; x_wconf 86' lang='lat' dir='ltr'>Finitionis</span> <span class='ocrx_word' id='word_1_255' title='bbox 587 2853 703 2914; x_wconf 90' lang='lat' dir='ltr'>quoque</span> <span class='ocrx_word' id='word_1_256' title='bbox 728 2838 913 2916; x_wconf 88' lang='lat' dir='ltr'>quaestiones</span> <span class='ocrx_word' id='word_1_257' title='bbox 934 2852 972 2894; x_wconf 84' lang='lat' dir='ltr'>ex</span> <span class='ocrx_word' id='word_1_258' title='bbox 994 2833 1089 2892; x_wconf 91' lang='lat' dir='ltr'>causis</span> <span class='ocrx_word' id='word_1_259' title='bbox 1112 2832 1224 2891; x_wconf 87' lang='lat' dir='ltr'>iuterim</span> 
     </span>
     <span class='ocr_line' id='line_1_33' title="bbox 225 2916 1224 3001; baseline -0.003 -22"><span class='ocrx_word' id='word_1_260' title='bbox 225 2918 367 2998; x_wconf 89' lang='lat' dir='ltr'>pendent,</span> <span class='ocrx_word' id='word_1_261' title='bbox 392 2916 439 2979; x_wconf 82' lang='lat' dir='ltr'>An</span> <span class='ocrx_word' id='word_1_262' title='bbox 454 2920 668 2998; x_wconf 73' lang='lat' dir='ltr'>tyrannicida,</span> <span class='ocrx_word' id='word_1_263' title='bbox 684 2923 738 2999; x_wconf 82' lang='lat' dir='ltr'>qni</span> <span class='ocrx_word' id='word_1_264' title='bbox 750 2929 927 3001; x_wconf 75' lang='lat' dir='ltr'>tyrannum,</span> <span class='ocrx_word' id='word_1_265' title='bbox 943 2937 965 2978; x_wconf 87' lang='lat' dir='ltr'>c</span> <span class='ocrx_word' id='word_1_266' title='bbox 981 2931 1040 2994; x_wconf 83' lang='lat' dir='ltr'>quo</span> <span class='ocrx_word' id='word_1_267' title='bbox 1055 2917 1224 2995; x_wconf 84' lang='lat' dir='ltr'>depreben-</span> 
     </span>
     <span class='ocr_line' id='line_1_34' title="bbox 224 2999 1225 3081; baseline -0.004 -17"><span class='ocrx_word' id='word_1_268' title='bbox 224 3021 280 3064; x_wconf 80' lang='lat' dir='ltr'>sus</span> <span class='ocrx_word' id='word_1_269' title='bbox 293 3006 325 3064; x_wconf 85' lang='lat' dir='ltr'>in</span> <span class='ocrx_word' id='word_1_270' title='bbox 341 3003 494 3064; x_wconf 80' lang='lat' dir='ltr'>adulterio</span> <span class='ocrx_word' id='word_1_271' title='bbox 510 3003 632 3081; x_wconf 80' lang='lat' dir='ltr'>fuerat,</span> <span class='ocrx_word' id='word_1_272' title='bbox 657 3005 791 3066; x_wconf 77' lang='lat' dir='ltr'>occidit?</span> <span class='ocrx_word' id='word_1_273' title='bbox 826 2999 876 3062; x_wconf 77' lang='lat' dir='ltr'>Ast</span> <span class='ocrx_word' id='word_1_274' title='bbox 895 3001 1082 3077; x_wconf 73' lang='lat' dir='ltr'>aconitaque,</span> <span class='ocrx_word' id='word_1_275' title='bbox 1100 3001 1170 3078; x_wconf 79' lang='lat' dir='ltr'>qui,</span> <span class='ocrx_word' id='word_1_276' title='bbox 1192 3008 1225 3061; x_wconf 83' lang='lat' dir='ltr'>ct</span> 
     </span>
     <span class='ocr_line' id='line_1_35' title="bbox 225 3083 1223 3165; baseline -0.006 -17"><span class='ocrx_word' id='word_1_277' title='bbox 225 3087 325 3148; x_wconf 77' lang='lat' dir='ltr'>bootes</span> <span class='ocrx_word' id='word_1_278' title='bbox 340 3088 417 3149; x_wconf 81' lang='lat' dir='ltr'>urbe</span> <span class='ocrx_word' id='word_1_279' title='bbox 430 3087 606 3165; x_wconf 77' lang='lat' dir='ltr'>expelleret,</span> <span class='ocrx_word' id='word_1_280' title='bbox 623 3104 714 3147; x_wconf 83' lang='lat' dir='ltr'>ormo</span> <span class='ocrx_word' id='word_1_281' title='bbox 731 3086 838 3165; x_wconf 84' lang='lat' dir='ltr'>templo</span> <span class='ocrx_word' id='word_1_282' title='bbox 853 3083 952 3163; x_wconf 67' lang='lat' dir='ltr'>office</span> <span class='ocrx_word' id='word_1_283' title='bbox 973 3085 1129 3145; x_wconf 78' lang='lat' dir='ltr'>detraxit?</span> <span class='ocrx_word' id='word_1_284' title='bbox 1165 3083 1223 3142; x_wconf 92' lang='lat' dir='ltr'>Du-</span> 
     </span>
    </p>

    <p class='ocr_par' dir='ltr' id='par_1_9' title="bbox 183 3167 1224 3503">
     <span class='ocr_line' id='line_1_36' title="bbox 183 3167 1224 3247; baseline -0.006 -15"><span class='ocrx_word' id='word_1_285' title='bbox 183 3176 218 3234; x_wconf 82' lang='lat' dir='ltr'>st</span> <span class='ocrx_word' id='word_1_286' title='bbox 227 3179 328 3230; x_wconf 88' lang='lat' dir='ltr'>cuntur</span> <span class='ocrx_word' id='word_1_287' title='bbox 348 3179 515 3247; x_wconf 77' lang='lat' dir='ltr'>argumenta</span> <span class='ocrx_word' id='word_1_288' title='bbox 542 3179 572 3229; x_wconf 86' lang='lat' dir='ltr'>et</span> <span class='ocrx_word' id='word_1_289' title='bbox 597 3188 635 3230; x_wconf 81' lang='lat' dir='ltr'>ex</span> <span class='ocrx_word' id='word_1_290' title='bbox 659 3169 755 3230; x_wconf 93' lang='lat' dir='ltr'>loco.</span> <span class='ocrx_word' id='word_1_291' title='bbox 802 3169 958 3246; x_wconf 87' lang='lat' dir='ltr'>Spectatur</span> <span class='ocrx_word' id='word_1_292' title='bbox 986 3169 1061 3228; x_wconf 91' lang='lat' dir='ltr'>enim</span> <span class='ocrx_word' id='word_1_293' title='bbox 1080 3168 1116 3228; x_wconf 87' lang='lat' dir='ltr'>ad</span> <span class='ocrx_word' id='word_1_294' title='bbox 1140 3167 1224 3226; x_wconf 87' lang='lat' dir='ltr'>fidem</span> 
     </span>
     <span class='ocr_line' id='line_1_37' title="bbox 226 3252 1222 3332; baseline -0.002 -20"><span class='ocrx_word' id='word_1_295' title='bbox 226 3252 416 3331; x_wconf 89' lang='lat' dir='ltr'>probationis,</span> <span class='ocrx_word' id='word_1_296' title='bbox 432 3263 582 3315; x_wconf 90' lang='lat' dir='ltr'>montanus</span> <span class='ocrx_word' id='word_1_297' title='bbox 593 3272 629 3315; x_wconf 88' lang='lat' dir='ltr'>an</span> <span class='ocrx_word' id='word_1_298' title='bbox 640 3254 752 3332; x_wconf 88' lang='lat' dir='ltr'>planus,</span> <span class='ocrx_word' id='word_1_299' title='bbox 766 3254 922 3314; x_wconf 91' lang='lat' dir='ltr'>maritimus</span> <span class='ocrx_word' id='word_1_300' title='bbox 936 3271 971 3312; x_wconf 88' lang='lat' dir='ltr'>an</span> <span class='ocrx_word' id='word_1_301' title='bbox 985 3252 1222 3327; x_wconf 86' lang='lat' dir='ltr'>mediterraneus,</span> 
     </span>
     <span class='ocr_line' id='line_1_38' title="bbox 227 3336 1224 3416; baseline -0.002 -21"><span class='ocrx_word' id='word_1_302' title='bbox 227 3337 355 3396; x_wconf 91' lang='lat' dir='ltr'>consitus</span> <span class='ocrx_word' id='word_1_303' title='bbox 376 3356 412 3398; x_wconf 87' lang='lat' dir='ltr'>an</span> <span class='ocrx_word' id='word_1_304' title='bbox 432 3338 572 3415; x_wconf 88' lang='lat' dir='ltr'>incultus,</span> <span class='ocrx_word' id='word_1_305' title='bbox 594 3338 733 3416; x_wconf 79' lang='lat' dir='ltr'>frequens</span> <span class='ocrx_word' id='word_1_306' title='bbox 755 3354 790 3396; x_wconf 91' lang='lat' dir='ltr'>an</span> <span class='ocrx_word' id='word_1_307' title='bbox 812 3336 964 3416; x_wconf 89' lang='lat' dir='ltr'>desertus,</span> <span class='ocrx_word' id='word_1_308' title='bbox 989 3339 1169 3416; x_wconf 90' lang='lat' dir='ltr'>propinquus</span> <span class='ocrx_word' id='word_1_309' title='bbox 1189 3352 1224 3394; x_wconf 88' lang='lat' dir='ltr'>au</span> 
     </span>
     <span class='ocr_line' id='line_1_39' title="bbox 225 3417 1224 3503; baseline -0.004 -24"><span class='ocrx_word' id='word_1_310' title='bbox 225 3429 369 3500; x_wconf 83' lang='lat' dir='ltr'>remotus,</span> <span class='ocrx_word' id='word_1_311' title='bbox 392 3431 572 3501; x_wconf 91' lang='lat' dir='ltr'>opportunus</span> <span class='ocrx_word' id='word_1_312' title='bbox 588 3421 715 3482; x_wconf 80' lang='lat' dir='ltr'>consitiis</span> <span class='ocrx_word' id='word_1_313' title='bbox 732 3438 767 3481; x_wconf 88' lang='lat' dir='ltr'>an</span> <span class='ocrx_word' id='word_1_314' title='bbox 782 3421 933 3494; x_wconf 79' lang='lat' dir='ltr'>adversus3</span> <span class='ocrx_word' id='word_1_315' title='bbox 956 3440 1040 3503; x_wconf 92' lang='lat' dir='ltr'>quam</span> <span class='ocrx_word' id='word_1_316' title='bbox 1058 3432 1168 3502; x_wconf 89' lang='lat' dir='ltr'>partem</span> <span class='ocrx_word' id='word_1_317' title='bbox 1183 3417 1224 3476; x_wconf 93' lang='lat' dir='ltr'>vi·</span> 
     </span>
    </p>
   </div>
   <div class='ocr_carea' id='block_1_4' title="bbox 0 0 1288 4026">
    <p class='ocr_par' dir='ltr' id='par_1_10' title="bbox 0 0 1288 4026">
     <span class='ocr_line' id='line_1_40' title="bbox 0 0 1288 4026; baseline 0 2"><span class='ocrx_word' id='word_1_318' title='bbox 0 0 1288 4026; x_wconf 95' lang='lat' dir='ltr'> </span> 
     </span>
    </p>
   </div>
  </div>
 </body>
</html>
