2566 4026
365 155 454 203 lusu.
478 155 627 203 onnuon.
650 157 719 202 usn.
733 156 792 222 vn,
810 154 836 206 1.
1085 146 1104 204 5

98 314 248 374 voluntati
261 319 332 372 tuoe
346 329 406 372 oon
417 311 580 390 paruerim
594 319 627 372 ot
637 312 669 371 io
684 311 752 372 olio
766 314 867 373 omnio
877 312 1033 375 subiectos
1047 316 1104 376 sit.-

99 417 159 459 ooo
170 402 300 475 propter
320 397 488 474 optionem·
512 402 545 454 ot
561 403 691 473 propter
710 397 876 473 optionem:
904 417 964 460 ooo
977 406 1105 476 propter

99 483 192 542 talem
221 481 381 559 optionem.
432 478 513 538 Haec
539 478 607 537 iuris
635 480 834 557 quaestionum
860 481 1021 541 differentia
1048 490 1102 541 est.

100 564 132 624 ln
147 565 232 625 lactis
251 572 345 623 autem
367 562 402 622 ad
418 563 493 622 idem
515 561 661 621 tendentia
678 571 743 621 sunt
758 563 859 640 plura,
883 565 1038 643 exquibus
1055 565 1147 629 ali-na

101 667 158 727 qua
175 649 246 708 citra
262 664 397 706 summam
414 646 612 724 quaestionem
627 647 732 706 remitti
748 647 859 717 solent;
881 658 929 724 ut,
948 649 1024 724 siis,
1041 667 1106 708 oum

101 749 158 811 quo
173 732 241 792 furti
254 733 357 808 agitur,
374 730 465 789 dicat:
482 728 584 790 Probo
595 739 624 790 te
635 730 789 807 babuisse,
802 733 903 810 probo
916 732 1105 811 perdidisse,

100 817 200 895 probo
217 817 300 895 forto
315 815 508 894 perdidisse,
527 814 718 893 probamen
739 815 865 893 froude.
908 815 1008 876 Priora
1031 818 1106 875 enim

102 901 208 960 remitti
224 907 359 977 possunt;
380 897 507 957 ultimum
520 913 578 955 non
594 905 702 975 potest.

186 983 324 1042 Solebam
340 990 369 1040 et
383 980 440 1040 boo
454 982 554 1041 iacere
570 983 744 1059 praecipue,
761 992 792 1042 ut
806 982 856 1043 vel
871 983 907 1044 ab
924 983 1022 1043 ultima
1037 987 1147 1061 spe-23

103 1067 148 1126 cie
178 1067 257 1144 (nam
284 1084 318 1125 ea
345 1066 408 1124 iere
436 1074 496 1139 est,
524 1082 598 1143 quae
629 1066 757 1125 continet
783 1068 918 1146 oausam)
945 1075 1105 1126 retrorsum

102 1168 273 1228 quaererem
292 1167 385 1227 usque
402 1149 436 1208 ad
453 1150 570 1227 primam
591 1149 759 1224 generalem
775 1152 991 1228 quaestionem,
1018 1149 1067 1209 vel
1089 1168 1105 1210 a

100 1251 211 1310 genere
239 1234 275 1293 ad
306 1242 462 1292 extremam
488 1233 617 1309 speciem
640 1233 866 1310 descenderem,
888 1236 973 1294 etiam
994 1236 1023 1294 in
1039 1251 1103 1293 sua-

102 1318 197 1375 soriis.
241 1317 279 1376 Ut
295 1316 436 1376 deliberat
451 1314 559 1390 Numa,
579 1335 621 1376 oo
636 1335 763 1394 reputem
778 1317 973 1400 offerentibus
992 1317 1097 1378 Romo·
1112 1320 1146 1375 24

100 1401 149 1461 rtis
172 1402 313 1479 recipici.
358 1399 480 1459 Primum
501 1399 530 1458 id
552 1408 597 1458 εει
620 1417 729 1476 genus,
755 1396 804 1461 An
824 1401 1041 1480 repetundum?
1063 1419 1105 1462 ars

99 1484 133 1544 io
152 1485 276 1546 civitate
293 1485 417 1545 alieno?
439 1502 481 1544 on
498 1482 633 1544 Romae?
654 1502 696 1544 on
716 1485 812 1545 loturi
827 1487 889 1546 sint
904 1485 1036 1546 Romam
1057 1497 1104 1545 to-

100 1569 159 1628 lem
175 1570 303 1646 repom?
336 1566 474 1627 Similiter
489 1568 517 1624 in
534 1568 750 1626 controversiis.
797 1565 884 1647 Optet
900 1570 974 1628 euim
986 1568 1104 1629 virlor·

100 1653 137 1711 tis
154 1651 277 1712 alienam
291 1668 422 1710 uxorem.
465 1649 570 1710 Ultima
594 1653 710 1730 species
729 1661 788 1727 εει,
813 1649 862 1714 An
881 1660 990 1731 optare
1006 1655 1106 1731 possit

101 1737 236 1798 dlieoom
246 1738 397 1797 osorem?
433 1733 576 1795 Generale
591 1743 654 1811 est,
674 1734 722 1795 Ao
738 1737 889 1814 quidquid
903 1738 1033 1815 optarit,
1049 1755 1104 1797 ac-

102 1821 205 1899 cipere
238 1820 368 1880 debeat?
409 1817 495 1894 lnde,
524 1816 571 1880 Ao
595 1837 635 1880 eo
657 1822 804 1898 privato?
825 1839 867 1882 on
887 1821 1034 1899 nuptias?
1062 1838 1104 1880 oo

100 1905 245 1965 moritum
259 1904 420 1965 babeatis?
443 1903 501 1962 Sed
514 1901 571 1962 hoc
585 1919 659 1977 non,
678 1904 914 1981 quemadmodum
932 1904 1050 1979 dicitur,
1066 1907 1146 1967 ita25

101 1995 130 2046 ει
147 1989 302 2065 quaeritur.
340 1986 462 2046 Primum
485 1988 559 2045 euim
577 1989 703 2045 occurrit
722 1988 802 2064 lere,
825 1988 902 2066 quod
918 1996 963 2047 est
977 1988 1105 2047 ultimum

101 2071 264 2146 dicendum,
279 2079 310 2129 ut
323 2071 391 2145 boc,
407 2067 475 2130 Non
491 2071 584 2132 debes
599 2070 731 2131 alienum
744 2079 997 2151 odoremoptore.
1019 2071 1103 2131 Ideo·

101 2172 158 2231 que
175 2154 346 2214 divisionem
361 2153 456 2231 perdit
471 2153 628 2213 festinatio.
661 2151 727 2211 Non
742 2163 860 2233 oportet
877 2156 963 2232 igitur
980 2155 1104 2214 offeren-

100 2237 176 2297 tibus
199 2256 232 2296 se
255 2245 419 2296 contentum
446 2255 528 2305 esse;
558 2244 714 2315 quaeratur
735 2237 843 2315 aliquid
861 2240 947 2298 etiam
968 2237 1060 2313 ultra,
1078 2239 1106 2297 si

99 2341 137 2382 oe
152 2322 279 2383 oidoom
300 2322 445 2398 quidem?
469 2320 563 2379 adhue
576 2319 659 2396 plus,
677 2322 705 2380 si
724 2321 800 2381 nibil
814 2339 855 2381 ecc
868 2322 1014 2400 priooto?
1039 2321 1104 2378 ulti·

99 2422 175 2463 mum
184 2413 360 2479 retrorsum,
380 2403 457 2482 quod
472 2403 547 2462 idem
562 2420 578 2461 a
595 2403 689 2479 capite
705 2405 825 2480 primum
841 2412 903 2479 εει,
920 2403 1035 2464 simileid
1047 2405 1104 2463 tot-

101 2490 216 2566 qoom?
259 2487 360 2565 ltaque
372 2488 575 2565 propositione
592 2487 671 2561 visa,
695 2487 773 2564 quod
790 2496 836 2546 εει
851 2486 1032 2561 facillimum,
1057 2499 1146 2552 co-26

99 2572 241 2648 gitemus,
258 2573 283 2629 si
294 2572 357 2630 lieri
373 2580 486 2648 potest,
504 2570 571 2648 quid
587 2569 717 2629 naturale
733 2573 770 2630 sit
784 2571 906 2648 primum
921 2569 1103 2647 responderi.

99 2654 132 2714 ld
148 2657 190 2730 si,
213 2664 347 2733 tanquam
367 2672 415 2712 res
435 2663 537 2730 agatur
553 2662 582 2713 et
596 2653 679 2712 uobis
699 2655 770 2733 ipsis
789 2654 986 2733 respondendi
1001 2670 1103 2713 neces·

100 2739 170 2798 sitas
193 2740 245 2814 sit,
268 2738 372 2797 intueri
394 2737 544 2812 volumus,
572 2740 709 2797 occurrit.
750 2738 781 2797 Si
803 2738 831 2798 id
858 2755 916 2797 non
939 2738 1146 2814 contigerint?

100 2839 274 2900 seponamus
295 2822 341 2897 id,
369 2821 446 2899 quod
467 2822 586 2898 primum
607 2839 640 2879 εε
657 2821 811 2898 obtulerit,
834 2830 864 2881 et
879 2823 934 2901 ipsi
955 2820 1104 2880 uobiscum

100 2906 143 2964 sic
159 2905 323 2984 loquamur:
344 2904 419 2978 Quid
435 2906 460 2963 si
477 2904 535 2964 boc
549 2921 607 2963 non
618 2902 720 2965 esset?
740 2906 769 2967 id
785 2907 887 2965 iterum
904 2915 933 2965 et
949 2907 1063 2965 tertium
1076 2913 1105 2963 et

100 2989 165 3049 dum
181 2989 251 3049 nihil
274 2992 311 3048 sit
332 2989 446 3067 reliqui.
490 2987 592 3067 ltaque
610 2990 748 3049 inferiora
769 3006 887 3068 quoque
902 2988 1103 3064 scrutabimur,

100 3090 174 3151 quae
197 3081 319 3133 tractata
339 3072 501 3132 faciliorem
517 3073 601 3132 uobis
616 3074 740 3133 iudicem
761 3074 789 3132 iu
806 3090 915 3133 summa
933 3074 1104 3152 quaestione

99 3156 216 3216 facient.
261 3155 327 3214 Non
350 3156 489 3216 dissimile
513 3157 580 3216 buic
603 3166 648 3216 est
669 3166 699 3216 et
720 3157 790 3217 illud
812 3167 1017 3236 praeceptum,
1040 3166 1071 3217 ut
1088 3167 1147 3222 ati

100 3239 296 3300 communibus
312 3241 348 3300 ad
363 3241 481 3318 propria
495 3241 652 3299 veniamus.
690 3239 767 3300 Fere
784 3241 859 3300 enim
876 3243 1034 3301 communia
1052 3259 1103 3317 ge-

99 3323 209 3383 neralia
233 3331 307 3382 sunt.
343 3320 515 3399 Commune,
541 3323 716 3404 Tproooom
735 3324 866 3397 oceidit·
890 3327 1038 3404 proprium
1062 3334 1104 3384 ta·

97 3424 179 3483 men,
199 3406 375 3486 Tyrannum
390 3409 521 3476 oceidit·
536 3409 647 3470 mulier
659 3408 789 3487 oceidit,
805 3429 885 3472 ocor
898 3411 1022 3473 occidit.
