2566 4026
158 113 199 173 72
481 121 844 183 u.unu.ouunu1u1uu1

115 290 150 345 15
159 277 245 341 unt?
277 280 359 340 Sicut
376 278 413 339 de
429 297 462 339 re
485 278 611 355 militari,
632 297 795 359 quanquam
812 289 878 340 sunt
899 282 1002 341 tradita
1021 284 1162 360 quaedam

157 373 318 446 praecepte
336 365 506 437 communia,
523 364 615 439 magis
631 373 727 423 tamen
738 363 869 442 proderit
884 365 972 442 scire,
990 366 1161 445 quaducum

158 449 282 529 quisque
308 447 438 524 ratione,
461 449 489 507 in
515 447 593 527 quali
614 466 665 523 re,
688 457 839 527 tempore,
861 449 930 508 loco
954 452 992 509 sit
1015 452 1164 529 sapienter

157 552 226 593 usus
243 542 291 593 aut
308 540 418 592 contra.
458 530 530 592 Nam
546 533 574 591 in
591 532 722 592 omnibus
738 533 801 593 fere
817 534 909 593 minus
925 534 1023 594 valent
1040 552 1161 613 praece·

117 625 150 680 16
157 626 207 697 pta
226 635 311 696 quam
328 617 537 694 experimenta.
569 616 615 676 An
631 633 702 676 vero
720 617 893 677 declamabit
909 619 1024 697 quidem
1039 637 1161 696 praece·

158 711 241 780 ptor,
263 710 294 761 ut
312 701 349 760 sit
371 700 507 778 exemplo
532 701 592 759 suis
616 701 811 770 auditoribus;
832 719 889 761 nou
905 702 970 780 plus
988 703 1162 764 contulerint

157 785 227 846 lecti
244 783 350 845 Cicero
376 794 423 844 aut
438 781 674 844 Demosthenes?
712 784 885 863 Corrigetur
907 787 1018 865 palam,
1043 789 1069 846 si
1093 787 1163 868 quid

157 871 187 930 io
201 869 392 931 declamando
406 868 565 946 discipulus
582 871 738 939 erraverim
757 886 814 929 nou
830 873 977 948 potentius
994 873 1049 932 erit
1064 890 1161 932 emmu-

158 954 229 1014 dare
250 955 428 1029 orationem,
450 955 518 1033 quin
542 954 626 1012 immo
650 954 735 1013 etiam
759 952 931 1014 iucundius?
965 955 1070 1016 Aliena
1087 958 1163 1016 enirn

116 1038 227 1099 llvitia
254 1038 429 1117 reprehendi
455 1039 578 1117 quisque
602 1038 710 1097 mavult
734 1057 819 1117 quam
845 1057 907 1099 sua.
955 1039 1017 1099 Nec
1041 1040 1162 1100 deerant

158 1123 256 1202 plura,
277 1141 352 1202 quae
369 1123 512 1190 dicerem;
530 1122 583 1181 sed
598 1123 740 1181 neminem
757 1123 955 1185 haecutilitas
972 1125 1055 1201 fugit,
1074 1134 1160 1203 atque

157 1209 265 1266 utinam
282 1216 338 1266 tam
354 1224 412 1266 non
428 1209 527 1285 pigeat
541 1207 642 1266 iacere
660 1206 735 1265 istud
753 1225 839 1286 quam
856 1226 913 1267 nou
928 1207 1103 1286 displicebit.

115 1293 152 1349 18
244 1290 375 1364 Quodsi
398 1293 526 1369 potuerit
553 1290 694 1366 obtineri,
721 1308 778 1350 uon
798 1292 838 1350 ita
864 1291 991 1352 dillicilis
1017 1293 1163 1370 supererit

158 1377 309 1456 quaestio,
335 1378 383 1455 qui
406 1375 523 1452 legendi
541 1376 597 1433 sint
618 1374 832 1453 incipientibus.
862 1375 936 1434 Nam
957 1376 1072 1454 quidam
1093 1376 1163 1436 illos

157 1462 302 1533 minores,
329 1463 396 1538 quia
421 1459 537 1518 facilior
557 1459 725 1518 intellectus
750 1459 919 1535 videbatur,
949 1460 1162 1538 probaverunt;

158 1543 206 1604 alii
222 1542 352 1602 floridius
370 1559 479 1619 genus,
503 1551 534 1602 ut
554 1543 590 1602 ad
612 1542 715 1602 alenda
731 1545 887 1620 primarum
905 1553 1031 1604 aetatum
1046 1546 1163 1621 ingenia

116 1627 250 1704 ltmagis
273 1627 531 1687 accommodatum.
571 1626 637 1705 Ego
662 1628 787 1705 optimos
819 1629 935 1706 quidem
959 1637 989 1687 et
1010 1630 1106 1688 statim
1134 1638 1165 1687 et

158 1729 276 1789 semper
291 1711 344 1770 sed
359 1720 456 1771 tamen
471 1729 572 1771 eorum
585 1710 816 1772 candidissimum
833 1731 977 1792 quemque
993 1720 1022 1770 et
1039 1713 1165 1771 maxime

159 1797 324 1874 expositum
339 1795 444 1872 velim,
463 1805 493 1855 ut
504 1795 613 1856 Livium
628 1797 753 1874 apueris
770 1798 863 1873 magis
879 1815 964 1876 quam
976 1795 1159 1862 Sallustium

159 1879 251 1940 ethic
267 1879 407 1939 historiae
423 1881 515 1941 maior
532 1890 577 1941 est
592 1890 712 1956 auctor,
732 1881 767 1941 ad
784 1899 870 1960 quem
886 1890 982 1941 temen
996 1879 1162 1956 intelligen-

114 1965 151 2019 20
159 1963 224 2025 dum
240 1965 295 2024 iam
311 1965 447 2042 proiectu
464 1983 537 2043 opus
554 1966 600 2024 sit.
633 1963 756 2040 Cicero,
774 1974 805 2024 ut
819 1965 888 2025 mihi
904 1965 1020 2045 quidem
1036 1964 1162 2039 videtur,

159 2058 189 2109 et
209 2048 350 2108 iucundus
375 2048 580 2127 incipientibus
602 2066 720 2128 quoque
743 2059 772 2109 et
794 2058 912 2129 apertus
935 2058 980 2110 est
996 2049 1082 2123 satis,
1107 2065 1163 2106 nec

158 2133 302 2211 prodesse
318 2141 426 2194 tantum
437 2133 490 2193 sed
509 2135 594 2193 etiam
606 2135 694 2195 amari
709 2143 818 2213 potest,
835 2144 894 2193 tum
907 2132 1162 2213 (quemadmodum

158 2215 254 2275 Livius
270 2219 429 2297 praecipit)
449 2220 619 2297 utquisque
637 2219 693 2278 erit
709 2217 846 2279 Ciceroni
863 2217 1033 2278 simillimus.

114 2303 149 2355 21
241 2299 307 2359 Duo
323 2310 418 2362 autem
433 2320 543 2379 genera
559 2294 682 2363 maxime
700 2304 828 2364 cavenda
844 2304 942 2381 pueris
960 2310 1044 2381 puto:
1065 2318 1164 2376 unum,

157 2403 196 2444 ne
213 2386 278 2463 quis
295 2402 347 2444 eos
365 2388 541 2465 antiquitatis
557 2389 659 2447 nimius
678 2389 834 2449 admirator
850 2390 879 2447 in
895 2386 1102 2448 Gracchorum·
1109 2383 1163 2444 Ca-

158 2470 294 2548 tonisque
311 2479 339 2529 et
363 2471 483 2531 aliorum
501 2473 635 2532 similium
658 2473 787 2534 lectione
805 2475 964 2535 durescere
981 2471 1067 2551 velit;
1094 2469 1165 2528 lient

145 2553 361 2637 ffll'hhsslfffdi
378 2565 465 2639 atque
487 2558 590 2626 ieiuni;
615 2542 1162 2636 nanrnequeuliii'e'orurh'adhuc‘in-

157 2637 278 2697 tellectu
304 2631 573 2718 ch'u‘isequeh'tii'f'et
597 2641 783 2716 elocutione,
808 2657 883 2720 quae
906 2648 965 2697 tum
987 2637 1050 2694 siue
1073 2632 1162 2693 dubio

158 2730 221 2781 erat
237 2723 344 2800 optima
360 2723 413 2782 sed
429 2726 536 2784 nostris
548 2726 727 2804 temporibus
744 2726 838 2786 aliena
854 2731 909 2796 est,
927 2719 1065 2792 contenti,
1084 2716 1162 2795 quod

113 2814 149 2866 22
157 2813 202 2864 est
217 2807 384 2884 pessimum,
402 2807 511 2868 similes
524 2809 579 2867 sibi
594 2812 704 2886 magnis
722 2810 791 2869 viris
807 2804 988 2866 videbuntur.
1016 2802 1161 2878 Alterum,

157 2889 235 2967 quod
252 2889 319 2949 huic
336 2890 481 2951 diversum
499 2901 560 2968 est,
577 2913 613 2953 ne
629 2895 757 2953 recentis
774 2891 856 2951 huius
873 2889 1013 2949 lasciviae
1030 2886 1162 2946 ilosculis

158 2973 235 3049 capti
252 2973 403 3052 voluptate
421 2995 511 3054 prava
535 2977 732 3052 deleuiantur,
755 2984 786 3034 ut
802 2973 963 3053 praedulce
979 2971 1051 3032 illud
1068 2988 1162 3048 genus

157 3064 187 3113 et
202 3056 362 3133 puerilibus
378 3060 501 3137 ingeniis
519 3061 576 3120 hoc
591 3062 712 3138 gratius,
732 3076 789 3139 quo
806 3059 926 3138 propius
944 3065 999 3133 est,
1017 3057 1175 3116 adamant:

113 3135 258 3200 23Firmis
283 3149 378 3201 autem
400 3144 513 3204 iudiciis
538 3145 652 3223 iamque
678 3153 761 3205 extra
786 3143 948 3223 periculum
969 3142 1072 3221 positis
1095 3157 1161 3198 sua·

157 3223 243 3282 serim
266 3233 296 3283 et
312 3227 446 3306 antiquos
470 3229 590 3306 legere,
615 3247 653 3288 ex
670 3228 774 3308 quibus
796 3230 821 3287 si
839 3235 1001 3288 assumetur
1017 3224 1110 3284 solida
1127 3240 1163 3282 ac

155 3307 246 3367 virilis
263 3309 370 3388 ingenii
385 3312 440 3388 vis,
461 3313 578 3373 deterso
596 3313 675 3372 rudis
691 3313 802 3372 saeculi
819 3312 968 3392 squalore,
986 3319 1045 3369 tum
1060 3315 1163 3367 noster

157 3391 204 3452 hic
221 3393 314 3453 cultus
332 3394 438 3455 clarius
456 3398 614 3466 enitescet;
635 3406 666 3457 et
680 3414 790 3474 novos,
813 3397 917 3476 quibus
941 3403 970 3455 et
985 3395 1056 3472 ipsis
1072 3390 1161 3451 multa
