2566 4026
378 198 851 266 msu.oonuon.n1o.xu,10.
1062 186 1123 250 263

116 359 195 421 aliud
209 360 238 418 in
252 357 309 418 alio
326 358 417 434 magis
436 358 558 431 eminet,
576 354 629 415 sed
647 354 724 434 quod
739 371 798 414 non
810 372 866 415 una
883 354 1014 415 omnibus
1031 355 1124 417 forma

115 444 243 523 placuit,
268 443 372 520 partim
388 440 560 500 condicione
576 438 625 499 vel
641 448 802 518 temporum
820 439 869 498 vel
885 437 1033 516 locorum,
1057 458 1123 518 par·

114 530 166 588 tim
186 527 293 587 iudicio
317 527 457 604 cuiusque
483 532 570 604 atque
589 525 753 602 proposito.
786 523 888 599 Primi,
914 540 1036 602 quorum
1060 525 1149 602 qui-3

114 613 182 673 dem
203 627 295 689 opera
317 627 375 669 non
397 609 551 669 vetustatis
575 609 662 670 modo
684 609 778 686 gratia
797 608 918 669 visenda
941 616 1022 684 sunt,
1053 607 1124 668 clari

113 701 289 776 pictores
305 694 396 754 luisse
409 692 541 753 dicuntur
555 691 736 769 Polygnotus
747 701 835 770 atque
846 690 1035 771 Aglaophon,
1052 709 1124 771 quo·

113 799 177 840 rum
198 779 324 858 simplex
346 777 429 837 color
450 786 508 838 tam
530 777 574 835 sni
599 776 747 837 studiosos
769 775 863 836 adhuc
883 775 988 853 habet,
1022 785 1053 836 ut
1074 776 1125 837 illa

113 881 210 944 prope
232 863 313 923 rudia
334 880 368 922 ac
389 860 470 921 velut
490 861 604 920 futurae
625 878 694 921 mox
711 861 780 921 artis
803 861 960 939 primordia
980 863 1123 937 maximis,

114 948 164 1027 qui
181 957 248 1027 post
266 963 319 1006 eos
336 947 508 1021 extiterunt,
525 944 692 1012 auctoribus
710 944 894 1023 praeierant,
913 947 1034 1024 proprio
1052 962 1123 1024 quo·

113 1033 179 1093 dam
201 1031 400 1109 intelligendi,
427 1038 458 1088 ut
477 1047 542 1089 mea
564 1031 662 1108 opinio
679 1029 751 1105 fert,
777 1027 895 1090 ambitu.
926 1029 996 1089 Post
1014 1029 1151 1094 Zeuxisa

114 1126 203 1194 atque
223 1116 394 1176 Parrhasius
414 1130 472 1173 non
490 1111 609 1173 multum
634 1121 731 1174 aetate
753 1113 908 1190 distantes,
936 1116 1015 1174 circa
1038 1113 1123 1175 Pelo·

113 1200 257 1279 pennesia
278 1198 362 1259 ambo
383 1207 516 1276 tempora
541 1197 620 1275 (nam
644 1197 881 1268 cnmParrhasio
903 1215 999 1258 sermo
1018 1199 1124 1259 Socra·

113 1287 151 1345 tis
168 1283 243 1363 apud
260 1282 486 1361 Xenophontem
507 1283 666 1361 invenitur)
691 1281 843 1360 plurimum
866 1284 920 1343 arti
941 1282 1122 1343 addiderunt.

115 1367 245 1442 Quorum
260 1370 341 1446 prior
356 1367 490 1427 luminum
508 1365 730 1444 umbrarumque
747 1367 894 1426 invenisse
910 1367 1062 1442 rationem,
1078 1385 1124 1426 se-

115 1453 225 1513 cundus
253 1453 435 1512 examinasse
460 1449 593 1510 subtilius
621 1448 714 1511 lineas
743 1450 874 1510 traditur.
919 1449 991 1510 Nam
1016 1451 1152 1512 Zeuxis5

114 1536 182 1615 plus
198 1536 333 1596 memhris
350 1536 484 1615 eorporis
501 1534 597 1611 dedit,
625 1534 654 1595 id
669 1535 792 1614 amplius
810 1544 896 1614 atque
914 1536 1064 1614 augustius
1078 1553 1124 1595 ra·

114 1630 161 1680 tus
179 1629 283 1698 atque,
302 1629 332 1679 ut
348 1621 527 1695 existimant,
549 1618 706 1679 Homerum
721 1627 857 1696 secutus,
881 1621 927 1680 cui
946 1619 1124 1680 validissima

116 1721 250 1783 quaeque
266 1703 359 1763 forma
375 1706 461 1764 etiam
478 1706 507 1763 in
522 1703 636 1764 feminis
652 1702 759 1783 placet.
790 1702 845 1764 llle
861 1722 933 1764 vero
949 1705 989 1765 ita
1002 1704 1124 1763 circum·

115 1790 234 1867 scripsit
251 1791 364 1865 omnia,
387 1796 418 1848 ut
434 1807 499 1848 eum
515 1788 613 1867 legum
629 1788 751 1849 latorem
766 1796 889 1865 vocent,
917 1789 984 1868 quia
1004 1787 1124 1849 deorum

114 1881 201 1951 atque
223 1872 344 1933 heroum
367 1873 501 1951 effigies,
531 1874 633 1952 quales
652 1872 688 1934 ab
712 1890 748 1933 eo
772 1882 837 1932 sunt
858 1873 997 1949 traditae,
1020 1874 1123 1948 ceteri,

112 1966 249 2036 tanquam
264 1959 303 2017 ita
318 1975 446 2018 necesse
461 1959 508 2032 sit,
528 1967 698 2036 sequuntur.
730 1956 842 2017 Floruit
858 1967 953 2019 autem
970 1959 1048 2018 circa
1060 1956 1153 2022 Phi-6

113 2041 225 2117 lippum
243 2049 272 2099 et
287 2057 381 2118 usque
398 2041 434 2099 ad
449 2057 641 2101 successores
657 2039 818 2101 Alexandri
835 2043 948 2120 pictura
963 2043 1125 2120 praecipue

114 2122 168 2182 sed
185 2122 308 2183 diversis
323 2122 487 2181 virtutibus.
519 2122 591 2182 Nam
610 2142 679 2183 cura
694 2124 895 2200 Protogenes,
914 2127 1027 2184 ratione
1043 2124 1124 2185 Pam·

115 2205 212 2285 philus
229 2224 264 2266 ac
280 2205 472 2281 Melanthius,
495 2205 637 2266 facilitate
653 2204 836 2284 Antiphilus,
860 2209 1061 2286 concipiendis
1082 2210 1124 2267 vi·

115 2289 262 2366 sionibus,
280 2308 352 2368 quas
371 2288 535 2367 φαντασίας
549 2298 673 2365 vocant,
691 2288 794 2350 Theon
809 2290 936 2367 Samius,
958 2291 1076 2368 iugenio
1096 2299 1125 2350 et

114 2376 227 2451 gratia,
252 2392 337 2453 quam
362 2375 391 2433 in
409 2391 442 2434 se
460 2375 525 2452 ipse
547 2375 670 2434 maxime
690 2375 797 2450 iactat,
822 2373 947 2452 Apelles
972 2383 1017 2435 est
1039 2393 1124 2453 prae·

115 2460 318 2519 stantissimus.
349 2457 571 2538 Euphranorem
588 2458 784 2519 admirandum
799 2456 885 2534 iacit,
903 2458 981 2537 quod
998 2467 1027 2519 et
1044 2467 1123 2519 cete·

114 2545 154 2602 ris
181 2544 297 2622 optimis
315 2543 418 2604 studiis
441 2544 516 2603 iuter
531 2544 707 2623 praecipuos
730 2551 758 2604 et
776 2542 913 2621 pingendi
937 2542 1123 2622 fingendique

115 2628 191 2687 idem
208 2630 296 2687 mirus
312 2628 419 2689 artilex
433 2628 496 2688 luit.

202 2711 309 2772 Similis
332 2713 361 2771 in
389 2712 528 2773 statuis
558 2712 731 2773 differentia.
774 2710 846 2772 Nam
870 2711 986 2772 duriora
1013 2719 1043 2771 et
1068 2710 1151 2774 run-r

115 2796 240 2854 scenicis
264 2798 397 2875 proxima
419 2793 525 2857 Callon
546 2806 634 2877 atque
655 2796 817 2874 Hegesias,
841 2797 897 2856 iam
919 2798 1010 2856 minus
1032 2795 1125 2874 rigida

115 2875 258 2956 Calamis,
283 2878 418 2940 molliora
440 2879 533 2941 adhuc
553 2898 641 2959 supra
659 2880 743 2941 dictis
758 2880 862 2957 Myron
879 2881 959 2942 fecit.
993 2880 1123 2958 Diligen·
1210 2941 1213 2946 ,

113 2963 153 3022 tia
171 2981 205 3023 ac
222 2964 314 3025 decor
329 2966 357 3024 in
371 2963 525 3040 Polycletc
541 2982 629 3043 supra
642 2973 772 3040 ceteros,
790 2965 836 3024 cui
852 2983 1015 3045 quanquam
1030 2983 1046 3026 a
1061 2964 1123 3043 ple·

113 3048 214 3125 risque
236 3048 371 3107 tribuitur
392 3048 505 3126 palma,
531 3058 643 3124 tamen,
667 3067 704 3108 ne
719 3049 790 3110 nihil
807 3048 989 3125 detrahatur,
1017 3048 1124 3109 deesse

114 3130 228 3207 pondus
251 3140 360 3209 putant.
393 3130 466 3192 Nam
481 3141 512 3192 ut
527 3133 668 3193 humanae
693 3133 805 3193 formae
818 3133 957 3194 decorem
980 3133 1152 3194 addideritis

114 3231 202 3291 supra
218 3233 335 3290 verum,
358 3216 396 3275 ita
411 3233 470 3275 non
493 3217 661 3294 explevisse
677 3217 798 3278 deorum
821 3219 1023 3279 auctoritatem
1042 3217 1123 3277 vide·

114 3305 169 3356 tur.
207 3296 283 3371 Quin
303 3306 427 3359 aetatem
444 3318 562 3380 quoque
577 3303 744 3380 graviorem
760 3302 865 3363 dicitur
887 3302 1034 3380 refugisse
1052 3301 1123 3361 nihil

113 3398 201 3440 ausus
213 3381 288 3442 ultra
301 3382 383 3442 leves
397 3401 499 3462 genas.
523 3384 562 3445 At
574 3386 811 3465 quaePolycleto
823 3386 987 3463 defuerunt,
1004 3386 1123 3448 Phidiae

112 3474 200 3544 atque
216 3465 368 3527 Alcameni
387 3468 498 3529 dantur.
534 3469 650 3531 Phidias
666 3478 761 3532 tamen
782 3471 836 3532 diis
852 3488 937 3550 quam
959 3471 1151 3536 hominibuso
