2566 4026
387 128 477 177 nrsu.
502 128 651 176 onnroa.
674 130 743 176 ura.
766 131 795 196 1,
819 129 861 182 12.
1093 121 1132 183 55

122 303 237 367 quoque
260 287 290 345 in
316 292 400 363 parte
426 282 551 343 civilium
574 285 670 363 posita
697 286 832 343 virtutum
862 293 891 345 et
915 283 1080 367 Chrysippo
1103 288 1131 349 irr

121 371 290 450 praeceptis
307 368 346 430 de
367 366 524 427 liberorum
547 367 718 428 educatione
740 369 909 446 compositis
931 387 988 430 non
1012 375 1128 432 omissa.

120 453 188 514 liam
201 452 458 513 lacedaemonios
478 451 593 528 quidem
611 453 696 510 etiam
708 446 1052 532 saltationem‘quandam
1070 465 1172 522 tan-la

121 554 206 616 quam
220 537 258 597 ad
282 535 363 597 bella
387 552 504 614 quoque
527 536 625 594 utilem
646 533 784 595 habuisse
805 537 879 595 inter
904 540 1130 601 exercitationes

121 623 301 700 accepimus.
348 619 453 697 Neque
469 619 498 679 id
514 617 662 678 veteribus
686 618 822 680 Romanis
844 620 983 681 dedecori
1001 623 1068 692 luit;
1085 643 1129 684 ar·

120 713 289 783 gementum
316 713 362 764 est
385 703 570 763 sacerdotum
596 705 710 763 nomine
735 721 769 763 ac
792 704 937 781 religione
962 705 1066 766 durans
1094 708 1129 768 ad

120 789 171 849 loc
194 798 316 866 tempus
339 787 472 863 saltatio,
496 796 525 846 et
547 787 598 847 illa
619 788 648 845 irr
669 789 754 846 tertio
777 785 928 847 Ciceronis
952 789 987 848 de
1006 788 1129 851 Oratore

120 872 190 933 libro
213 870 312 932 verba
330 870 446 946 Crassi,
466 870 568 949 quibus
589 872 750 949 praecipit,
773 880 804 930 ut
823 880 922 932 orator
940 881 1035 932 utatur
1052 875 1128 935 iate·

120 976 183 1018 rum
205 957 409 1018 inclinatione
423 955 498 1034 sorti
512 974 552 1016 ac
572 956 664 1032 virili,
687 973 744 1016 non
765 973 788 1015 a
808 975 903 1027 scena
926 965 955 1018 et
975 957 1128 1018 biatriorni·

120 1043 172 1102 bna
193 1043 257 1104 aed
278 1041 320 1102 ab
340 1040 437 1100 armis
458 1040 623 1099 autetiam
642 1059 663 1101 a
684 1041 865 1117 palaestrar
895 1042 976 1100 cuius
1000 1040 1128 1119 discipli-

120 1143 170 1184 nae
196 1143 272 1184 usus
294 1126 323 1183 in
335 1132 462 1182 nostram
484 1140 576 1201 usque
600 1130 724 1182 aetatem
746 1124 810 1182 sine
826 1122 1056 1202 reprehensione
1079 1125 1128 1188 de·

119 1208 245 1269 scandit.
293 1207 319 1266 Α
342 1225 388 1266 me
405 1216 500 1266 tamen
522 1223 578 1266 nec
595 1206 671 1266 ultra
693 1208 823 1284 pueriles
842 1225 932 1268 annos
956 1207 1170 1274 retinebiturlo

119 1311 171 1353 nec
191 1295 221 1352 in
242 1291 288 1351 his
305 1293 376 1369 ipsis
395 1291 452 1351 diu.
496 1289 600 1368 Neque
617 1292 692 1350 enirn
711 1299 826 1367 gestum
849 1294 972 1352 oratoris
994 1294 1128 1371 componi

119 1378 152 1436 ad
171 1374 391 1435 similitudinem
408 1375 569 1435 saltationis
589 1374 659 1435 volo
677 1374 730 1434 sed
748 1374 871 1434 subesse
890 1375 997 1454 aliquid
1016 1394 1053 1435 ex
1073 1375 1128 1437 bae

119 1461 335 1520 exercitatione
353 1458 473 1539 puerili,
495 1458 639 1519 undenos
656 1476 714 1517 non
732 1458 761 1519 id
780 1469 902 1536 agentes
922 1458 1018 1519 furtim
1036 1460 1128 1521 decor

118 1545 169 1605 ille
191 1543 375 1606 discentibus
396 1542 516 1616 traditus
538 1551 741 1621 prosequatur.

120 1698 162 1748 ΑΝ
180 1698 294 1749 PLURA
317 1696 428 1746 EODEM
449 1695 601 1746 TEMPORE
620 1693 739 1744 uocum
756 1696 856 1745 PRIMA
875 1696 983 1747 AETAS
1002 1696 1122 1749 POSSIT.

202 1793 269 1854 ΧΠ.
304 1793 413 1868 Quaeri
440 1793 533 1869 solet,
566 1812 617 1870 an,
649 1795 760 1854 etiamsi
794 1795 931 1855 discenda
957 1797 1012 1855 sint
1039 1796 1124 1873 haec,

121 1879 224 1940 codem
246 1888 380 1956 tempore
402 1887 495 1937 tamen
518 1877 590 1938 tradi
614 1880 708 1938 omnia
727 1887 755 1939 et
778 1880 891 1957 percipi
914 1881 1036 1957 possint.
1067 1878 1124 1938 Ne·

120 1973 185 2040 gant
210 1965 288 2023 enim
316 1962 446 2040 quidam,
474 1962 540 2040 quia
567 1962 758 2023 confundatur
787 1964 896 2021 animus
926 1980 960 2022 ac
988 1962 1126 2039 fatigetur

120 2056 159 2106 tot
181 2045 346 2124 disciplinis
368 2047 396 2106 in
419 2046 564 2106 diversum
580 2045 779 2122 tendentibus,
803 2047 838 2106 ad
861 2064 931 2125 quas
956 2063 1012 2105 nec
1032 2065 1124 2124 mens,

119 2149 171 2190 nec
195 2147 323 2208 corpus,
345 2148 400 2189 nec
424 2129 486 2190 dies
502 2132 567 2209 ipse
589 2130 731 2205 sufficiat,
758 2139 787 2188 et
807 2131 831 2189 si
856 2132 979 2191 maxime
1001 2133 1126 2209 patiatur

118 2215 172 2274 lroc
195 2222 280 2273 aetas
302 2213 466 2289 robustior,
495 2214 624 2293 pueriles
648 2232 737 2274 annos
761 2216 876 2274 onerari
899 2232 956 2274 non
979 2224 1123 2293 oporteat.

202 2296 264 2358 Sed
286 2315 344 2357 non
365 2299 436 2357 satis
454 2298 650 2376 perspiciunt,
677 2307 810 2377 quantum
832 2307 933 2358 natura
955 2298 1069 2359 humani
1084 2301 1153 2362 ini

116 2384 194 2460 genii
218 2381 330 2451 valeat;
363 2399 436 2460 quae
459 2383 498 2442 ita
524 2390 569 2441 est
591 2383 676 2460 agilis
698 2401 733 2443 ac
754 2382 861 2458 velox,
891 2384 934 2443 sic
960 2386 988 2442 in
1011 2400 1123 2442 omnem

116 2475 248 2545 partem,
274 2475 305 2525 ut
327 2467 366 2525 ita
387 2466 523 2542 dixerim,
547 2476 678 2545 spectat,
703 2475 733 2524 ut
757 2483 793 2524 ne
815 2468 908 2544 possit
931 2467 1045 2543 quidem
1071 2465 1121 2525 ali·

118 2550 184 2629 quid
209 2567 301 2626 agere
332 2559 439 2609 tantum
462 2568 564 2626 unum,
594 2551 622 2610 in
645 2550 729 2629 plura
754 2566 826 2608 vero
853 2566 911 2608 non
946 2549 1049 2609 eodem
1078 2551 1125 2609 die

117 2633 204 2694 modo
229 2634 284 2694 aed
316 2634 420 2694 eodem
448 2635 588 2712 temporis
613 2641 759 2695 momento
782 2633 839 2691 vim
861 2650 942 2692 suam
968 2630 1123 2710 impendat.

118 2718 163 2777 An
186 2734 260 2777 vero
284 2718 444 2778 citharoedi
465 2736 522 2779 non
544 2719 628 2779 simul
654 2728 683 2779 et
704 2718 862 2777 memoriae
892 2725 922 2776 et
944 2733 1016 2776 sono
1042 2715 1155 2778 vocina

117 2811 146 2862 et
167 2802 302 2881 plurimis
323 2802 446 2862 llexibus
462 2804 601 2879 seruiunt,
626 2822 690 2863 cum
707 2803 819 2863 interim
837 2801 910 2861 alios
929 2817 1036 2860 nervos
1055 2798 1124 2858 dex·

117 2895 160 2946 tra
179 2895 366 2966 percurrunt,
390 2887 464 2947 alios
479 2887 563 2948 laeva
580 2887 709 2963 trabunt,
733 2887 897 2962 continent,
914 2883 1066 2963 praebent,
1089 2900 1125 2942 ne

118 2988 170 3049 pes
191 2970 311 3049 quidem
335 2970 446 3031 otiosus
469 2980 578 3032 certam
596 2970 694 3049 legerrr
714 2972 853 3049 temporis
877 2977 986 3044 servat,
1008 2966 1125 3028 ethaeo

117 3056 228 3132 pariter
253 3051 371 3114 omnia?
416 3052 513 3128 Quid?
544 3072 597 3115 nos
628 3056 732 3134 agendi
758 3055 852 3115 subita
875 3053 1053 3114 necessitate
1077 3051 1154 3114 dei

116 3139 255 3218 prehensi
279 3155 375 3198 nonne
394 3140 449 3200 alia
468 3139 604 3215 dicimus,
629 3140 685 3200 alia
709 3140 910 3219 providemus,
936 3155 999 3197 cum
1015 3136 1125 3217 pariter

115 3223 245 3283 inventio
265 3241 373 3300 rerum,
397 3224 504 3284 electio
524 3223 699 3298 verborum,
720 3223 903 3301 compositio,
927 3230 1040 3299 gestus,
1056 3238 1121 3300 pro·

115 3308 276 3384 nuntiatio,
296 3308 410 3384 vultus,
439 3317 593 3386 motusque
619 3303 838 3368 desiderentur?
882 3306 965 3381 Quae
994 3307 1018 3366 si
1043 3304 1125 3366 velut

114 3390 168 3452 sub
188 3409 248 3453 uno
274 3401 381 3453 conatu
403 3400 460 3453 tam
482 3392 597 3453 diversa
626 3400 728 3470 parent
751 3390 851 3468 simul,
881 3410 933 3452 cur
955 3408 1013 3453 non
1035 3389 1124 3469 pluri-
