2566 4026
212 203 273 264 244
520 215 555 261 nn.
572 214 650 260 ann.
667 214 888 274 Qurnnnnanr

213 381 241 431 et
257 372 370 449 quidem
385 387 585 447 nonnunquam
602 367 760 428 levioribus
777 368 887 427 causis:
905 368 977 427 utin
993 373 1094 448 pueris
1111 390 1225 450 aegro·

212 455 336 515 lantibus
361 454 490 513 utilitatis
516 471 615 513 eorum
637 454 730 530 gratia
755 451 842 510 multa
867 451 1016 529 fingimus,
1047 456 1140 516 multa
1166 477 1226 518 non

169 540 312 604 39lacturi
328 538 533 618 promittimus;
557 537 661 596 nedum
687 538 710 594 si
732 536 767 596 ab
786 535 900 595 bomine
917 537 1081 598 occidendo
1099 559 1225 616 grassa·

210 634 256 683 tor
282 621 456 682 avertendus
480 623 516 680 sit
542 630 589 680 aut
610 621 702 680 bostis
725 637 778 697 pro
800 620 893 680 salute
923 623 1033 699 patriae
1053 623 1225 692 fallendus:

210 717 240 767 ut
257 707 324 781 hoc,
341 706 419 785 quod
436 706 508 764 alias
525 707 553 763 in
568 706 663 764 servis
678 721 795 783 quoque
811 704 1085 781 reprehendendum
1101 718 1169 785 est,
1188 711 1227 768 sit

212 792 283 852 alias
299 791 406 868 inipso
423 791 555 867 sapiente
572 788 750 848 laudandum.
780 787 812 846 ld
828 789 852 846 si
869 791 1040 865 constiterit,
1056 792 1151 852 multa
1169 796 1227 853 iam

210 875 297 934 video
314 891 404 952 posse
421 875 550 951 evenire,
568 881 690 951 propter
704 889 778 950 quae
795 880 894 930 orator
909 871 985 932 bene
1002 877 1148 953 suscipiat
1165 878 1226 936 tale

212 976 317 1019 causae
332 975 442 1034 genus,
462 956 547 1036 quale
564 965 675 1016 remota
693 956 804 1014 ratione
823 955 946 1015 honesta
963 974 1019 1015 non
1037 962 1225 1037 recepisset.

168 1042 273 1108 40Nec
290 1041 347 1100 boc
362 1041 439 1114 dico,
456 1043 523 1119 quia
541 1042 707 1100 severiores
724 1043 808 1117 sequi
823 1039 920 1117 planet
937 1041 1031 1117 leges,
1049 1060 1105 1120 pro
1126 1054 1225 1122 patre,

211 1128 316 1201 fratre,
343 1126 435 1184 amieo
457 1123 702 1202 periclitantibus;
730 1124 844 1182 tametsi
867 1140 925 1182 non
946 1125 1103 1185 mediocris
1124 1127 1225 1187 baesi-

211 1211 281 1270 tatio
299 1218 353 1282 est,
371 1208 437 1267 hinc
452 1209 576 1269 iustitiae
592 1208 743 1287 proposita
758 1208 882 1283 imagine
899 1208 965 1267 inde
982 1210 1112 1287 pietatis.
1143 1211 1225 1272 Nihil

211 1294 288 1354 dubii
313 1292 519 1371 relinquamus.
555 1292 598 1352 Sit
619 1291 723 1370 aliquis
747 1291 894 1350 insidiatus
923 1301 1043 1366 tyranno
1069 1303 1162 1372 atque
1186 1295 1224 1355 ob

211 1379 238 1438 id
254 1395 337 1437 reus:
366 1386 495 1435 utrumne
518 1375 628 1435 salvum
647 1392 711 1434 eum
731 1374 813 1434 nolet
834 1375 875 1450 is,
900 1377 948 1453 qui
970 1377 1087 1436 anobis
1114 1379 1224 1453 finitur,

211 1459 330 1521 orator'l
358 1479 410 1536 an,
428 1462 451 1519 sl
467 1460 602 1520 tuendum
620 1460 800 1536 susceperit,
819 1467 949 1518 nontam
967 1460 1049 1520 falsis
1065 1460 1223 1536 defendet,

168 1553 294 1625 olquam
311 1544 359 1623 qui
376 1544 452 1622 apud
469 1543 579 1603 iudices
595 1543 697 1603 malam
719 1561 834 1602 causam
849 1541 964 1602 tuetur?
995 1542 1071 1615 Quid
1087 1547 1114 1604 si
1132 1565 1222 1625 quae·

212 1631 275 1689 dam
291 1629 367 1688 bene
384 1628 460 1688 facta
478 1627 660 1688 damnaturus
677 1634 721 1685 est
737 1627 840 1702 iudex,
856 1628 911 1685 nisi
928 1645 963 1687 ea
980 1645 1037 1686 non
1055 1646 1126 1689 esse
1144 1631 1224 1690 lacta

212 1713 441 1773 convicerimus:
470 1729 528 1770 non
548 1712 599 1772 vel
620 1711 677 1770 boc
697 1711 782 1770 modo
799 1711 929 1769 servabit
946 1721 1046 1771 orator
1061 1730 1122 1772 non
1140 1714 1223 1772 inno-

212 1805 326 1856 centem
341 1795 427 1854 modo
444 1795 497 1854 sed
511 1797 596 1855 etiam
610 1792 783 1853 laudabilem
799 1791 914 1853 civem?
943 1793 1018 1868 Quid
1034 1797 1058 1854 si
1075 1797 1223 1874 quaedam

212 1882 286 1939 iusta
311 1887 412 1938 natura
434 1879 487 1938 sed
512 1878 683 1938 condicione
706 1886 866 1956 temporum
889 1877 996 1938 inutilia
1015 1879 1127 1939 civitati
1145 1882 1224 1940 scie·

211 1981 288 2023 mus:
311 1979 406 2021 nonne
422 1971 534 2021 utemur
549 1972 611 2022 arte
628 1961 742 2022 dicendi
757 1960 832 2021 bona
850 1961 964 2040 quidem
980 1963 1033 2022 sed
1050 1963 1137 2023 malis
1155 1966 1223 2024 arti·

171 2048 266 2107 albus
282 2043 388 2105 simili?
420 2044 466 2105 Ad
480 2045 537 2106 boc
552 2063 636 2106 nemo
653 2044 803 2122 dubitabit,
821 2048 899 2125 quin,
916 2047 941 2104 si
958 2056 1102 2107 nocentes
1118 2048 1224 2107 mutari

213 2133 241 2191 in
256 2130 359 2190 bonam
375 2139 499 2189 mentem
515 2131 612 2209 aliquo
629 2130 715 2189 modo
731 2131 860 2207 possint,
879 2131 952 2189 sicut
967 2147 1057 2207 posse
1076 2132 1223 2192 interdum

214 2215 398 2290 conceditur,
424 2215 524 2275 salvos
550 2233 617 2274 esse
634 2215 726 2291 magis
744 2214 941 2292 erepublica
959 2215 995 2274 sit
1011 2233 1099 2293 quam
1115 2217 1223 2294 puniri.

212 2301 243 2360 Si
262 2299 370 2378 liqueat
386 2299 471 2375 igitur
490 2300 615 2374 oratori,
633 2299 755 2357 futurum
770 2296 875 2357 bonum
891 2299 998 2373 virum,
1017 2298 1062 2357 cui
1079 2317 1156 2360 vera
1173 2299 1224 2359 ob·

170 2385 359 2444 43iicientur:
383 2400 441 2443 non
462 2384 490 2443 id
515 2391 598 2460 aget,
622 2391 652 2441 ut
668 2381 765 2441 salvus
783 2378 839 2441 sitl
869 2381 914 2440 Da
929 2400 1019 2457 nunc,
1044 2391 1077 2441 ut
1101 2384 1224 2444 crimine
1248 2382 1251 2388 ’

212 2467 365 2528 manifesto
383 2476 529 2546 prematur
547 2467 604 2526 dux
626 2464 735 2541 bonus,
757 2475 787 2525 et
808 2467 872 2525 sine
895 2483 952 2544 quo
968 2466 1090 2527 vincere
1106 2466 1225 2528 bostem

213 2552 315 2612 civitas
338 2568 396 2610 non
416 2551 524 2630 possit:
548 2567 643 2609 nonne
660 2551 687 2608 ei
706 2551 863 2609 communis
882 2549 988 2609 utilitas
1004 2560 1158 2611 oratorem
1177 2551 1223 2612 ad·

212 2631 348 2696 vocabit?
376 2632 465 2694 Certe
480 2633 630 2694 Fabricius
647 2629 813 2693 Cornelium
829 2633 974 2707 Rulinum,
991 2642 1020 2693 et
1035 2634 1151 2715 alioqui
1168 2654 1224 2696 ma·

212 2721 270 2781 lum
287 2720 378 2778 civem
400 2727 429 2777 et
450 2718 505 2777 sibi
520 2719 679 2792 inimicum,
703 2726 813 2793 tamen,
839 2718 905 2796 quia
922 2718 1022 2777 utilem
1038 2719 1159 2780 sciebat
1176 2720 1224 2780 du·

213 2821 294 2878 cem,
320 2803 484 2862 imminente
510 2800 590 2861 bello
613 2800 708 2880 palam
731 2801 880 2860 consulem
902 2801 1041 2878 suffragio
1068 2820 1125 2863 suo
1154 2804 1225 2864 fecit

214 2897 301 2966 atque
318 2884 521 2946 admirantibus
537 2885 707 2963 quibusdam
722 2885 891 2963 respondit,
908 2882 935 2943 A
952 2887 1018 2946 eloe
1032 2905 1068 2948 ce
1090 2887 1225 2965 spoliari

144 3030 149 3037 ,
212 2973 304 3032 molle
324 2988 416 3049 quom
437 2971 477 3031 ob
501 2970 585 3031 boote
606 2971 721 3031 venire.
758 2968 817 3045 lta,
841 2971 865 3028 si
888 2969 992 3028 fuisset
1018 2979 1141 3048 orator,
1169 2989 1225 3032 non

75 3610 158 3768 Ὺ

214 3055 395 3114 defendisset
420 3054 542 3114 eundem
566 3053 699 3114 Rufinum
718 3053 766 3112 vel
788 3053 932 3112 manifesti
948 3053 1103 3130 peculatus
1119 3053 1224 3117 reuml

172 3137 301 3199 44blulta
317 3139 373 3197 dici
390 3147 511 3216 possunt
524 3138 638 3214 similla,
656 3137 771 3198 sedvel
787 3156 872 3196 unum
888 3138 975 3196 exiis
990 3137 1151 3215 quodlibet
1168 3140 1223 3200 sul·

214 3221 282 3280 ficit.
317 3219 382 3280 Non
401 3224 474 3281 enim
490 3222 547 3282 hoc
569 3223 695 3299 agimus,
718 3230 747 3280 ut
762 3221 838 3280 istud
862 3221 918 3295 illi,
941 3238 1027 3298 quem
1050 3221 1223 3299 formamus,

215 3304 277 3364 viro
294 3322 385 3382 saepe
402 3306 438 3364 sil
454 3306 632 3374 faciendum
657 3306 710 3366 sed
727 3314 772 3381 ut,
799 3305 823 3363 si
839 3304 905 3365 talis
920 3305 1054 3381 coegerit
1070 3307 1168 3384 ratio,
1191 3309 1224 3367 sit

216 3395 311 3447 tamen
326 3407 396 3448 vera
413 3389 518 3465 finitio,
534 3395 688 3452 oratorem
706 3408 772 3451 esse
787 3391 885 3451 ciram
901 3389 1011 3449 bonam
1026 3390 1162 3454 dicendi
1173 3411 1222 3472 pc·

176 3473 317 3534 ltaliam.
355 3471 530 3551 Praecipere
546 3491 619 3534 vero
637 3491 672 3534 ac
688 3472 820 3548 discere,
846 3471 991 3551 quomodo
1008 3473 1099 3535 etiam
1117 3477 1214 3555 proba
