2566 4026
403 188 867 258 1usu.onuu0n.n1n.u111,3.
1077 181 1119 240 53

117 346 227 407 bendus
250 354 295 405 est
316 345 428 405 decor?
448 345 531 419 Quis
548 342 658 422 negat?
694 343 766 405 Nam
788 354 817 404 et
831 346 859 404 in
876 345 1005 406 ordinem
1023 357 1116 409 certa·

117 449 173 509 que
195 428 350 489 intervalla
372 429 502 506 redigam
521 446 600 489 meas
620 427 751 488 arbores.
790 428 864 502 Quid
881 428 932 490 illo
957 431 1118 510 quincunce

116 514 295 592 speciosius,
315 514 379 590 qni,
401 514 430 571 in
451 530 651 591 quamcunque
668 521 780 591 partem
797 515 995 592 spectaveris,
1019 524 1117 575 rectus

116 595 182 657 est?
217 597 276 657 Sed
299 597 429 675 protinus
449 597 478 654 in
497 595 526 655 id
544 612 660 674 qnoque
680 595 818 675 prodest,
847 605 878 656 nt
898 605 994 656 terrae
1018 616 1118 658 sucum

116 679 277 758 aequaliter
300 680 402 739 trahat.
443 680 596 756 surgentia
616 681 644 738 in
666 679 754 738 altum
771 680 918 739 cacumina
935 680 1019 741 oleae
1037 681 1117 740 ferro
1125 682 1157 735 10

117 762 279 832 coercebo;
302 764 331 821 in
347 761 447 822 orbem
463 782 496 823 se
511 763 665 823 formosius
681 762 782 822 fundet
803 773 832 822 et
847 765 978 842 protinus
994 764 1118 825 fructum

114 849 200 907 ramis
226 845 356 925 pluribus
378 846 464 906 ieret.
500 846 659 907 Decentior
683 863 791 924 equus,
816 847 896 907 cuius
918 849 1035 907 astricta
1056 848 1116 924 ilia,

115 932 169 991 sed
183 930 260 990 idem
274 930 417 991 velocior.
457 930 582 991 Pulcher
599 939 720 1009 aspectu
732 931 769 988 sit
784 929 909 1005 athleta,
927 931 1007 990 cuius
1023 931 1117 992 lacer·

115 1024 161 1074 tos
178 1015 347 1074 exercitatio
365 1015 525 1093 expressit3
544 1013 619 1073 idem
636 1014 783 1073 certamini
798 1015 935 1093 paratior.
967 1013 1156 1092 Nunquamll

114 1116 194 1158 mera
209 1098 326 1176 species
348 1096 383 1157 ab
404 1096 528 1157 utilitate
543 1097 686 1157 dividitur.
724 1097 783 1157 Sed
804 1096 862 1157 hoc
878 1097 992 1176 quidem
1008 1098 1117 1158 discer-

115 1200 185 1241 nere
198 1180 305 1240 modici
320 1181 416 1241 iudicii
434 1190 488 1241 est.

198 1263 273 1326 lllud
289 1263 495 1325 observatione
515 1265 645 1342 dignius,
671 1265 749 1343 quod
764 1265 812 1326 lric
828 1265 893 1343 ipse
914 1264 1054 1325 honestus
1070 1281 1117 1325 or·

114 1357 198 1408 natus
213 1350 351 1408 materiae
367 1367 479 1426 genere
497 1348 583 1409 decet
597 1349 733 1409 variatus.
768 1349 880 1427 Atque,
897 1357 928 1408 ut
942 1366 957 1409 a
969 1349 1061 1428 prima
1076 1349 1117 1409 di·

114 1433 227 1491 visione
245 1432 357 1508 ordiar,
384 1450 442 1492 non
466 1432 542 1492 idem
564 1432 796 1493 demonstrativis
819 1441 849 1491 et
868 1431 1065 1492 deliberativis
1088 1441 1118 1492 et

114 1514 295 1577 iudicialibus
313 1518 408 1575 causis
430 1518 592 1576 conueniet.
636 1515 767 1595 Namque
790 1515 861 1576 illud
878 1534 970 1592 genus
989 1524 1116 1576 ostenta·

115 1600 185 1658 tioni
202 1601 392 1677 compositum
407 1600 499 1661 solam
515 1602 587 1678 petit
598 1600 771 1660 audientium
781 1599 974 1678 voluptatem,
990 1600 1117 1678 ideoque

117 1701 215 1742 omnes
232 1682 345 1743 dicendi
361 1692 439 1743 artes
456 1686 549 1762 aperit
565 1693 752 1763 ornatumque
769 1683 907 1743 orationis
925 1685 1061 1762 exponit,
1086 1691 1118 1742 ut

117 1767 194 1844 quod
210 1783 268 1826 non
282 1766 432 1826 insidietur
442 1785 497 1828 nec
513 1768 549 1828 ad
563 1769 713 1829 victoriam
728 1767 781 1827 sed
797 1766 832 1827 ad
848 1766 941 1826 solum
956 1767 1041 1828 linem
1055 1766 1116 1827 lau·

116 1849 159 1909 dis
175 1859 205 1909 et
219 1849 333 1926 gloriae
349 1850 456 1911 tendat.
496 1852 608 1928 Quare,
628 1851 764 1931 quidquid
780 1851 835 1910 erit
856 1852 1005 1913 sententiis
1023 1855 1158 1930 popu-12

116 1934 194 2009 lare,
205 1933 303 1993 verbis
316 1934 449 2011 nitidum,
463 1935 562 2012 liguris
576 1936 745 2012 iucundum,
761 1934 996 1995 translationibus
1008 1935 1116 2012 magni·

116 2017 215 2093 licum,
239 2019 449 2095 compositione
471 2019 665 2096 elaboratum,
689 2019 770 2079 velut
786 2021 900 2079 institor
919 2019 1033 2098 quidam
1055 2018 1116 2078 elo-

116 2102 250 2178 quentiae
261 2100 424 2161 intuendum
437 2112 466 2162 et
477 2121 570 2181 paene
581 2102 813 2183 pertractandum
824 2102 911 2163 dabit.
941 2102 1013 2162 Nam
1028 2120 1115 2162 even·

116 2193 161 2243 tns
183 2183 218 2243 ad
239 2186 332 2264 ipsum
354 2202 411 2245 non
427 2185 462 2246 ad
484 2205 600 2246 causam
614 2186 749 2246 refertur.
792 2186 832 2245 Αι
846 2186 895 2247 ubi
910 2205 959 2246 res
974 2187 1069 2263 agitur
1088 2191 1158 2245 et13

115 2284 186 2327 vera
202 2268 346 2329 dimicatio
368 2278 430 2328 est:
456 2270 571 2331 ultimus
595 2271 631 2329 sit
651 2269 744 2329 lamae
765 2269 857 2329 locus.
902 2270 1058 2330 Praeterea
1079 2287 1116 2327 ne

116 2350 202 2411 decet
224 2352 355 2430 quidem,
383 2352 431 2412 nbi
454 2355 575 2416 maxima
594 2371 690 2412 rerum
711 2360 854 2413 momenta
879 2361 1048 2426 versantur,
1080 2351 1116 2411 de
1223 2415 1225 2419 ,

116 2434 213 2494 verbis
237 2454 304 2495 esse
326 2437 491 2497 sollicitum.
535 2436 638 2515 Neque
663 2438 721 2497 hoc
746 2452 782 2495 eo
802 2435 942 2514 pertinet,
969 2444 1000 2495 nt
1019 2436 1049 2493 in
1071 2434 1115 2493 lris

116 2516 212 2578 nullus
227 2520 264 2578 sit
285 2529 402 2580 ornatus
420 2520 472 2580 sed
489 2523 529 2580 uti
546 2522 677 2599 pressior
693 2529 722 2579 et
743 2520 874 2580 severior
891 2528 920 2579 et
937 2520 1029 2577 minus
1048 2534 1115 2577 con·

117 2602 230 2677 lessus,
249 2606 406 2682 praecipue
421 2606 558 2665 materiae
575 2603 816 2664 accommodatus.
843 2602 915 2663 Nam
927 2610 956 2660 et
968 2601 1114 2661 suadendo
1126 2606 1158 2661 14

117 2683 264 2745 sublimius
281 2686 387 2766 aliquid
404 2697 539 2766 senatus,
563 2688 732 2748 concitatius
748 2687 892 2767 populns,
916 2694 944 2745 et
960 2687 988 2745 in
1003 2685 1114 2745 iudiciis

116 2766 252 2847 publicae
274 2771 473 2850 capitalesque
490 2790 596 2833 causae
610 2781 734 2852 poscunt
750 2772 911 2831 accuratius
930 2768 1044 2829 dicendi
1063 2786 1114 2847 ge·

116 2869 179 2910 nus.
220 2852 260 2912 Αι
286 2857 427 2933 privatum
448 2857 599 2917 consilium
620 2872 781 2933 causasque
803 2871 975 2935 paucorum,
1002 2861 1032 2913 nt
1057 2853 1114 2912 ire·

117 2943 240 3012 quenter
260 2938 379 3014 accidit,
403 2938 581 3000 calculorum
596 2958 685 3019 purus
706 2956 801 2999 sermo
819 2948 848 2999 et
866 2937 1012 3000 dissimilis
1028 2953 1115 2997 curae

117 3019 208 3094 magis
235 3019 374 3081 decuerit.
416 3022 462 3081 An
487 3039 545 3082 non
561 3024 669 3102 pudeat
696 3032 803 3084 certam
825 3023 963 3084 creditam
986 3020 1114 3100 periodis

117 3101 268 3178 postulare
290 3113 337 3163 aut
356 3106 433 3165 circa
454 3106 600 3168 stillicidia
617 3107 694 3168 allici
717 3108 813 3168 autin
834 3105 968 3184 mancipii
990 3102 1114 3164 redhibi-

117 3185 197 3244 tione
214 3184 339 3247 sudare?

201 3269 260 3330 Sed
276 3271 311 3331 ad
328 3273 518 3351 propositum.
560 3273 597 3334 Ει
612 3275 745 3353 quoniam
765 3273 903 3333 orationis
920 3281 977 3333 tam
998 3280 1116 3331 ornatus
1125 3276 1161 3330 15

118 3368 202 3429 quam
221 3356 413 3434 perspicuitas
435 3365 484 3416 ant
503 3358 532 3416 in
552 3357 672 3435 singulis
689 3356 787 3417 verbis
808 3365 853 3417 est
869 3365 917 3417 aut
936 3357 965 3415 in
985 3354 1115 3434 pluribus

117 3437 244 3514 positus:
270 3439 337 3518 qnid
356 3449 508 3519 separata,
531 3440 599 3518 qnid
614 3443 709 3502 iuncta
726 3440 862 3520 exigant,
888 3439 1117 3504 consideremus.
