2566 4026
400 186 490 234 lusu.
504 186 734 234 calnomum.
748 185 838 254 1X,1.
1078 177 1118 240 87

112 342 208 419 tropis
229 342 384 417 figurarum
409 358 514 400 nomen
536 341 699 419 imponant,
730 358 850 419 quorum
872 351 917 402 est
935 340 967 403 G.
984 342 1119 403 Artorius

116 424 268 486 Proculus.
295 423 370 497 Quin
384 425 458 486 adeo
475 424 629 484 similitudo
647 425 798 485 manifesta
814 435 874 502 est,
890 434 922 484 ut
934 444 998 486 eam
1010 427 1119 487 discer-

115 526 187 569 nere
208 525 265 567 non
288 510 325 567 sit
348 512 377 569 in
398 518 542 588 promptu.
585 506 658 568 Nam
680 525 737 586 quo
759 510 846 570 modo
865 510 1006 587 quaedam
1027 511 1055 568 in
1075 511 1119 570 his

116 594 235 672 species
254 591 340 670 plane
356 594 476 669 distant,
493 601 625 651 manente
641 601 736 652 tamen
751 592 883 670 generali
899 593 949 654 illa
965 595 1119 671 societate,

116 677 194 755 quod
215 685 336 753 utraque
353 696 401 737 res
426 695 442 736 a
462 685 544 736 recta
560 684 589 735 et
609 676 734 754 simplici
754 678 867 736 ratione
885 696 949 737 cum
966 676 1062 755 aliqua
1080 679 1119 738 dl·

116 760 200 822 cendi
223 761 329 819 virtute
353 761 530 821 deflectitur:
556 761 594 819 ita
612 761 754 837 quaedam
769 779 910 840 perquam
931 762 1009 821 tenui
1032 760 1121 821 limite

115 844 294 919 dividuntur,
317 854 347 904 ut
367 863 431 904 cum
452 845 544 903 ironia
561 852 618 903 tam
638 846 714 904 inter
735 845 842 922 figuras
858 847 1020 905 sententiae
1038 862 1122 946 quam

114 929 189 1029 ipter
206 937 309 1005 tropos
330 930 508 1006 reperiatur,
534 928 713 1007 περίφρασιν
735 937 881 988 autemst
904 921 1070 1008 ὑπερβατὸν
1092 923 1121 988 et

114 1003 343 1090 ὄνομαεοαοιΐαα
359 1011 429 1072 clari
445 1028 562 1090 quoque
579 1020 714 1072 auctores
730 1013 837 1090 figuras
853 1012 1008 1073 verborum
1024 1014 1120 1092 potius

115 1113 200 1175 quam
215 1105 318 1174 tropos
334 1096 468 1156 dixerint

200 1177 265 1252 Quo
287 1181 378 1257 magis
402 1179 541 1256 signanda
557 1188 602 1238 est
617 1181 767 1257 utriusque
789 1182 832 1241 rei
853 1181 1024 1242 differentia.
1069 1179 1160 1241 Essa

114 1264 201 1341 igitur
224 1272 357 1341 tropos
383 1279 479 1322 sermo
504 1280 520 1322 a
540 1263 662 1322 naturali
683 1272 713 1323 et
733 1265 886 1343 principali
909 1265 1121 1342 significatione

113 1346 270 1407 translatus
283 1347 318 1407 ad
330 1347 415 1407 aliam
427 1346 572 1406 ornandae
586 1348 724 1408 orationis
735 1349 844 1425 gratia,
861 1349 927 1425 vel,
943 1358 974 1408 ut
987 1348 1121 1427 plerique

114 1432 292 1510 grammatici
313 1432 427 1505 liniunt,
458 1431 545 1490 dictio
567 1429 604 1490 ab
625 1448 662 1489 eo
683 1431 805 1507 loco,'
796 1451 825 1517 ιιι
846 1449 904 1511 quo
922 1434 1041 1511 propria
1064 1442 1120 1510 est,

113 1514 295 1575 translatam
310 1533 390 1590 eum,
406 1516 434 1573 in
450 1530 508 1592 quo
526 1516 645 1593 propria
659 1531 717 1574 non
734 1524 793 1584 est;
796 1506 956 1593 figura,
979 1517 1054 1576 siout
1069 1534 1120 1576 no·

113 1602 190 1659 mine
209 1600 274 1675 ipso
290 1608 389 1677 patet,
407 1599 598 1658 conformatio
614 1599 754 1676 quaedam
771 1601 940 1660 acommuni
956 1609 986 1660 et
1000 1601 1122 1677 primum

115 1702 149 1743 se
170 1682 313 1742 offerente
337 1685 459 1742 ratione.
499 1680 628 1754 Quare
619 1701 648 1741 ιιι
669 1684 761 1761 tropis
783 1692 928 1785 ponuntur
950 1682 1040 1744 verba
1065 1684 1149 1744 alias

114 1783 168 1846 pro
185 1766 270 1842 aliis,
297 1768 370 1825 utin
391 1769 557 1866 μεταφορᾷ,
574 1767 755 1864 μετωνυμίρι,
774 1768 987 1869 ανεονομασίρι,
1002 1762 1121 1847 μεταλή·

114 1865 182 1927 ψει,
198 1850 376 1931 συνεαδοχῃ,
389 1845 578 1930 καταχρήσει,
592 1841 734 1950 ἆλλιργορί
734 1872 768 1934 α,
781 1851 951 1930 plerumque
955 1827 1120 1934 ὑπερβολῇ

113 1933 245 2014 Namque
261 1943 290 1993 et
304 1932 391 1993 rebus
405 1936 435 1994 fit
453 1944 482 1994 et
498 1934 606 1994 verbis
642 1911 867 2012 Ὀνομαεοαοιΐα
880 1936 958 1996 fictio
973 1945 1018 1996 est
1032 1938 1120 1995 nomi·

113 2022 172 2087 nis;
197 2034 269 2095 ergo
286 2017 343 2078 hoc
362 2035 478 2096 quoque
495 2035 549 2096 pro
565 2018 628 2078 aliis
641 2021 772 2096 ponitur,
791 2017 894 2097 quibus
912 2038 991 2080 usuri
984 2020 1120 2095 luimus,

115 2105 140 2163 si
162 2102 232 2162 illud
256 2119 314 2161 non
331 2103 516 2178 lingeremus.
559 2102 744 2182 Περίφρασις
768 2104 879 2162 etiamsi
900 2102 1071 2182 frequenter
1092 2107 1150 2163 et6

113 2187 167 2247 id
158 2204 267 2264 rpsum,
288 2187 316 2244 in
340 2187 420 2244 cuius
437 2186 533 2245 locum
548 2187 718 2261 assumitur,
738 2201 843 2245 nomen
861 2187 1017 2286 complecti
1032 2186 1120 2262 solet,

114 2272 202 2330 utitur
219 2279 314 2330 tamen
331 2269 461 2347 pluribus
477 2286 530 2347 pro
547 2285 614 2328 uno.
652 2231 822 2345 Ἐαὶθετον,
845 2272 979 2347 quoniam
996 2270 1120 2347 plerum·

114 2372 172 2433 que
189 2356 404 2414 antonomasiae
420 2371 488 2450 pars
505 2361 566 2427 est,
590 2353 793 2412 coniunctione
810 2353 872 2412 eius
890 2352 922 2411 llt
937 2362 1048 2429 tropus.
1089 2351 1122 2411 ln

113 2437 277 2536 hyperbato
294 2438 477 2521 commptatio
494 2445 539 2496 est
561 2436 668 2495 ordinis
676 2435 833 2514 ,ideoque
854 2435 934 2496 multi
954 2436 1046 2515 tropis
1063 2436 1121 2496 hoc

113 2538 208 2600 genua
231 2522 365 2579 eximunt.
391 2510 564 2580 Transfert
591 2528 686 2579 tamen
708 2519 829 2580 verbum
855 2528 903 2579 aut
924 2529 1035 2598 partem
1059 2522 1121 2580 eius

115 2625 132 2665 a
148 2620 202 2664 suo
218 2605 315 2664 loco
307 2623 336 2662 rn
350 2604 483 2664 alienum
527 2603 635 2664 llorum
651 2603 745 2663 nihil
736 2622 765 2663 m
785 2604 894 2680 figuras
919 2604 1004 2664 cadit.
1049 2602 1147 2671 Namt

115 2697 146 2748 et
172 2689 298 2766 propriis
330 2688 428 2747 verbis
454 2696 483 2747 et
506 2688 607 2747 ordine
633 2687 787 2747 collocatis
809 2687 901 2764 ligura
925 2688 988 2747 lieri
1011 2696 1119 2767 potest.

115 2771 270 2844 Quomodo
287 2781 382 2831 autem
397 2774 489 2834 ironia
505 2772 561 2832 alia
572 2773 610 2831 sit
621 2773 697 2849 tropi
713 2771 768 2831 alia
784 2770 965 2848 schematos,
984 2789 1037 2831 suo
1052 2772 1120 2832 loco

114 2853 243 2915 reddam.
285 2853 398 2915 Nomen
413 2858 488 2915 enim
504 2856 600 2916 fateor
614 2874 682 2916 esse
696 2872 864 2932 commune,
889 2864 919 2915 et
935 2855 1013 2931 scio,
1038 2872 1122 2935 quam

114 2938 307 3015 multiplicem
338 2939 463 2999 habeant
486 2957 628 3019 quamque
655 2939 856 3017 scrupulosam
883 2939 1120 3018 disputationem

115 3021 170 3082 sed
191 3040 227 3083 ea
247 3039 305 3081 non
327 3025 454 3101 pertinet
474 3024 510 3084 ad
530 3041 671 3101 praesens
694 3041 789 3083 meum
808 3025 999 3102 propositum.
1044 3021 1121 3082 Nihil

117 3107 192 3165 enim
208 3107 316 3182 refert,
334 3108 480 3185 quomodo
496 3107 661 3186 appelletur
677 3106 843 3166 utrumlibet
859 3123 974 3184 eorum,
991 3107 1031 3180 si,
1055 3105 1121 3186 quid

117 3192 241 3249 orationi
260 3192 368 3268 prosit,
390 3200 520 3270 apparet.
565 3188 629 3251 Nec
643 3200 767 3250 mutatur
787 3190 938 3251 vocabulis
954 3192 998 3250 vis
1014 3207 1119 3249 rerum.

116 3272 155 3334 Et
169 3275 243 3334 sicut
258 3273 406 3352 homines,
423 3277 448 3334 si
463 3274 539 3335 aliud
554 3284 747 3352 acceperunt,
765 3274 937 3352 quamquod
951 3273 1150 3350 habuerant,8

118 3375 239 3433 nomen,
266 3358 352 3417 iidem
375 3368 440 3418 sunt
467 3368 581 3419 tamen:
603 3360 642 3417 ita
661 3356 751 3433 haec,
777 3358 814 3418 de
838 3357 942 3436 quihus
966 3358 1119 3435 loquimur,

117 3443 182 3502 siva
206 3442 283 3520 tropi
305 3444 367 3501 sive
388 3442 499 3519 ligurae
520 3441 666 3519 dicentur,
688 3441 763 3501 idem
784 3440 921 3502 efficient.
966 3440 1031 3502 Non
1047 3442 1122 3502 enim
