<?xml version="1.0" encoding="UTF-8"?>
<!DOCTYPE html PUBLIC "-//W3C//DTD XHTML 1.0 Transitional//EN"
    "http://www.w3.org/TR/xhtml1/DTD/xhtml1-transitional.dtd">
<html xmlns="http://www.w3.org/1999/xhtml" xml:lang="en" lang="en">
 <head>
  <title>
</title>
<meta http-equiv="Content-Type" content="text/html;charset=utf-8" />
  <meta name='ocr-system' content='tesseract 3.04.00' />
  <meta name='ocr-capabilities' content='ocr_page ocr_carea ocr_par ocr_line ocrx_word'/>
</head>
<body>
  <div class='ocr_page' id='page_1' title='image "./mfabiiquintilia00bonngoog/mfabiiquintilia00bonngoog_0399.png"; bbox 0 0 2566 4026; ppageno 0'>
   <div class='ocr_carea' id='block_1_1' title="bbox 240 157 947 228">
    <p class='ocr_par' dir='ltr' id='par_1_1' title="bbox 240 157 947 228">
     <span class='ocr_line' id='line_1_1' title="bbox 240 157 947 228; baseline -0.004 -11"><span class='ocrx_word' id='word_1_1' title='bbox 240 157 281 217; x_wconf 80' lang='lat'>62</span> <span class='ocrx_word' id='word_1_2' title='bbox 553 167 918 228; x_wconf 79' lang='lat' dir='ltr'>m.una.oumu1u1nn1</span> <span class='ocrx_word' id='word_1_3' title='bbox 944 172 947 178; x_wconf 92' lang='lat'>·</span> 
     </span>
    </p>
   </div>
   <div class='ocr_carea' id='block_1_2' title="bbox 194 323 1242 3495">
    <p class='ocr_par' dir='ltr' id='par_1_2' title="bbox 238 323 1242 570">
     <span class='ocr_line' id='line_1_2' title="bbox 240 323 1240 401; baseline 0 -17"><span class='ocrx_word' id='word_1_4' title='bbox 240 333 306 384; x_wconf 87' lang='lat' dir='ltr'>aute</span> <span class='ocrx_word' id='word_1_5' title='bbox 322 341 403 382; x_wconf 92' lang='lat' dir='ltr'>suum</span> <span class='ocrx_word' id='word_1_6' title='bbox 421 323 544 401; x_wconf 90' lang='lat' dir='ltr'>quisque</span> <span class='ocrx_word' id='word_1_7' title='bbox 559 323 736 401; x_wconf 88' lang='lat' dir='ltr'>praedonem</span> <span class='ocrx_word' id='word_1_8' title='bbox 751 323 875 382; x_wconf 87' lang='lat' dir='ltr'>catenati</span> <span class='ocrx_word' id='word_1_9' title='bbox 891 331 920 382; x_wconf 89' lang='lat' dir='ltr'>et</span> <span class='ocrx_word' id='word_1_10' title='bbox 938 333 1041 384; x_wconf 91' lang='lat' dir='ltr'>conata</span> <span class='ocrx_word' id='word_1_11' title='bbox 1056 324 1184 384; x_wconf 87' lang='lat' dir='ltr'>retinere</span> <span class='ocrx_word' id='word_1_12' title='bbox 1199 324 1240 384; x_wconf 89' lang='lat' dir='ltr'>in·</span> 
     </span>
     <span class='ocr_line' id='line_1_3' title="bbox 239 405 1242 487; baseline 0.001 -20"><span class='ocrx_word' id='word_1_13' title='bbox 239 409 345 467; x_wconf 90' lang='lat' dir='ltr'>fantem</span> <span class='ocrx_word' id='word_1_14' title='bbox 360 424 441 466; x_wconf 90' lang='lat' dir='ltr'>suum</span> <span class='ocrx_word' id='word_1_15' title='bbox 452 414 604 482; x_wconf 85' lang='lat' dir='ltr'>meteret,</span> <span class='ocrx_word' id='word_1_16' title='bbox 628 405 720 465; x_wconf 82' lang='lat' dir='ltr'>sicubi</span> <span class='ocrx_word' id='word_1_17' title='bbox 734 407 824 465; x_wconf 88' lang='lat' dir='ltr'>maius</span> <span class='ocrx_word' id='word_1_18' title='bbox 838 405 949 465; x_wconf 93' lang='lat' dir='ltr'>lucrum</span> <span class='ocrx_word' id='word_1_19' title='bbox 967 416 1028 485; x_wconf 88' lang='lat' dir='ltr'>est,</span> <span class='ocrx_word' id='word_1_20' title='bbox 1053 426 1150 487; x_wconf 84' lang='lat' dir='ltr'>pugna</span> <span class='ocrx_word' id='word_1_21' title='bbox 1166 409 1242 468; x_wconf 92' lang='lat' dir='ltr'>inter</span> 
     </span>
     <span class='ocr_line' id='line_1_4' title="bbox 238 488 1240 570; baseline 0 -20"><span class='ocrx_word' id='word_1_22' title='bbox 238 493 376 550; x_wconf 86' lang='lat' dir='ltr'>victores.</span> <span class='ocrx_word' id='word_1_23' title='bbox 422 488 504 549; x_wconf 88' lang='lat' dir='ltr'>Licet</span> <span class='ocrx_word' id='word_1_24' title='bbox 527 491 600 548; x_wconf 95' lang='lat' dir='ltr'>enim</span> <span class='ocrx_word' id='word_1_25' title='bbox 630 488 705 549; x_wconf 86' lang='lat' dir='ltr'>baec</span> <span class='ocrx_word' id='word_1_26' title='bbox 731 490 841 566; x_wconf 90' lang='lat' dir='ltr'>omnia,</span> <span class='ocrx_word' id='word_1_27' title='bbox 868 499 899 548; x_wconf 94' lang='lat' dir='ltr'>ut</span> <span class='ocrx_word' id='word_1_28' title='bbox 927 489 1000 566; x_wconf 82' lang='lat' dir='ltr'>dixi,</span> <span class='ocrx_word' id='word_1_29' title='bbox 1030 492 1240 570; x_wconf 79' lang='lat' dir='ltr'>complectatur</span> 
     </span>
    </p>

    <p class='ocr_par' dir='ltr' id='par_1_3' title="bbox 198 573 1240 885">
     <span class='ocr_line' id='line_1_5' title="bbox 198 573 1239 651; baseline -0.004 -14"><span class='ocrx_word' id='word_1_30' title='bbox 198 583 232 643; x_wconf 86' lang='grc'>70</span> <span class='ocrx_word' id='word_1_31' title='bbox 240 577 370 650; x_wconf 82' lang='lat' dir='ltr'>eversio,</span> <span class='ocrx_word' id='word_1_32' title='bbox 388 573 479 633; x_wconf 91' lang='lat' dir='ltr'>minus</span> <span class='ocrx_word' id='word_1_33' title='bbox 495 582 541 632; x_wconf 88' lang='lat' dir='ltr'>est</span> <span class='ocrx_word' id='word_1_34' title='bbox 556 582 651 632; x_wconf 92' lang='lat' dir='ltr'>tamen</span> <span class='ocrx_word' id='word_1_35' title='bbox 666 580 756 632; x_wconf 89' lang='lat' dir='ltr'>totum</span> <span class='ocrx_word' id='word_1_36' title='bbox 772 573 870 632; x_wconf 83' lang='lat' dir='ltr'>dicere</span> <span class='ocrx_word' id='word_1_37' title='bbox 887 591 971 651; x_wconf 89' lang='lat' dir='ltr'>quam</span> <span class='ocrx_word' id='word_1_38' title='bbox 987 576 1090 635; x_wconf 89' lang='lat' dir='ltr'>omnia.</span> <span class='ocrx_word' id='word_1_39' title='bbox 1128 573 1239 634; x_wconf 81' lang='lat' dir='ltr'>Conse·</span> 
     </span>
     <span class='ocr_line' id='line_1_6' title="bbox 243 656 1240 736; baseline 0.001 -19"><span class='ocrx_word' id='word_1_40' title='bbox 243 676 362 736; x_wconf 91' lang='lat' dir='ltr'>quemur</span> <span class='ocrx_word' id='word_1_41' title='bbox 383 665 493 732; x_wconf 89' lang='lat' dir='ltr'>autem,</span> <span class='ocrx_word' id='word_1_42' title='bbox 515 666 546 715; x_wconf 91' lang='lat' dir='ltr'>ut</span> <span class='ocrx_word' id='word_1_43' title='bbox 566 657 716 716; x_wconf 85' lang='lat' dir='ltr'>manifesta</span> <span class='ocrx_word' id='word_1_44' title='bbox 739 659 811 732; x_wconf 90' lang='lat' dir='ltr'>siut,</span> <span class='ocrx_word' id='word_1_45' title='bbox 834 658 859 716; x_wconf 90' lang='lat' dir='ltr'>si</span> <span class='ocrx_word' id='word_1_46' title='bbox 881 656 986 718; x_wconf 88' lang='lat' dir='ltr'>fuerint</span> <span class='ocrx_word' id='word_1_47' title='bbox 1007 658 1190 727; x_wconf 89' lang='lat' dir='ltr'>verisimilia;</span> <span class='ocrx_word' id='word_1_48' title='bbox 1211 667 1240 718; x_wconf 88' lang='lat' dir='ltr'>et</span> 
     </span>
     <span class='ocr_line' id='line_1_7' title="bbox 239 739 1240 820; baseline 0 -19"><span class='ocrx_word' id='word_1_49' title='bbox 239 741 340 802; x_wconf 87' lang='lat' dir='ltr'>licebit</span> <span class='ocrx_word' id='word_1_50' title='bbox 361 743 446 801; x_wconf 91' lang='lat' dir='ltr'>etiam</span> <span class='ocrx_word' id='word_1_51' title='bbox 468 739 544 800; x_wconf 88' lang='lat' dir='ltr'>falso</span> <span class='ocrx_word' id='word_1_52' title='bbox 567 739 708 817; x_wconf 83' lang='lat' dir='ltr'>affingere</span> <span class='ocrx_word' id='word_1_53' title='bbox 726 739 863 818; x_wconf 93' lang='lat' dir='ltr'>quidquid</span> <span class='ocrx_word' id='word_1_54' title='bbox 885 739 948 800; x_wconf 86' lang='lat' dir='ltr'>fieri</span> <span class='ocrx_word' id='word_1_55' title='bbox 965 741 1052 802; x_wconf 91' lang='lat' dir='ltr'>solet.</span> <span class='ocrx_word' id='word_1_56' title='bbox 1085 740 1240 820; x_wconf 78' lang='lat' dir='ltr'>Continget</span> 
     </span>
     <span class='ocr_line' id='line_1_8' title="bbox 240 823 860 885; baseline -0.002 0"><span class='ocrx_word' id='word_1_57' title='bbox 240 826 341 885; x_wconf 89' lang='lat' dir='ltr'>eadem</span> <span class='ocrx_word' id='word_1_58' title='bbox 359 824 475 884; x_wconf 83' lang='lat' dir='ltr'>claritas</span> <span class='ocrx_word' id='word_1_59' title='bbox 491 825 576 884; x_wconf 88' lang='lat' dir='ltr'>etiam</span> <span class='ocrx_word' id='word_1_60' title='bbox 592 842 630 883; x_wconf 91' lang='lat' dir='ltr'>ex</span> <span class='ocrx_word' id='word_1_61' title='bbox 648 823 860 884; x_wconf 89' lang='lat' dir='ltr'>accidentibus:</span> 
     </span>
    </p>

    <p class='ocr_par' dir='ltr' id='par_1_4' title="bbox 311 905 1173 1239">
     <span class='ocr_line' id='line_1_9' title="bbox 592 905 999 986; baseline 0.012 -21"><span class='ocrx_word' id='word_1_62' title='bbox 592 941 635 951; x_wconf 93' lang='lat'><em>-</em></span> <span class='ocrx_word' id='word_1_63' title='bbox 651 905 728 969; x_wconf 78' lang='lat' dir='ltr'>Mitt</span> <span class='ocrx_word' id='word_1_64' title='bbox 739 908 875 986; x_wconf 76' lang='lat' dir='ltr'>fripe&#39;duc</span> <span class='ocrx_word' id='word_1_65' title='bbox 889 908 999 970; x_wconf 76' lang='lat' dir='ltr'>terror</span> 
     </span>
     <span class='ocr_line' id='line_1_10' title="bbox 311 989 1173 1071; baseline 0.001 -20"><span class='ocrx_word' id='word_1_66' title='bbox 311 990 450 1053; x_wconf 82' lang='lat' dir='ltr'>Membro</span> <span class='ocrx_word' id='word_1_67' title='bbox 466 991 572 1069; x_wconf 81' lang='lat' dir='ltr'>quatit,</span> <span class='ocrx_word' id='word_1_68' title='bbox 586 989 765 1070; x_wconf 68' lang='lat' dir='ltr'>pelicesque</span> <span class='ocrx_word' id='word_1_69' title='bbox 781 992 840 1053; x_wconf 81' lang='lat' dir='ltr'>coit</span> <span class='ocrx_word' id='word_1_70' title='bbox 858 991 1024 1070; x_wconf 75' lang='lat' dir='ltr'>formidine</span> <span class='ocrx_word' id='word_1_71' title='bbox 1037 993 1173 1071; x_wconf 75' lang='lat' dir='ltr'>sanquis.</span> 
     </span>
     <span class='ocr_line' id='line_1_11' title="bbox 320 1156 1156 1239; baseline -0.001 -19"><span class='ocrx_word' id='word_1_72' title='bbox 320 1193 363 1206; x_wconf 73' lang='lat'><em>-</em></span> <span class='ocrx_word' id='word_1_73' title='bbox 380 1156 534 1239; x_wconf 80' lang='lat' dir='ltr'>Trepidoe</span> <span class='ocrx_word' id='word_1_74' title='bbox 554 1167 669 1221; x_wconf 82' lang='lat' dir='ltr'>matres</span> <span class='ocrx_word' id='word_1_75' title='bbox 686 1177 831 1238; x_wconf 79' lang='lat' dir='ltr'>pressere</span> <span class='ocrx_word' id='word_1_76' title='bbox 852 1159 897 1220; x_wconf 82' lang='lat' dir='ltr'>cd</span> <span class='ocrx_word' id='word_1_77' title='bbox 913 1163 1042 1238; x_wconf 79' lang='lat' dir='ltr'>pectora</span> <span class='ocrx_word' id='word_1_78' title='bbox 1056 1168 1156 1222; x_wconf 82' lang='lat' dir='ltr'>notos.</span> 
     </span>
    </p>

    <p class='ocr_par' dir='ltr' id='par_1_5' title="bbox 194 1242 1241 1574">
     <span class='ocr_line' id='line_1_12' title="bbox 194 1242 1240 1324; baseline -0.008 -12"><span class='ocrx_word' id='word_1_79' title='bbox 194 1255 227 1312; x_wconf 88' lang='lat' dir='ltr'>&#39;ll</span> <span class='ocrx_word' id='word_1_80' title='bbox 237 1248 334 1324; x_wconf 82' lang='lat' dir='ltr'>Atque</span> <span class='ocrx_word' id='word_1_81' title='bbox 349 1245 432 1305; x_wconf 87' lang='lat' dir='ltr'>huius</span> <span class='ocrx_word' id='word_1_82' title='bbox 448 1260 591 1318; x_wconf 90' lang='lat' dir='ltr'>summae,</span> <span class='ocrx_word' id='word_1_83' title='bbox 615 1242 721 1303; x_wconf 89' lang='lat' dir='ltr'>iudicio</span> <span class='ocrx_word' id='word_1_84' title='bbox 738 1242 853 1320; x_wconf 89' lang='lat' dir='ltr'>quidem</span> <span class='ocrx_word' id='word_1_85' title='bbox 870 1259 951 1318; x_wconf 89' lang='lat' dir='ltr'>meo,</span> <span class='ocrx_word' id='word_1_86' title='bbox 975 1243 1088 1302; x_wconf 87' lang='lat' dir='ltr'>virtutis</span> <span class='ocrx_word' id='word_1_87' title='bbox 1103 1243 1240 1305; x_wconf 86' lang='lat' dir='ltr'>facillima</span> 
     </span>
     <span class='ocr_line' id='line_1_13' title="bbox 240 1323 1241 1404; baseline -0.003 -15"><span class='ocrx_word' id='word_1_88' title='bbox 240 1340 285 1390; x_wconf 93' lang='lat' dir='ltr'>est</span> <span class='ocrx_word' id='word_1_89' title='bbox 299 1333 355 1390; x_wconf 90' lang='lat' dir='ltr'>via.</span> <span class='ocrx_word' id='word_1_90' title='bbox 395 1327 532 1389; x_wconf 89' lang='lat' dir='ltr'>Naturam</span> <span class='ocrx_word' id='word_1_91' title='bbox 552 1329 725 1403; x_wconf 89' lang='lat' dir='ltr'>intueamur,</span> <span class='ocrx_word' id='word_1_92' title='bbox 750 1326 825 1386; x_wconf 88' lang='lat' dir='ltr'>hanc</span> <span class='ocrx_word' id='word_1_93' title='bbox 846 1343 1009 1404; x_wconf 89' lang='lat' dir='ltr'>sequamur.</span> <span class='ocrx_word' id='word_1_94' title='bbox 1057 1323 1155 1387; x_wconf 88' lang='lat' dir='ltr'>Omnis</span> <span class='ocrx_word' id='word_1_95' title='bbox 1177 1328 1241 1387; x_wconf 71' lang='lat' dir='ltr'>elo-</span> 
     </span>
     <span class='ocr_line' id='line_1_14' title="bbox 240 1409 1240 1492; baseline -0.002 -19"><span class='ocrx_word' id='word_1_96' title='bbox 240 1416 356 1492; x_wconf 90' lang='lat' dir='ltr'>quentia</span> <span class='ocrx_word' id='word_1_97' title='bbox 372 1414 450 1472; x_wconf 86' lang='lat' dir='ltr'>circa</span> <span class='ocrx_word' id='word_1_98' title='bbox 466 1429 557 1490; x_wconf 90' lang='lat' dir='ltr'>opera</span> <span class='ocrx_word' id='word_1_99' title='bbox 574 1413 652 1472; x_wconf 85' lang='lat' dir='ltr'>vitae</span> <span class='ocrx_word' id='word_1_100' title='bbox 668 1419 728 1486; x_wconf 90' lang='lat' dir='ltr'>est,</span> <span class='ocrx_word' id='word_1_101' title='bbox 752 1409 787 1469; x_wconf 86' lang='lat' dir='ltr'>ad</span> <span class='ocrx_word' id='word_1_102' title='bbox 803 1429 836 1469; x_wconf 94' lang='lat' dir='ltr'>se</span> <span class='ocrx_word' id='word_1_103' title='bbox 851 1410 943 1469; x_wconf 84' lang='lat' dir='ltr'>refert</span> <span class='ocrx_word' id='word_1_104' title='bbox 957 1410 1081 1488; x_wconf 88' lang='lat' dir='ltr'>quisque</span> <span class='ocrx_word' id='word_1_105' title='bbox 1099 1429 1174 1489; x_wconf 88' lang='lat' dir='ltr'>quae</span> <span class='ocrx_word' id='word_1_106' title='bbox 1191 1429 1240 1473; x_wconf 77' lang='lat' dir='ltr'>au·</span> 
     </span>
     <span class='ocr_line' id='line_1_15' title="bbox 238 1494 1087 1574; baseline -0.007 -17"><span class='ocrx_word' id='word_1_107' title='bbox 238 1497 288 1574; x_wconf 93' lang='lat' dir='ltr'>dit,</span> <span class='ocrx_word' id='word_1_108' title='bbox 306 1506 336 1556; x_wconf 93' lang='grc' dir='ltr'><strong>ει</strong></span> <span class='ocrx_word' id='word_1_109' title='bbox 352 1495 379 1555; x_wconf 95' lang='lat' dir='ltr'>id</span> <span class='ocrx_word' id='word_1_110' title='bbox 391 1495 529 1556; x_wconf 85' lang='lat' dir='ltr'>facillime</span> <span class='ocrx_word' id='word_1_111' title='bbox 545 1497 691 1574; x_wconf 90' lang='lat' dir='ltr'>accipiunt</span> <span class='ocrx_word' id='word_1_112' title='bbox 708 1494 802 1569; x_wconf 93' lang='lat' dir='ltr'>animi,</span> <span class='ocrx_word' id='word_1_113' title='bbox 820 1494 897 1572; x_wconf 95' lang='lat' dir='ltr'>quod</span> <span class='ocrx_word' id='word_1_114' title='bbox 915 1502 1087 1571; x_wconf 85' lang='lat' dir='ltr'>agnoscunt.</span> 
     </span>
    </p>

    <p class='ocr_par' dir='ltr' id='par_1_6' title="bbox 195 1577 1241 1907">
     <span class='ocr_line' id='line_1_16' title="bbox 195 1577 1241 1657; baseline -0.006 -13"><span class='ocrx_word' id='word_1_115' title='bbox 195 1588 229 1645; x_wconf 79' lang='lat' dir='ltr'>ta</span> <span class='ocrx_word' id='word_1_116' title='bbox 324 1579 478 1639; x_wconf 90' lang='lat' dir='ltr'>Praeclare</span> <span class='ocrx_word' id='word_1_117' title='bbox 506 1594 578 1637; x_wconf 87' lang='lat' dir='ltr'>vero</span> <span class='ocrx_word' id='word_1_118' title='bbox 606 1578 641 1638; x_wconf 86' lang='lat' dir='ltr'>ad</span> <span class='ocrx_word' id='word_1_119' title='bbox 668 1577 845 1638; x_wconf 86' lang='lat' dir='ltr'>inferendam</span> <span class='ocrx_word' id='word_1_120' title='bbox 870 1577 958 1637; x_wconf 88' lang='lat' dir='ltr'>rebus</span> <span class='ocrx_word' id='word_1_121' title='bbox 987 1577 1082 1637; x_wconf 91' lang='lat' dir='ltr'>lucem</span> <span class='ocrx_word' id='word_1_122' title='bbox 1103 1587 1241 1657; x_wconf 87' lang='lat' dir='ltr'>repertae</span> 
     </span>
     <span class='ocr_line' id='line_1_17' title="bbox 238 1661 1240 1740; baseline -0.002 -17"><span class='ocrx_word' id='word_1_123' title='bbox 238 1672 304 1723; x_wconf 91' lang='lat' dir='ltr'>sunt</span> <span class='ocrx_word' id='word_1_124' title='bbox 325 1661 615 1731; x_wconf 89' lang='lat' dir='ltr'>similitudines;</span> <span class='ocrx_word' id='word_1_125' title='bbox 643 1679 762 1740; x_wconf 90' lang='lat' dir='ltr'>quarum</span> <span class='ocrx_word' id='word_1_126' title='bbox 778 1661 852 1720; x_wconf 90' lang='lat' dir='ltr'>aliae</span> <span class='ocrx_word' id='word_1_127' title='bbox 870 1669 950 1737; x_wconf 88' lang='lat' dir='ltr'>sunt,</span> <span class='ocrx_word' id='word_1_128' title='bbox 970 1678 1044 1739; x_wconf 88' lang='lat' dir='ltr'>quae</span> <span class='ocrx_word' id='word_1_129' title='bbox 1059 1661 1240 1740; x_wconf 87' lang='lat' dir='ltr'>probationis</span> 
     </span>
     <span class='ocr_line' id='line_1_18' title="bbox 237 1744 1239 1825; baseline 0 -20"><span class='ocrx_word' id='word_1_130' title='bbox 237 1748 330 1825; x_wconf 77' lang='lat' dir='ltr'>gratia</span> <span class='ocrx_word' id='word_1_131' title='bbox 350 1746 424 1804; x_wconf 89' lang='lat' dir='ltr'>inter</span> <span class='ocrx_word' id='word_1_132' title='bbox 440 1753 607 1823; x_wconf 80' lang='lat' dir='ltr'>argumenta</span> <span class='ocrx_word' id='word_1_133' title='bbox 626 1753 785 1823; x_wconf 91' lang='lat' dir='ltr'>ponuntur,</span> <span class='ocrx_word' id='word_1_134' title='bbox 810 1746 884 1805; x_wconf 85' lang='lat' dir='ltr'>aliae</span> <span class='ocrx_word' id='word_1_135' title='bbox 905 1744 940 1804; x_wconf 86' lang='lat' dir='ltr'>ad</span> <span class='ocrx_word' id='word_1_136' title='bbox 961 1746 1177 1822; x_wconf 85' lang='lat' dir='ltr'>exprimendam</span> <span class='ocrx_word' id='word_1_137' title='bbox 1194 1763 1239 1805; x_wconf 90' lang='lat' dir='ltr'>re·</span> 
     </span>
     <span class='ocr_line' id='line_1_19' title="bbox 236 1827 1198 1907; baseline -0.001 -17"><span class='ocrx_word' id='word_1_138' title='bbox 236 1848 298 1890; x_wconf 90' lang='lat' dir='ltr'>rum</span> <span class='ocrx_word' id='word_1_139' title='bbox 315 1830 466 1906; x_wconf 86' lang='lat' dir='ltr'>imaginem</span> <span class='ocrx_word' id='word_1_140' title='bbox 483 1830 677 1907; x_wconf 88' lang='lat' dir='ltr'>compositae,</span> <span class='ocrx_word' id='word_1_141' title='bbox 700 1827 779 1907; x_wconf 92' lang='lat' dir='ltr'>quod</span> <span class='ocrx_word' id='word_1_142' title='bbox 794 1838 839 1888; x_wconf 89' lang='lat' dir='ltr'>est</span> <span class='ocrx_word' id='word_1_143' title='bbox 855 1827 938 1888; x_wconf 91' lang='lat' dir='ltr'>huius</span> <span class='ocrx_word' id='word_1_144' title='bbox 956 1828 1015 1888; x_wconf 92' lang='lat' dir='ltr'>loci</span> <span class='ocrx_word' id='word_1_145' title='bbox 1030 1831 1198 1907; x_wconf 89' lang='lat' dir='ltr'>proprium:</span> 
     </span>
    </p>

    <p class='ocr_par' dir='ltr' id='par_1_7' title="bbox 235 1911 1135 2242">
     <span class='ocr_line' id='line_1_20' title="bbox 362 1911 1107 1992; baseline 0.007 -20"><span class='ocrx_word' id='word_1_146' title='bbox 362 1946 404 1956; x_wconf 96' lang='lat'>—</span> <span class='ocrx_word' id='word_1_147' title='bbox 417 1911 498 1975; x_wconf 82' lang='lat' dir='ltr'>fode</span> <span class='ocrx_word' id='word_1_148' title='bbox 513 1912 578 1992; x_wconf 81' lang='lat' dir='ltr'>lupi</span> <span class='ocrx_word' id='word_1_149' title='bbox 596 1931 652 1974; x_wconf 83' lang='lat' dir='ltr'>ccc</span> <span class='ocrx_word' id='word_1_150' title='bbox 667 1911 819 1991; x_wconf 80' lang='lat' dir='ltr'>Raptores</span> <span class='ocrx_word' id='word_1_151' title='bbox 837 1922 910 1973; x_wconf 84' lang='lat' dir='ltr'>atra</span> <span class='ocrx_word' id='word_1_152' title='bbox 930 1915 963 1972; x_wconf 81' lang='lat' dir='ltr'>tn</span> <span class='ocrx_word' id='word_1_153' title='bbox 984 1913 1107 1977; x_wconf 85' lang='lat' dir='ltr'>nebulo.</span> 
     </span>
     <span class='ocr_line' id='line_1_21' title="bbox 235 1997 273 2057; baseline -0.053 0"><span class='ocrx_word' id='word_1_154' title='bbox 235 1997 273 2057; x_wconf 85' lang='lat' dir='ltr'>Et</span> 
     </span>
     <span class='ocr_line' id='line_1_22' title="bbox 336 2076 1079 2159; baseline -0.001 -19"><span class='ocrx_word' id='word_1_155' title='bbox 336 2113 377 2122; x_wconf 88' lang='lat'>—</span> <span class='ocrx_word' id='word_1_156' title='bbox 389 2076 449 2140; x_wconf 81' lang='lat' dir='ltr'>Aoi</span> <span class='ocrx_word' id='word_1_157' title='bbox 462 2079 590 2150; x_wconf 70' lang='lat' dir='ltr'>similes:</span> <span class='ocrx_word' id='word_1_158' title='bbox 605 2096 687 2159; x_wconf 83' lang='lat' dir='ltr'>quoe</span> <span class='ocrx_word' id='word_1_159' title='bbox 704 2081 820 2141; x_wconf 78' lang='lat' dir='ltr'>circum</span> <span class='ocrx_word' id='word_1_160' title='bbox 835 2080 944 2156; x_wconf 81' lang='lat' dir='ltr'>litora,</span> <span class='ocrx_word' id='word_1_161' title='bbox 961 2076 1079 2140; x_wconf 77' lang='lat' dir='ltr'>circem</span> 
     </span>
     <span class='ocr_line' id='line_1_23' title="bbox 334 2162 1135 2242; baseline 0.004 -19"><span class='ocrx_word' id='word_1_162' title='bbox 334 2162 474 2226; x_wconf 81' lang='lat' dir='ltr'>Piscosos</span> <span class='ocrx_word' id='word_1_163' title='bbox 493 2166 635 2242; x_wconf 80' lang='lat' dir='ltr'>scopulos</span> <span class='ocrx_word' id='word_1_164' title='bbox 652 2165 772 2225; x_wconf 78' lang='lat' dir='ltr'>homilis</span> <span class='ocrx_word' id='word_1_165' title='bbox 785 2164 867 2224; x_wconf 85' lang='lat' dir='ltr'>ootot</span> <span class='ocrx_word' id='word_1_166' title='bbox 882 2179 1020 2240; x_wconf 81' lang='lat' dir='ltr'>aequora</span> <span class='ocrx_word' id='word_1_167' title='bbox 1036 2164 1135 2225; x_wconf 68' lang='lat' dir='ltr'>tumea.</span> 
     </span>
    </p>

    <p class='ocr_par' dir='ltr' id='par_1_8' title="bbox 194 2246 1241 2662">
     <span class='ocr_line' id='line_1_24' title="bbox 194 2246 1241 2327; baseline -0.003 -15"><span class='ocrx_word' id='word_1_168' title='bbox 194 2255 228 2312; x_wconf 81' lang='lat' dir='ltr'>te</span> <span class='ocrx_word' id='word_1_169' title='bbox 237 2247 301 2322; x_wconf 85' lang='lat' dir='ltr'>Quo</span> <span class='ocrx_word' id='word_1_170' title='bbox 321 2249 350 2307; x_wconf 90' lang='lat' dir='ltr'>in</span> <span class='ocrx_word' id='word_1_171' title='bbox 365 2265 475 2324; x_wconf 84' lang='lat' dir='ltr'>genere</span> <span class='ocrx_word' id='word_1_172' title='bbox 496 2247 524 2307; x_wconf 95' lang='lat' dir='ltr'>id</span> <span class='ocrx_word' id='word_1_173' title='bbox 544 2256 590 2307; x_wconf 88' lang='lat' dir='ltr'>est</span> <span class='ocrx_word' id='word_1_174' title='bbox 604 2249 763 2327; x_wconf 90' lang='lat' dir='ltr'>praecipue</span> <span class='ocrx_word' id='word_1_175' title='bbox 783 2246 1017 2322; x_wconf 90' lang='lat' dir='ltr'>custodiendum,</span> <span class='ocrx_word' id='word_1_176' title='bbox 1039 2264 1076 2305; x_wconf 89' lang='lat' dir='ltr'>ne</span> <span class='ocrx_word' id='word_1_177' title='bbox 1091 2246 1138 2323; x_wconf 90' lang='lat' dir='ltr'>id,</span> <span class='ocrx_word' id='word_1_178' title='bbox 1163 2248 1241 2326; x_wconf 96' lang='lat' dir='ltr'>quod</span> 
     </span>
     <span class='ocr_line' id='line_1_25' title="bbox 239 2328 1239 2409; baseline -0.001 -18"><span class='ocrx_word' id='word_1_179' title='bbox 239 2330 429 2392; x_wconf 83' lang='lat' dir='ltr'>similitudinis</span> <span class='ocrx_word' id='word_1_180' title='bbox 447 2332 540 2409; x_wconf 82' lang='lat' dir='ltr'>gratia</span> <span class='ocrx_word' id='word_1_181' title='bbox 556 2333 726 2407; x_wconf 81' lang='lat' dir='ltr'>ascivimus,</span> <span class='ocrx_word' id='word_1_182' title='bbox 748 2338 797 2390; x_wconf 90' lang='lat' dir='ltr'>aut</span> <span class='ocrx_word' id='word_1_183' title='bbox 812 2328 968 2390; x_wconf 90' lang='lat' dir='ltr'>obscurum</span> <span class='ocrx_word' id='word_1_184' title='bbox 983 2332 1020 2389; x_wconf 93' lang='lat' dir='ltr'>sit</span> <span class='ocrx_word' id='word_1_185' title='bbox 1036 2339 1084 2390; x_wconf 86' lang='lat' dir='ltr'>aut</span> <span class='ocrx_word' id='word_1_186' title='bbox 1100 2332 1239 2408; x_wconf 79' lang='lat' dir='ltr'>ignotum.</span> 
     </span>
     <span class='ocr_line' id='line_1_26' title="bbox 238 2414 1239 2494; baseline 0 -20"><span class='ocrx_word' id='word_1_187' title='bbox 238 2414 335 2474; x_wconf 89' lang='lat' dir='ltr'>Debet</span> <span class='ocrx_word' id='word_1_188' title='bbox 350 2417 440 2491; x_wconf 89' lang='lat' dir='ltr'>enim,</span> <span class='ocrx_word' id='word_1_189' title='bbox 468 2414 545 2494; x_wconf 91' lang='lat' dir='ltr'>quod</span> <span class='ocrx_word' id='word_1_190' title='bbox 561 2415 749 2475; x_wconf 84' lang='lat' dir='ltr'>illustrandae</span> <span class='ocrx_word' id='word_1_191' title='bbox 770 2414 890 2474; x_wconf 90' lang='lat' dir='ltr'>alterius</span> <span class='ocrx_word' id='word_1_192' title='bbox 908 2415 951 2473; x_wconf 90' lang='lat' dir='ltr'>rei</span> <span class='ocrx_word' id='word_1_193' title='bbox 966 2415 1059 2492; x_wconf 80' lang='lat' dir='ltr'>gratia</span> <span class='ocrx_word' id='word_1_194' title='bbox 1075 2416 1239 2492; x_wconf 83' lang='lat' dir='ltr'>assumitur,</span> 
     </span>
     <span class='ocr_line' id='line_1_27' title="bbox 238 2497 1241 2578; baseline 0.001 -21"><span class='ocrx_word' id='word_1_195' title='bbox 238 2501 331 2578; x_wconf 91' lang='lat' dir='ltr'>ipsum</span> <span class='ocrx_word' id='word_1_196' title='bbox 355 2516 422 2557; x_wconf 91' lang='lat' dir='ltr'>esse</span> <span class='ocrx_word' id='word_1_197' title='bbox 439 2499 545 2558; x_wconf 91' lang='lat' dir='ltr'>clarius</span> <span class='ocrx_word' id='word_1_198' title='bbox 564 2515 611 2575; x_wconf 94' lang='lat' dir='ltr'>eo,</span> <span class='ocrx_word' id='word_1_199' title='bbox 629 2501 706 2577; x_wconf 93' lang='lat' dir='ltr'>quod</span> <span class='ocrx_word' id='word_1_200' title='bbox 722 2498 869 2558; x_wconf 84' lang='lat' dir='ltr'>illuminat.</span> <span class='ocrx_word' id='word_1_201' title='bbox 899 2497 995 2571; x_wconf 83' lang='lat' dir='ltr'>Quare</span> <span class='ocrx_word' id='word_1_202' title='bbox 1011 2498 1107 2576; x_wconf 87' lang='lat' dir='ltr'>poetis</span> <span class='ocrx_word' id='word_1_203' title='bbox 1125 2499 1241 2577; x_wconf 90' lang='lat' dir='ltr'>quidem</span> 
     </span>
     <span class='ocr_line' id='line_1_28' title="bbox 236 2581 757 2662; baseline -0.002 -21"><span class='ocrx_word' id='word_1_204' title='bbox 236 2584 432 2662; x_wconf 87' lang='lat' dir='ltr'>permittamus</span> <span class='ocrx_word' id='word_1_205' title='bbox 453 2581 593 2641; x_wconf 89' lang='lat' dir='ltr'>eiusmodi</span> <span class='ocrx_word' id='word_1_206' title='bbox 610 2581 757 2660; x_wconf 89' lang='lat' dir='ltr'>exempla:</span> 
     </span>
    </p>

    <p class='ocr_par' dir='ltr' id='par_1_9' title="bbox 320 2662 1186 2828">
     <span class='ocr_line' id='line_1_29' title="bbox 323 2662 1186 2744; baseline 0 -18"><span class='ocrx_word' id='word_1_207' title='bbox 323 2663 447 2743; x_wconf 78' lang='lat' dir='ltr'>Qualis,</span> <span class='ocrx_word' id='word_1_208' title='bbox 462 2666 517 2726; x_wconf 80' lang='lat' dir='ltr'>ubi</span> <span class='ocrx_word' id='word_1_209' title='bbox 532 2666 691 2727; x_wconf 74' lang='lat' dir='ltr'>liberaum</span> <span class='ocrx_word' id='word_1_210' title='bbox 709 2663 835 2744; x_wconf 70' lang='lat' dir='ltr'>Lyctum</span> <span class='ocrx_word' id='word_1_211' title='bbox 850 2663 1025 2743; x_wconf 79' lang='lat' dir='ltr'>Xootltiqce</span> <span class='ocrx_word' id='word_1_212' title='bbox 1039 2662 1156 2743; x_wconf 78' lang='lat' dir='ltr'>{tuente</span> <span class='ocrx_word' id='word_1_213' title='bbox 1183 2707 1186 2711; x_wconf 91' lang='lat'><em>-</em></span> 
     </span>
     <span class='ocr_line' id='line_1_30' title="bbox 320 2745 1095 2828; baseline -0.001 -20"><span class='ocrx_word' id='word_1_214' title='bbox 320 2747 444 2809; x_wconf 74' lang='lat' dir='ltr'>Deserat</span> <span class='ocrx_word' id='word_1_215' title='bbox 461 2756 516 2810; x_wconf 83' lang='lat' dir='ltr'>oct</span> <span class='ocrx_word' id='word_1_216' title='bbox 529 2748 639 2810; x_wconf 80' lang='lat' dir='ltr'>Delum</span> <span class='ocrx_word' id='word_1_217' title='bbox 653 2758 823 2810; x_wconf 84' lang='lat' dir='ltr'>maternam</span> <span class='ocrx_word' id='word_1_218' title='bbox 838 2749 958 2826; x_wconf 68' lang='lat' dir='ltr'>domuit,</span> <span class='ocrx_word' id='word_1_219' title='bbox 980 2745 1095 2828; x_wconf 89' lang='lat' dir='ltr'>Apollo.</span> 
     </span>
    </p>

    <p class='ocr_par' dir='ltr' id='par_1_10' title="bbox 196 2831 1241 3162">
     <span class='ocr_line' id='line_1_31' title="bbox 196 2831 1240 2910; baseline -0.006 -14"><span class='ocrx_word' id='word_1_220' title='bbox 196 2831 302 2896; x_wconf 82' lang='lat' dir='ltr'>⁷4Non</span> <span class='ocrx_word' id='word_1_221' title='bbox 323 2832 398 2892; x_wconf 90' lang='lat' dir='ltr'>idem</span> <span class='ocrx_word' id='word_1_222' title='bbox 414 2840 559 2892; x_wconf 90' lang='lat' dir='ltr'>oratorem</span> <span class='ocrx_word' id='word_1_223' title='bbox 575 2831 708 2908; x_wconf 88' lang='lat' dir='ltr'>decebit,</span> <span class='ocrx_word' id='word_1_224' title='bbox 730 2841 761 2891; x_wconf 89' lang='lat' dir='ltr'>ut</span> <span class='ocrx_word' id='word_1_225' title='bbox 782 2832 906 2892; x_wconf 88' lang='lat' dir='ltr'>occultis</span> <span class='ocrx_word' id='word_1_226' title='bbox 924 2840 1026 2910; x_wconf 90' lang='lat' dir='ltr'>aperta</span> <span class='ocrx_word' id='word_1_227' title='bbox 1049 2832 1240 2892; x_wconf 85' lang='lat' dir='ltr'>demonstret.</span> 
     </span>
     <span class='ocr_line' id='line_1_32' title="bbox 238 2913 1241 2995; baseline 0 -20"><span class='ocrx_word' id='word_1_228' title='bbox 238 2916 297 2975; x_wconf 91' lang='lat' dir='ltr'>Sed</span> <span class='ocrx_word' id='word_1_229' title='bbox 312 2913 382 2974; x_wconf 89' lang='lat' dir='ltr'>illud</span> <span class='ocrx_word' id='word_1_230' title='bbox 402 2931 535 2994; x_wconf 90' lang='lat' dir='ltr'>quoque,</span> <span class='ocrx_word' id='word_1_231' title='bbox 554 2915 591 2975; x_wconf 90' lang='lat' dir='ltr'>de</span> <span class='ocrx_word' id='word_1_232' title='bbox 607 2933 664 2995; x_wconf 90' lang='lat' dir='ltr'>quo</span> <span class='ocrx_word' id='word_1_233' title='bbox 682 2918 710 2975; x_wconf 93' lang='lat' dir='ltr'>in</span> <span class='ocrx_word' id='word_1_234' title='bbox 728 2917 902 2992; x_wconf 84' lang='lat' dir='ltr'>argumentis</span> <span class='ocrx_word' id='word_1_235' title='bbox 920 2914 1057 2992; x_wconf 89' lang='lat' dir='ltr'>diximus,</span> <span class='ocrx_word' id='word_1_236' title='bbox 1080 2914 1241 2975; x_wconf 92' lang='lat' dir='ltr'>similitudi·</span> 
     </span>
     <span class='ocr_line' id='line_1_33' title="bbox 237 2998 1240 3077; baseline 0.001 -20"><span class='ocrx_word' id='word_1_237' title='bbox 237 3001 280 3058; x_wconf 91' lang='lat' dir='ltr'>nis</span> <span class='ocrx_word' id='word_1_238' title='bbox 297 3016 389 3076; x_wconf 86' lang='lat' dir='ltr'>genus</span> <span class='ocrx_word' id='word_1_239' title='bbox 405 3008 488 3058; x_wconf 86' lang='lat' dir='ltr'>oruut</span> <span class='ocrx_word' id='word_1_240' title='bbox 503 3001 662 3059; x_wconf 88' lang='lat' dir='ltr'>orationem</span> <span class='ocrx_word' id='word_1_241' title='bbox 684 3000 811 3077; x_wconf 84' lang='lat' dir='ltr'>facitque</span> <span class='ocrx_word' id='word_1_242' title='bbox 829 3017 892 3058; x_wconf 90' lang='lat' dir='ltr'>eam</span> <span class='ocrx_word' id='word_1_243' title='bbox 907 2998 1074 3075; x_wconf 92' lang='lat' dir='ltr'>sublimem,</span> <span class='ocrx_word' id='word_1_244' title='bbox 1096 2998 1240 3075; x_wconf 84' lang='lat' dir='ltr'>floridam,</span> 
     </span>
     <span class='ocr_line' id='line_1_34' title="bbox 236 3082 1240 3162; baseline -0.002 -20"><span class='ocrx_word' id='word_1_245' title='bbox 236 3082 397 3159; x_wconf 88' lang='lat' dir='ltr'>iucundam,</span> <span class='ocrx_word' id='word_1_246' title='bbox 418 3082 587 3143; x_wconf 82' lang='lat' dir='ltr'>mirabilem.</span> <span class='ocrx_word' id='word_1_247' title='bbox 626 3083 697 3144; x_wconf 90' lang='lat' dir='ltr'>Nam</span> <span class='ocrx_word' id='word_1_248' title='bbox 714 3098 772 3161; x_wconf 91' lang='lat' dir='ltr'>quo</span> <span class='ocrx_word' id='word_1_249' title='bbox 788 3100 921 3160; x_wconf 86' lang='lat' dir='ltr'>quaeque</span> <span class='ocrx_word' id='word_1_250' title='bbox 942 3083 1057 3160; x_wconf 85' lang='lat' dir='ltr'>longius</span> <span class='ocrx_word' id='word_1_251' title='bbox 1073 3084 1165 3162; x_wconf 87' lang='lat' dir='ltr'>petita</span> <span class='ocrx_word' id='word_1_252' title='bbox 1183 3091 1240 3157; x_wconf 88' lang='lat' dir='ltr'>est,</span> 
     </span>
    </p>

    <p class='ocr_par' dir='ltr' id='par_1_11' title="bbox 196 3163 1241 3495">
     <span class='ocr_line' id='line_1_35' title="bbox 196 3163 1241 3245; baseline -0.001 -19"><span class='ocrx_word' id='word_1_253' title='bbox 196 3166 293 3228; x_wconf 71' lang='lat' dir='ltr'>tuboe</span> <span class='ocrx_word' id='word_1_254' title='bbox 310 3166 376 3245; x_wconf 92' lang='lat' dir='ltr'>plus</span> <span class='ocrx_word' id='word_1_255' title='bbox 401 3166 486 3226; x_wconf 83' lang='lat' dir='ltr'>affert</span> <span class='ocrx_word' id='word_1_256' title='bbox 505 3169 641 3226; x_wconf 83' lang='lat' dir='ltr'>novitatis</span> <span class='ocrx_word' id='word_1_257' title='bbox 664 3177 750 3245; x_wconf 88' lang='lat' dir='ltr'>atque</span> <span class='ocrx_word' id='word_1_258' title='bbox 771 3168 955 3245; x_wconf 86' lang='lat' dir='ltr'>inexpectata</span> <span class='ocrx_word' id='word_1_259' title='bbox 978 3167 1069 3243; x_wconf 82' lang='lat' dir='ltr'>magis</span> <span class='ocrx_word' id='word_1_260' title='bbox 1092 3174 1146 3225; x_wconf 90' lang='lat' dir='ltr'>est.</span> <span class='ocrx_word' id='word_1_261' title='bbox 1185 3163 1241 3225; x_wconf 89' lang='lat' dir='ltr'>Illa</span> 
     </span>
     <span class='ocr_line' id='line_1_36' title="bbox 237 3248 1239 3327; baseline 0 -19"><span class='ocrx_word' id='word_1_262' title='bbox 237 3249 368 3327; x_wconf 80' lang='lat' dir='ltr'>vulgaria</span> <span class='ocrx_word' id='word_1_263' title='bbox 393 3249 528 3310; x_wconf 88' lang='lat' dir='ltr'>videntur</span> <span class='ocrx_word' id='word_1_264' title='bbox 556 3259 585 3310; x_wconf 86' lang='lat' dir='ltr'>et</span> <span class='ocrx_word' id='word_1_265' title='bbox 610 3250 690 3309; x_wconf 90' lang='lat' dir='ltr'>utilia</span> <span class='ocrx_word' id='word_1_266' title='bbox 716 3259 823 3309; x_wconf 91' lang='lat' dir='ltr'>tantum</span> <span class='ocrx_word' id='word_1_267' title='bbox 845 3249 882 3311; x_wconf 91' lang='lat' dir='ltr'>ad</span> <span class='ocrx_word' id='word_1_268' title='bbox 904 3249 1113 3311; x_wconf 90' lang='lat' dir='ltr'>conciliandam</span> <span class='ocrx_word' id='word_1_269' title='bbox 1139 3248 1239 3309; x_wconf 88' lang='lat' dir='ltr'>fidem:</span> 
     </span>
     <span class='ocr_line' id='line_1_37' title="bbox 240 3331 1238 3413; baseline 0 -21"><span class='ocrx_word' id='word_1_270' title='bbox 240 3331 278 3393; x_wconf 83' lang='lat' dir='ltr'>Ut</span> <span class='ocrx_word' id='word_1_271' title='bbox 298 3342 414 3394; x_wconf 81' lang='lat' dir='ltr'>terrum</span> <span class='ocrx_word' id='word_1_272' title='bbox 437 3335 520 3395; x_wconf 81' lang='lat' dir='ltr'>cultu</span> <span class='ocrx_word' id='word_1_273' title='bbox 537 3335 584 3395; x_wconf 78' lang='lat' dir='ltr'>otc</span> <span class='ocrx_word' id='word_1_274' title='bbox 605 3335 739 3395; x_wconf 82' lang='lat' dir='ltr'>animum</span> <span class='ocrx_word' id='word_1_275' title='bbox 760 3334 931 3413; x_wconf 74' lang='lat' dir='ltr'>disciplinis</span> <span class='ocrx_word' id='word_1_276' title='bbox 947 3334 1102 3396; x_wconf 82' lang='lat' dir='ltr'>meliorem</span> <span class='ocrx_word' id='word_1_277' title='bbox 1118 3332 1238 3394; x_wconf 77' lang='lat' dir='ltr'>uberio-</span> 
     </span>
     <span class='ocr_line' id='line_1_38' title="bbox 237 3416 1237 3495; baseline 0.002 -21"><span class='ocrx_word' id='word_1_278' title='bbox 237 3431 362 3494; x_wconf 81' lang='lat' dir='ltr'>remque</span> <span class='ocrx_word' id='word_1_279' title='bbox 376 3416 456 3495; x_wconf 75' lang='lat' dir='ltr'>fiert,</span> <span class='ocrx_word' id='word_1_280' title='bbox 473 3424 503 3478; x_wconf 88' lang='lat' dir='ltr'>et</span> <span class='ocrx_word' id='word_1_281' title='bbox 517 3425 551 3479; x_wconf 85' lang='lat' dir='ltr'>ot</span> <span class='ocrx_word' id='word_1_282' title='bbox 561 3417 673 3479; x_wconf 77' lang='lat' dir='ltr'>medici</span> <span class='ocrx_word' id='word_1_283' title='bbox 683 3417 861 3479; x_wconf 78' lang='lat' dir='ltr'>abalienato</span> <span class='ocrx_word' id='word_1_284' title='bbox 873 3417 988 3479; x_wconf 75' lang='lat' dir='ltr'>morbis</span> <span class='ocrx_word' id='word_1_285' title='bbox 1000 3418 1137 3481; x_wconf 82' lang='lat' dir='ltr'>membru</span> <span class='ocrx_word' id='word_1_286' title='bbox 1146 3433 1237 3495; x_wconf 75' lang='lat' dir='ltr'>proe-</span> 
     </span>
    </p>
   </div>
   <div class='ocr_carea' id='block_1_3' title="bbox 0 0 1288 4026">
    <p class='ocr_par' dir='ltr' id='par_1_12' title="bbox 0 0 1288 4026">
     <span class='ocr_line' id='line_1_39' title="bbox 0 0 1288 4026; baseline 0 2"><span class='ocrx_word' id='word_1_287' title='bbox 0 0 1288 4026; x_wconf 95' lang='lat' dir='ltr'> </span> 
     </span>
    </p>
   </div>
  </div>
 </body>
</html>
