2566 4026
159 141 197 203 to
476 155 511 201 ru.
526 153 838 213 cuncubinarum

155 311 233 369 rimis
248 309 352 385 video,
374 317 409 368 ut
426 309 586 368 litterarum
607 311 720 368 nomina
737 319 766 369 et
788 319 953 371 contextum
974 313 1054 391 prius
1077 329 1162 390 quarn

113 395 263 459 utlormas
283 393 397 473 parvuli
416 393 536 453 discant.
565 391 667 452 Obstat
688 393 745 453 lroc
761 397 899 471 agnitioni
921 413 1018 455 earum
1039 412 1098 456 non
1120 398 1161 456 in·

156 477 339 539 tendentibus
353 494 422 536 mox
437 479 558 538 animum
574 475 609 536 ad
625 478 706 555 ipsos
721 478 839 554 ductus,
859 479 924 538 dum
939 480 1161 540 antecedentem

156 563 323 623 memoriam
345 570 512 639 sequuntur.
555 560 637 634 Quae
661 579 749 622 causa
773 572 818 622 est
841 563 1107 642 praecipientibus,
1129 572 1163 622 ut

158 648 259 722 etiem,
283 664 346 706 cum
370 647 439 706 satis
462 645 592 705 ailixissc
613 663 663 705 eas
685 649 783 725 pueris
803 656 886 707 recto
901 647 952 707 illo
968 664 1025 726 quo
1041 649 1162 726 primum

158 730 246 791 scribi
268 729 365 790 solent
387 737 525 790 contextu
545 729 694 806 ridentur,
718 739 887 808 retroagant
907 749 1007 790 rursus
1031 733 1163 791 etruria

159 816 369 894 permutatione
391 813 524 888 turbent,
551 813 646 874 donec
672 814 785 875 litteras
807 817 855 893 qui
881 817 1065 876 instituuntur
1085 815 1162 875 facie

157 901 253 958 norint
266 915 323 958 non
339 898 450 959 ordine.
479 895 666 976 Quapropter
681 901 789 978 optime
804 902 878 959 sicut
893 899 1037 959 hominnm
1052 901 1163 978 pariter

115 998 149 1052 26
160 992 189 1043 et
215 982 329 1042 habitus
359 992 388 1042 et
416 984 529 1042 nomina
559 982 768 1045 edocebuntur.
810 983 869 1043 Sed
897 984 974 1061 qnod
1000 986 1029 1042 in
1058 985 1162 1044 litteris

160 1068 255 1143 obest,
273 1070 301 1127 in
317 1066 437 1142 syllabis
453 1083 510 1125 non
527 1066 654 1127 nocebit.
686 1066 751 1126 Non
768 1067 893 1127 excludo
910 1077 1023 1144 autem,
1039 1068 1067 1126 id
1084 1065 1163 1145 quod

159 1161 204 1212 est
222 1160 335 1227 notum,
351 1151 505 1211 irritandae
523 1150 558 1211 ad
574 1151 741 1211 discendum
757 1151 894 1210 infantiae
909 1155 1002 1228 gratia
1018 1151 1162 1211 eburneas

160 1237 245 1296 etiam
262 1236 422 1296 litterarum
442 1236 548 1295 formas
568 1237 596 1294 in
617 1236 710 1295 lusum
728 1235 850 1304 offerre;
876 1235 925 1296 rel
946 1236 1054 1314 siquid
1073 1232 1161 1310 aliud,

160 1337 217 1400 qno
232 1321 324 1397 magis
339 1319 389 1378 illa
405 1328 485 1379 aetas
500 1319 641 1396 gaudeat,
661 1321 783 1379 inveniri
798 1328 913 1398 potest,
931 1320 1009 1398 quod
1024 1328 1162 1394 tractare,

159 1407 279 1478 intueri,
301 1405 449 1462 nominare
467 1403 618 1463 iucundum
641 1406 687 1463 sit.

117 1500 149 1554 nt
246 1484 318 1546 Cum
334 1504 406 1545 vero
428 1489 482 1546 iarn
501 1479 602 1545 ductus
627 1489 710 1565 sequi
732 1491 883 1566 coeperit,
905 1504 963 1546 non
985 1487 1086 1547 inutile
1109 1488 1164 1546 erit

161 1590 211 1631 eas
228 1569 355 1630 tabellae
371 1587 454 1648 quam
471 1572 578 1649 optime
594 1571 734 1649 insculpi,
760 1581 790 1630 ut
805 1590 859 1649 per
874 1570 941 1631 illos
962 1571 1042 1631 velut
1063 1569 1162 1630 sulcos

161 1657 281 1717 ducatur
296 1655 390 1714 stilus.
420 1652 491 1713 Nam
507 1653 743 1732 nequeerrabit,
767 1654 1003 1734 quemadmodum
1025 1657 1053 1714 in
1075 1654 1162 1728 ceris,

162 1737 372 1819 (continebitur
395 1740 469 1797 enim
492 1741 625 1817 utrinqne
651 1739 826 1816 marginibus
849 1757 944 1818 neque
970 1749 1051 1799 extra
1078 1755 1162 1817 prae·

162 1826 300 1902 scriptum
323 1823 424 1900 egredi
451 1824 575 1903 poterit)
600 1832 629 1882 et
657 1823 784 1882 celerius
810 1842 844 1884 ac
870 1825 987 1902 saepius
1011 1821 1163 1900 sequendo

163 1917 242 1968 certa
257 1909 383 1984 vestigia
404 1906 525 1967 iirmabit
541 1907 695 1982 articulos,
715 1925 810 1986 neque
827 1907 927 1985 egebit
942 1907 1084 1966 adiutorio
1104 1922 1163 1965 ma·

119 2004 227 2060 ‘lunum
245 2009 324 2051 suam
340 2009 422 2051 manu
438 1992 661 2069 superimposita
679 1994 818 2068 regentis.
850 1990 915 2050 Non
933 2001 978 2050 est
993 1991 1087 2050 aliena
1102 2007 1162 2064 res,

163 2094 237 2155 quae
256 2076 320 2135 iere
342 2075 377 2134 ab
396 2075 526 2134 honestis
543 2074 653 2151 negligi
674 2075 768 2150 solet,
792 2093 860 2134 cura
876 2075 952 2134 bene
972 2093 1007 2134 ac
1021 2074 1165 2134 velociter

163 2158 318 2218 scribendi.
351 2157 423 2217 Nam
439 2176 502 2218 cum
518 2161 554 2217 sit
569 2161 598 2217 in
613 2159 714 2218 studiis
731 2161 935 2237 praecipuum,
960 2175 1077 2237 qnoque
1098 2156 1164 2217 solo

162 2261 250 2302 verus
271 2241 322 2301 ille
343 2241 494 2320 proiectus
517 2251 546 2302 et
568 2242 634 2301 altis
657 2242 802 2302 radicibus
824 2245 907 2302 nixus
931 2252 1066 2322 paretur,
1093 2241 1163 2301 scri-

163 2327 251 2386 bere:
279 2328 370 2403 ipsam
396 2325 506 2385 tardior
528 2325 610 2385 stilus
636 2329 842 2403 cogitationem
865 2336 1011 2402 moratur,
1036 2326 1115 2386 rudis
1136 2332 1165 2384 et

165 2410 302 2470 contusus
318 2408 468 2469 intellectu
485 2418 581 2478 caret;
604 2411 679 2470 unde
695 2414 825 2490 seqnitur
840 2411 914 2471 alter
929 2410 1070 2485 dictandi,
1091 2425 1165 2487 quae

121 2506 155 2561 29
165 2493 365 2554 transferenda
385 2502 466 2569 sunt,
489 2493 582 2553 labor.
615 2494 711 2568 Quare
729 2514 791 2555 cunr
807 2513 924 2572 semper
940 2504 968 2553 et
983 2492 1090 2569 ubique
1107 2501 1165 2549 tum

165 2581 322 2658 praecipue
343 2580 371 2637 in
393 2578 526 2655 epistolis
548 2580 671 2638 secretis
691 2589 719 2638 et
741 2577 927 2638 familiaribus
949 2573 1107 2635 delectabit
1128 2591 1164 2632 ne

112 2712 115 2717 ,
165 2664 222 2722 lroc
244 2663 358 2740 quidem
378 2662 543 2739 neglectum
564 2660 727 2738 reliquisse.

124 2760 159 2814 30
251 2745 378 2822 Syllabis
400 2744 507 2805 nullum
529 2744 728 2822 compendium
751 2752 810 2811 est;
833 2741 1043 2821 perdiscendae
1066 2759 1165 2801 omnes

166 2850 237 2906 nec,
254 2839 284 2889 ut
300 2831 330 2888 lit
345 2830 530 2908 pierumque,
550 2827 718 2888 difficillima
734 2844 866 2905 quaeque
883 2844 979 2885 earum
995 2826 1164 2902 differenda,

124 2927 156 2981 31
168 2923 198 2973 ut
220 2916 248 2972 in
270 2913 429 2972 nominibus
450 2911 610 2971 scribendis
632 2911 893 2990 deprehendantur.
930 2907 1005 2982 Quin
1026 2911 1110 2969 immo
1129 2928 1165 2968 ne

168 3000 276 3076 primae
303 2998 416 3074 quidem
443 2997 599 3056 memoriae
625 3005 736 3055 temere
764 2994 950 3062 credendum;
974 3002 1111 3072 repetere
1139 3002 1168 3052 et

168 3082 215 3141 diu
236 3080 381 3140 inculcare
402 3081 489 3140 inerit
509 3079 621 3156 utilius,
641 3089 670 3139 et
690 3081 719 3138 in
739 3080 867 3139 lectione
889 3096 1005 3157 quoque
1020 3094 1077 3138 non
1099 3094 1167 3157 pro-

168 3182 274 3242 perare
296 3164 331 3224 ad
347 3165 565 3224 continuandam
581 3183 643 3224 eam
658 3163 707 3224 vel
723 3163 961 3240 accelerandam,
978 3164 1033 3222 nisi
1049 3181 1112 3223 cum
1128 3163 1168 3222 in·

170 3247 281 3308 offensa
301 3257 388 3326 atque
409 3248 564 3308 indubitata
585 3249 743 3309 litterarum
764 3250 838 3308 inter
860 3266 893 3307 se
913 3249 1077 3308 coniunctio
1102 3264 1168 3325 sup-

169 3329 301 3410 peditare
318 3333 380 3391 sine
395 3332 455 3392 ulla
472 3333 617 3409 cogitandi
635 3332 737 3393 saltem
753 3348 832 3392 mora
854 3334 972 3412 poterit.
1003 3330 1083 3392 Tunc
1098 3333 1169 3410 ipsis
1192 3359 1199 3373 ·

170 3413 291 3490 syllabis
311 3415 400 3476 verba
424 3416 578 3496 complecti
599 3414 628 3478 et
646 3417 691 3476 his
718 3433 881 3476 sermonem
904 3425 1080 3476 connectere
1101 3416 1169 3476 inci·
