2566 4026
396 186 486 236 rusa.
511 187 660 237 aaaron.
683 189 752 236 mn.
777 191 824 256 ur,
853 189 878 248 a,
910 255 912 257 ι
1068 179 1124 240 101

122 359 197 423 quae
215 350 260 401 est
276 351 390 421 tropos,
407 361 518 420 genere
536 346 600 423 ipso
619 343 688 403 nihil
708 344 858 405 admodum
873 345 971 415 distat;
993 349 1037 426 (iu
1048 356 1127 408 utro·

120 445 177 507 que
203 428 278 486 enim
299 429 474 488 contrarium
498 430 541 504 ei,
565 426 643 507 quod
664 428 783 506 dicitur,
814 429 1033 507 intelligendum
1059 436 1125 513 est)

120 512 238 590 species
257 528 330 570 vero
346 511 515 589 prudentius
531 512 651 572 intuenti
673 512 803 573 diversas
828 531 895 572 esse
910 514 998 575 facile
1014 526 1059 576 est
1077 516 1126 576 de-

118 595 313 675 prehendere.
340 595 474 672 Primum‚
492 597 569 675 quod
585 605 687 674 tropos
701 598 830 675 apertior
847 607 948 675 estet,
965 607 1169 700 quanquam45

119 679 197 740 aliud
218 679 287 738 dicit
303 697 338 739 ac
353 681 449 757 sentit,
468 698 526 740 nou
542 680 619 741 aliud
633 689 728 741 tamen
749 681 873 741 simulat.
905 681 977 742 Nam
989 691 1018 743 et
1033 686 1126 744 omnia

119 765 196 834 circa
213 763 276 822 iere
291 771 372 823 reeta
388 773 467 824 sunt:
490 775 520 825 ut
537 764 632 824 illud
623 783 652 822 ιιι
668 763 835 843 Catilinam,
858 764 885 824 A
903 782 962 844 quo
975 771 1125 848 repudia·

118 855 167 910 tus
181 850 226 909 ad
239 847 377 910 sodalem
392 857 486 928 tuum,
501 850 768 929 adrumentorum,
784 848 826 910 M.
836 847 1018 913 Marcoduro
1029 854 1126 914 demi·

115 933 225 1012 qrasti.
265 930 298 991 ln
315 931 427 992 duobus
442 934 555 994 demum
571 932 670 993 verbis
689 943 735 993 est
749 935 851 1010 ironia,
869 952 941 1014 ergo
959 938 1044 996 etiam
1059 936 1125 996 hre-

116 1017 183 1077 vior
211 1024 256 1075 est
286 1024 399 1094 tropos.
444 1017 521 1077 At
512 1037 541 1077 m
561 1016 654 1094 figura
676 1020 764 1078 totius
790 1018 947 1080 voluntatis
974 1021 1053 1080 fictio
1081 1026 1167 1081 estro

117 1118 262 1180 apparens
277 1102 369 1178 magis
387 1119 471 1179 quam
489 1101 643 1178 confessa,
665 1112 696 1162 ut
716 1103 777 1162 illic
792 1102 883 1163 verba
898 1106 954 1164 siut
968 1105 1067 1166 verbis
1083 1106 1124 1167 di-

116 1203 222 1261 versa,
240 1184 287 1244 hic
303 1202 406 1244 seusus
423 1187 550 1246 sermoni
573 1187 663 1266 [voci]
685 1195 715 1246 et
729 1195 790 1246 tota
805 1189 918 1248 interim
933 1207 1039 1250 causae
1056 1207 1124 1249 con·

116 1269 267 1337 formatiot
292 1287 356 1328 cum
378 1271 464 1330 etiam
483 1272 542 1331 vita
565 1270 700 1331 universa
717 1271 838 1331 ironiam
853 1272 963 1333 hahere
979 1274 1123 1352 videatur,

116 1356 211 1434 qualis
233 1364 277 1414 εει
292 1354 355 1414 visa
370 1355 511 1416 Socratis.
548 1353 620 1414 Nam
640 1354 707 1414 ideo
733 1355 872 1415 dictus’
849 1357 944 1436 εΙρων,
967 1375 1057 1435 agens
1073 1360 1123 1417 im·

115 1442 239 1520 peritum
265 1448 294 1499 et
321 1441 522 1500 admiratorem
550 1438 671 1498 aliorum
702 1449 836 1517 tanquam
868 1443 1054 1542 sapientium;
1081 1451 1122 1518 ut,

116 1524 355 1610 quemadmodum
370 1514 550 1604 ἆλΙηγορίαν
569 1524 638 1583 iacit
659 1525 793 1584 contiuua
809 1517 975 1606 μεταφορὰ,
1001 1529 1045 1587 sic
1065 1526 1122 1586 Ιιοε

115 1599 243 1669 schema
251 1609 338 1669 faciat
361 1618 464 1687 tropos
480 1608 530 1668 ille
547 1616 711 1668 contextus.
746 1607 894 1681 Quaedam
913 1627 985 1669 vero
1012 1615 1165 1689 generati

115 1693 199 1753 huius
222 1694 332 1790 figurae
355 1693 462 1752 nullam
490 1712 554 1752 cum
574 1693 667 1771 tropis
684 1691 792 1752 habent
808 1693 994 1770 societatem,
1018 1705 1049 1755 ut
1070 1695 1123 1755 illa

116 1779 211 1837 statim
227 1777 335 1856 prima,
359 1795 433 1855 quae
455 1777 558 1837 dicitur
582 1795 598 1837 a
622 1777 775 1854 negando,
801 1795 885 1855 quam
900 1771 1062 1839 nonnulli’
1044 1779 1124 1839 αντί-

115 1876 228 1940 φρασιν
241 1869 364 1920 vocant:
384 1859 451 1923 Nou
467 1881 559 1941 aqam
576 1870 675 1924 tecum
688 1862 757 1922 iure
771 1882 903 1940 summ,
925 1882 987 1925 nou
1007 1863 1121 1940 dicam,

115 1948 197 2023 quod
210 1945 342 2023 forsitan
359 1946 542 2017 obtineretur
557 1954 587 2006 et
611 1944 694 2020 Quid
714 1965 770 2026 aaa
783 1947 873 2008 istius
892 1948 1031 2025 decreta,
1048 1948 1125 2026 quid

114 2031 263 2108 rapinas,
285 2028 360 2107 quid
376 2031 580 2093 hereditatam
595 2033 805 2110 porrectiones
822 2033 931 2107 datas,
958 2031 1033 2110 quid
1053 2051 1121 2094 ere-

112 2122 186 2194 ptae
194 2115 381 2193 proferam?
405 2124 434 2175 et
454 2114 539 2178 Mitto
557 2116 643 2176 ittam
658 2116 794 2195 primam
814 2116 951 2177 libidinis
964 2117 1122 2192 iniuriam,

115 2206 146 2258 ει
170 2196 216 2260 Νε
236 2199 291 2259 tua
312 2201 434 2277 quidem
455 2200 625 2261 testimonia
648 2200 760 2272 recito,
783 2214 863 2276 quae
884 2201 970 2261 dicta
989 2207 1060 2262 suut
1083 2202 1123 2260 de

115 2280 170 2343 HS
184 2285 383 2362 septiuqeutis
397 2284 529 2360 mitibus,
545 2292 574 2341 et
590 2281 715 2345 Possum
733 2282 848 2344 dicere.
880 2281 991 2356 Quibus
1006 2288 1164 2360 generi-48

115 2367 170 2426 bus
182 2385 236 2445 per
248 2376 324 2426 totas
340 2369 453 2427 interim
469 2369 657 2446 quaestiones
670 2365 867 2426 decurrimus:
881 2375 913 2425 ut
922 2364 1039 2443 Cicero,
1055 2365 1122 2427 Hoc

114 2469 171 2528 eqo
185 2453 213 2512 si
227 2453 274 2512 sic
290 2469 431 2530 caeream,
447 2461 593 2530 tauquam
611 2450 684 2511 mitt
700 2451 815 2510 emmau
833 2458 913 2511 esset
932 2449 1122 2527 diluendum,

115 2535 195 2598 daec
207 2536 349 2615 pluribus
364 2538 508 2601 dicerem.
541 2534 689 2616 ΕΙρωνεΙα
708 2543 763 2610 εει,
781 2542 810 2593 ει
826 2551 890 2593 cum
906 2533 1016 2593 similes
1031 2536 1121 2612 impe·

114 2619 243 2679 rantibus
259 2618 308 2679 vel
323 2619 554 2699 permittentibus
570 2637 681 2681 sumus:

388 2702 417 2781 1,
432 2721 562 2783 sequere
574 2702 700 2765 Italiam
716 2704 831 2775 acutior

117 2797 146 2848 ει
163 2806 294 2864 cumea,
317 2805 392 2866 quae
409 2788 541 2848 nolumus
556 2787 649 2847 videri
667 2787 696 2845 iu
711 2786 886 2847 adversariis
903 2804 990 2863 esse,
1016 2797 1165 2853 conoe-49

116 2871 209 2932 dimus
228 2873 280 2931 eis.
320 2870 352 2931 Id
368 2873 464 2931 acrius
480 2873 526 2948 tit,
549 2889 613 2931 oum
635 2872 736 2932 eadem
759 2871 788 2929 in
803 2870 887 2931 nobis
903 2879 969 2930 suut
986 2871 1058 2929 etin
1074 2869 1122 2929 ad·

115 2957 254 3016 versariis
271 2973 328 3016 non
345 2965 425 3015 sunt:

568 3075 610 3084 —
624 3037 735 3117 Meque
754 3041 872 3103 amaru

230 3123 335 3205 daque
349 3132 391 3201 tu,
406 3122 543 3203 Drance,
558 3125 684 3202 quaudo
698 3129 739 3184 tot
752 3124 860 3186 caedis
875 3141 1005 3185 aceroos

233 3208 420 3272 Teucrorum
436 3218 489 3271 tua
507 3209 619 3270 deutra
635 3207 729 3270 dedit.

117 3293 204 3368 Quod
226 3294 301 3354 idem
320 3302 420 3354 contra
440 3292 536 3369 valet,
562 3310 625 3352 curn
648 3300 696 3351 aut
712 3308 762 3368 ea,
789 3309 863 3369 quae
879 3309 895 3351 a
910 3288 994 3351 uobis
1010 3288 1123 3369 absunt,

117 3387 167 3439 aut
183 3380 268 3438 etiam
284 3396 358 3457 quae
379 3378 407 3436 iu
421 3377 605 3438 adversarios
621 3375 762 3451 recidunt,
779 3377 862 3453 quasi
877 3374 1014 3436 fatemur:

189 3459 240 3525 Me
255 3464 334 3524 duce
348 3461 534 3524 Dardanius
548 3459 696 3540 Spartam
716 3460 905 3540 eupuquaoit
919 3459 1052 3522 adulter.
