2566 4026
410 174 499 223 rusr.
512 174 662 223 onnroa.
673 175 742 222 nus.
754 177 786 243 u,
799 176 843 227 11.
1064 166 1125 228 227

117 332 170 410 qui
186 349 234 391 me
251 330 339 391 eolre
354 328 441 390 donno
457 330 606 409 coepisset
620 332 731 407 armis,
748 330 893 392 boberem
909 335 1078 409 notionem
1099 339 1127 399 si

117 417 170 495 qui
183 415 314 475 introire
328 413 548 492 prohibuisset,
571 431 632 475 non
647 415 814 476 haberem?
846 414 1003 478 Dissimilia
1016 420 1060 480 sic
1075 420 1124 482 de·

116 497 350 578 prehenduutur,
371 494 457 573 Non,
477 499 506 558 sc'
513 543 521 571 ,
539 500 591 575 qui
602 507 764 577 arquatum
774 517 862 561 omne
873 502 1002 579 leqaoit,
1025 505 1127 567 uideri

112 590 213 663 potest
233 583 388 661 siqnatum
410 596 529 659 quoque
548 583 713 661 pecuniam
733 584 913 661 reliquisse:
935 585 1005 646 ideo
1022 589 1123 667 edam,

115 668 259 766 quosl’esl
273 667 306 726 in
320 665 510 741 nominibus,
533 667 607 728 dari
620 667 753 728 noluisse
769 669 917 728 ereditur.

202 748 424 828 Arnloyiur
446 749 559 826 quidam
581 767 597 809 a
618 750 704 809 simili
730 760 957 829 separaverunt,
987 771 1040 814 nos
1063 765 1165 820 eamsl

115 834 277 897 subiectam
297 832 363 891 huic
384 834 490 908 generi
511 844 654 911 putamus.
705 833 792 910 Nam,
816 844 846 893 ut
868 853 952 894 unum
970 837 1005 897 ad
1021 838 1125 898 decem

114 919 155 978 ita
171 917 275 977 decem
291 916 327 976 ad
344 925 473 992 centum,
496 917 590 977 simile
608 926 688 976 certe
705 927 764 986 est;
789 928 834 994 et,
853 928 883 978 ut
898 920 990 979 hostis
1007 923 1050 980 sic
1065 940 1122 982 ma·

114 1002 161 1061 lns
177 1001 259 1060 civis.
292 998 462 1077 Quanquam
477 1000 551 1060 haec
566 1001 686 1060 ulterius
701 1018 817 1080 quoqne
833 1003 998 1081 procedere
1010 1005 1122 1065 solent:

113 1087 143 1146 si
162 1087 262 1164 turpis
283 1085 425 1145 dominae
447 1086 632 1146 consuetudo
654 1105 722 1146 eum
747 1104 853 1163 seruo,
880 1089 979 1166 turpis
1005 1089 1124 1151 domino

114 1188 185 1232 eum
200 1169 335 1236 ancillas
356 1169 385 1228 sc'
400 1170 490 1229 mutis
507 1169 694 1230 animalibus
708 1169 778 1247 finis
792 1172 948 1248 uoluptas,
971 1172 1052 1233 idom
1069 1173 1123 1235 lto-

114 1253 199 1315 me‘m'.
244 1249 298 1311 Gai
319 1252 362 1310 rei
385 1251 524 1312 facillime
545 1253 672 1313 accurrit
688 1272 726 1312 ex
742 1253 926 1313 dissimilibus
942 1266 1165 1332 argumenta-35

114 1339 172 1398 tio:
194 1333 263 1397 Non
278 1334 361 1397 idem
380 1345 424 1396 est
448 1338 600 1398 dominum
616 1356 685 1399 cum
699 1339 815 1399 ancilla
832 1339 946 1415 coisse,
970 1341 1052 1416 quod
1068 1339 1123 1402 do·

114 1423 229 1483 minam
243 1439 312 1482 cum
326 1438 437 1489 seroo‚·
467 1441 543 1498 nee,
565 1423 592 1482 sl
606 1422 698 1482 mutis
715 1421 788 1498 finis
802 1422 960 1500 uoluptas,
983 1425 1123 1486 rationa-

114 1507 196 1568 libus
218 1519 357 1583 quoque,·
386 1504 454 1583 quin
474 1506 557 1564 immo
580 1524 617 1564 ex
642 1505 802 1564 contrario:
834 1503 914 1578 Quia
939 1507 1029 1568 mutis
1053 1509 1124 1570 ideo

114 1609 175 1658 non
197 1589 409 1650 rationalibus.

201 1671 393 1732 Adhibebitur
426 1673 608 1731 extrinsecus
638 1674 666 1731 in
698 1691 814 1734 eausam
840 1683 870 1733 et
900 1677 1165 1742 auctoritas.36

116 1755 198 1816 llaec
213 1756 307 1816 secuti
324 1754 469 1830 Graecos,
492 1755 626 1834 aquibus
646 1756 753 1837 κρίσεις
769 1758 916 1834 dicuntur,
938 1761 1057 1822 iudicia
1075 1770 1123 1820 ant

115 1841 320 1903 ircdicationes
335 1849 457 1915 vocant,
478 1857 535 1899 non
555 1839 710 1917 dequibus
728 1860 765 1901 ex
784 1860 870 1902 causa
886 1842 962 1904 dicta
980 1845 1122 1904 sententia

117 1934 178 2000 est,
201 1923 282 2002 (nam
304 1942 338 1983 ea
359 1924 474 2003 quidem
495 1925 522 1982 in
548 1923 747 2002 exemplorum
771 1926 866 1985 locum
887 1927 1007 2006 cedunt)
1028 1928 1080 1987 sed
1098 1928 1122 1987 si

116 2008 185 2087 qnid
207 2008 246 2066 ita
266 2009 359 2066 visum
382 2007 532 2085 gentibus,
556 2008 689 2086 populis,
717 2009 894 2087 sapientibus
917 2012 1005 2086 viris,
1035 2011 1122 2071 claris

117 2091 246 2167 civibus,
275 2091 434 2150 illustribus
456 2093 552 2170 poetis
573 2092 677 2152 referri
697 2102 805 2170 potest.
851 2093 895 2152 Ne
916 2094 990 2154 haec
1008 2095 1164 2172 quidem3i

115 2177 206 2253 vulgo
226 2175 302 2235 dicta
319 2184 348 2234 et
364 2184 485 2253 recepta
502 2177 692 2253 persuasione
707 2178 842 2256 populari
858 2178 920 2237 sine
936 2197 989 2238 usu
1005 2179 1120 2239 luerint.

116 2258 294 2320 Testimonia
306 2267 371 2318 sunt
383 2261 458 2318 enim
471 2260 680 2338 quodammodo
692 2261 741 2320 vel
753 2263 918 2339 potentiora
931 2264 1026 2336 etiam,
1044 2263 1122 2341 quad

116 2362 172 2408 non
197 2344 293 2403 causis
312 2344 528 2403 accommodata
552 2344 605 2402 sed
625 2342 725 2402 liberis
743 2343 809 2403 odio
827 2354 855 2403 et
872 2346 965 2421 gratia
980 2345 1122 2404 mentibus

117 2428 182 2488 ideo
199 2436 307 2487 tantum
324 2426 400 2486 dicta
417 2427 567 2505 iactaque,
592 2428 658 2505 qnia
680 2436 727 2486 aut
744 2427 948 2487 honestissima
965 2438 1013 2488 aut
1029 2429 1121 2487 veris·

116 2513 186 2571 sima
204 2509 384 2570 videbantur.
416 2510 462 2571 An
477 2528 549 2571 vero
567 2529 612 2569 me
629 2511 665 2571 de
681 2511 869 2571 incommodis
884 2512 961 2571 vitae
977 2512 1165 2580 disserense

116 2603 173 2656 tem
194 2611 252 2654 non
275 2593 420 2654 adiuvabit
442 2613 540 2654 earum
559 2594 712 2673 persuasio
730 2596 891 2671 nationum,
915 2612 989 2672 qnae
1006 2594 1121 2654 lletiltns

115 2689 199 2739 natos
247 2678 356 2738 laetitia
378 2678 530 2738 defunctas
553 2676 788 2757 prosequamur?
831 2678 890 2739 Aut
911 2680 936 2737 si
958 2680 1120 2739 misericor·

87 2764 92 2778 '
115 2763 190 2823 duam
207 2761 413 2822 commendabo
430 2763 533 2838 iudici,
557 2762 627 2823 nihil
642 2763 788 2840 proderit,
808 2763 885 2841 qnod
901 2762 1122 2842 prudentissima

116 2848 218 2907 civitas
235 2845 454 2905 Atheniensium
468 2863 525 2905 non
541 2865 604 2907 eam
621 2863 674 2924 pro
691 2847 796 2907 affectu
812 2848 864 2906 sed
880 2864 933 2924 pro
949 2848 1062 2906 numine
1075 2864 1121 2906 ac·

116 2927 217 3009 cepit?
245 2928 304 2990 lam
320 2928 370 2990 illa
385 2939 499 3008 septem
515 2938 675 3010 praecepta
691 2931 862 3010 sapientium
878 2947 972 2990 nonne
986 2931 1122 3009 quasdam
1130 2943 1164 2998 39

114 3016 193 3074 vitae
211 3014 296 3091 leges
315 3011 531 3073 existimamus?
555 3014 586 3074 si
602 3032 717 3075 cansam
733 3014 867 3074 veneficii
883 3015 961 3074 dicat
974 3014 1121 3074 adultera:

114 3115 172 3158 non
193 3097 232 3157 Μ.
254 3094 372 3157 Catonis
394 3097 500 3157 iudicio
525 3099 655 3159 damnata
674 3099 823 3174 videatur,
853 3099 901 3177 qui
921 3097 1028 3157 nullam
1044 3097 1121 3157 adul·

114 3191 208 3243 teram
229 3198 287 3241 non
304 3182 424 3241 eandem
441 3200 508 3241 esse
523 3183 684 3243 veneficam
700 3179 792 3244 dixit?
820 3181 879 3241 lam
895 3182 1044 3241 sententiis
1061 3182 1121 3260 qui·

113 3268 181 3327 dem
203 3275 357 3345 poetarum
377 3283 434 3326 non
455 3268 601 3326 orationes
624 3266 710 3326 modo
738 3275 802 3326 sunt
827 3265 955 3326 refertae
977 3264 1030 3326 sed
1056 3265 1122 3325 libri

114 3352 201 3411 etiam
224 3349 481 3430 philosophorum,
510 3352 557 3429 qui
581 3367 741 3429 quanquam
762 3349 899 3409 inferiora
923 3351 1016 3410 omnia
1038 3367 1121 3429 prae·

115 3436 209 3514 septis
227 3436 288 3494 suis
305 3452 340 3494 ac
355 3434 458 3495 litteris
475 3435 610 3511 credunt,
629 3445 766 3513 repetere
782 3442 875 3494 tamen
891 3435 1090 3576 apgtpritatem
1106 3451 1123 3494 a
