2566 4026
644 153 852 202 PRAEFATIO.

632 311 780 369 LIBER
812 313 858 368 VI.

308 415 540 471 Prooemium.
576 413 846 484 &repugnantibus
860 412 937 468 Arnb.
951 416 994 475 1.;
1005 412 1038 471 Z.
1050 412 1274 484 reprobantibus.

225 531 266 542 -
278 506 305 558 4.
317 515 361 555 me
374 498 456 554 eiius.
469 496 570 554 Bomb.
583 512 608 551 c.
621 496 703 553 Codri.
715 503 780 567 opu.
787 519 797 559 ;
809 495 842 552 Ζ.
853 499 939 553 incer.
954 501 1006 552 est.
1020 524 1058 535 —
1075 502 1163 551 matre
1175 512 1275 552 eorun-

225 585 300 641 dem.
322 581 422 640 Bumb.
439 597 465 640 e.
477 580 561 637 Cedo.
578 585 660 652 optt.‚·
678 579 711 636 Ζ.
731 579 886 636 eorundem
902 586 999 640 matre.
1014 609 1051 618 -
1076 584 1120 639 13.
1135 580 1275 636 honorum

224 669 313 742 prius.
342 665 442 721 Bomb.
460 679 486 720 c.
502 664 585 721 Cedet.
606 680 698 726 ornn.,·
718 663 753 721 Z.
775 665 808 719 de
827 669 878 721 oet.
895 664 1001 721 emend.
1019 664 1117 736 patris.
1136 694 1178 703 -
1207 679 1274 736 spes

225 752 415 809 acutissimae.
437 747 481 805 De
491 749 568 819 conj.
581 746 753 810 ‹temtor-dn
767 748 850 806 codd.
860 764 907 819 pr.
919 765 955 804 m.
968 748 1074 816 acutis,
1085 763 1141 806 sec.
1159 754 1272 804 acutae·

224 836 257 893 Z.
275 837 309 891 de
325 838 376 891 oet.
393 832 468 903 conj.
487 848 538 904 spe
555 831 674 890 Atticae.
687 859 730 871 -
748 837 853 887 tentum
869 848 987 904 poenas.
1012 833 1199 904 Aposiepesir.
1228 830 1276 887 Sic

224 919 325 977 Bomb.
341 932 366 972 e.
387 922 447 972 cett.
460 914 560 978 Oodd.;
581 915 613 971 Z.
625 915 659 971 de
671 922 723 974 eet.
741 916 816 987 conj.
828 922 933 971 tentum
950 915 988 971 ad
1003 932 1110 987 poenas
1129 916 1220 971 amisi.
1233 945 1276 956 —

225 1006 268 1062 16.
282 1017 350 1058 eura
361 1001 477 1056 alienas.
500 999 599 1056 Bomb.
612 1015 639 1055 e.
653 999 735 1056 Cedet.
748 1016 820 1055 omn.
827 1023 837 1063 ‚·
857 999 889 1056 Ζ.
904 1001 938 1056 de
948 1006 998 1057 eet.
1012 1000 1086 1072 conj.
1098 1000 1182 1056 incer.
1195 998 1241 1057 ad.

311 1085 391 1157 Cup.
407 1085 428 1140 1.
472 1087 499 1140 4.
517 1083 640 1155 Reliquit
656 1083 739 1140 hanc.
766 1084 866 1140 Bomb.
885 1101 910 1139 e.
930 1084 1014 1142 Codd.
1032 1088 1117 1156 apim
1139 1082 1172 1137 Z.
1189 1085 1275 1138 incer.

224 1187 303 1228 veru.
315 1199 358 1209 —
379 1168 486 1223 merito.
509 1167 610 1223 Bemb.
627 1183 652 1224 c.
664 1167 747 1225 eodo.
759 1173 824 1239 opti.
832 1190 842 1230 ;
863 1167 894 1224 Z.
908 1174 935 1222 et
945 1185 981 1223 rn.
996 1197 1038 1209 -
1058 1173 1086 1226 ὁ.
1098 1168 1275 1223 occasiones.

224 1254 321 1323 Idem,
332 1252 407 1326 quod
415 1258 582 1308 correxerat
593 1251 712 1324 Repiuc,
728 1252 828 1307 Bomb.
841 1277 883 1288 -
905 1257 931 1311 6.
947 1252 1066 1323 possint.
1088 1250 1166 1306 Amb.
1179 1254 1205 1305 1.
1214 1273 1223 1312 ;
1239 1250 1273 1309 Z.

225 1344 353 1411 possunt.
364 1365 408 1376 --
428 1339 454 1393 9.
469 1335 531 1391 aliis
542 1336 588 1393 hic
600 1342 681 1406 etque
694 1336 751 1391 ille.
772 1334 821 1393 Sic
831 1336 865 1391 de
879 1337 954 1408 conj.
967 1335 1099 1393 Steebore.
1113 1334 1197 1392 Cedet.
1210 1340 1276 1406 opti.

223 1423 288 1495 fere
312 1419 374 1475 aliis
394 1419 435 1474 sic
457 1425 505 1472 aut
521 1419 583 1487 itle;
612 1418 645 1474 Z.
665 1418 699 1474 de
721 1425 772 1475 eet.
789 1422 958 1475 correctione
984 1421 1075 1475 rarius
1096 1417 1142 1474 hic
1160 1418 1218 1474 ille.
1234 1447 1276 1460 -

226 1511 271 1562 11.
281 1508 368 1574 ponat
385 1508 449 1557 ante
469 1504 575 1560 oculos.
593 1502 692 1561 Bomb.
708 1517 733 1560 c.
753 1502 836 1559 cocu.
853 1508 937 1575 eptt.;
956 1503 989 1559 Ζ.
1007 1511 1071 1559 ante
1088 1519 1131 1559 oe.
1154 1519 1221 1574 pon.
1235 1531 1266 1543 -

226 1592 269 1648 18.
283 1585 498 1642 solicitudinem.
522 1585 621 1642 Bomb.
634 1601 659 1643 e.
675 1585 760 1641 cocu.
774 1602 863 1648 omn.;
876 1587 908 1644 Ζ.
920 1588 954 1642 de
964 1589 1039 1659 conj.
1051 1586 1134 1659 Repo
1144 1585 1264 1642 solitudo

226 1703 267 1715 —
278 1677 323 1729 2ο.
336 1686 370 1725 ee
381 1668 536 1743 praedicta.
560 1669 660 1725 Bomb.
678 1685 703 1724 c.
716 1670 799 1727 Cudd.
814 1686 885 1725 omn.
894 1695 903 1734 ‚·
926 1670 958 1727 Ζ.
977 1670 1011 1726 de
1027 1676 1078 1728 cet.
1096 1672 1173 1742 conj.
1190 1673 1272 1729 inser.

226 1770 309 1827 quae.
321 1782 362 1793 -
382 1758 426 1814 23.
441 1769 498 1808 non
509 1753 594 1810 flecti.
616 1753 694 1811 Arnb.
709 1756 734 1809 l.
746 1769 771 1809 c.
783 1754 862 1810 Flor.
871 1777 880 1816 ;
899 1754 931 1810 Z.
947 1753 976 1810 fl.
993 1771 1059 1810 non.
1073 1785 1116 1796 —-
1137 1760 1274 1826 petentur.

225 1839 325 1896 Bomb.
349 1854 375 1896 e.
393 1843 453 1894 cett.
472 1836 555 1895 Cedet.
561 1861 571 1901 ,·
597 1838 627 1893 Z.
645 1837 678 1893 de
702 1839 777 1910 conj.
798 1837 915 1894 Gecoeri
933 1844 1051 1910 petetur.
1074 1867 1110 1879 -
1140 1838 1275 1894 iis—iis.

230 1923 323 1979 Bonrb.
343 1939 368 1979 c.
386 1927 451 1994 opit.
466 1920 566 1984 Codeta
586 1921 619 1979 Ζ.
637 1922 677 1977 bio
694 1937 730 1976 ex
746 1923 790 1977 iis.
804 1948 846 1960 -
868 1927 912 1981 24.
931 1939 947 1977 ο
968 1929 1003 1979 tc.
1031 1923 1130 1982 Bomb.
1146 1938 1172 1980 c.
1193 1921 1277 1979 codd.

225 2023 315 2068 omn.,·
335 2005 367 2061 Z.
380 2023 396 2061 o
408 2022 453 2060 me
465 2005 499 2060 de
510 2011 560 2063 eet.
573 2005 676 2061 emend.
690 2035 731 2046 -
750 2009 794 2065 26.
808 2007 905 2076 quales
921 2037 958 2046 -
971 2006 1112 2078 fingimus.
1139 2004 1186 2062 Sic
1203 2005 1277 2062 bunc

226 2093 314 2146 locum
333 2091 385 2146 leot
402 2089 587 2146 emendatione
597 2089 635 2145 ed
645 2091 791 2161 exemplar
808 2095 874 2161 optt.
887 2090 1014 2148 corticum
1030 2091 1147 2153 restitui,⁴
1170 2090 1200 2146 bi
1212 2089 1278 2162 sere

220 2174 373 2246 praebent,
389 2175 487 2244 quales
498 2173 537 2232 lit.
550 2173 624 2230 dicit.
641 2174 698 2244 (uel
708 2173 803 2242 decet)
820 2181 893 2245 patr.
911 2175 1004 2230 nudae
1022 2181 1128 2230 tentum
1145 2190 1169 2229 r.
1181 2191 1217 2232 m.
1231 2179 1279 2228 aut

226 2275 249 2313 c.
262 2258 341 2328 ipsos
351 2258 370 2312 l.
384 2259 403 2312 s.
415 2263 465 2313 ete.
472 2279 482 2319 ;
494 2256 527 2312 Z.
540 2273 566 2329 q.
579 2258 598 2316 l.
611 2257 712 2314 decent
727 2258 775 2314 vel
785 2274 814 2330 p.
826 2258 920 2314 Mutae
937 2264 958 2314 t.
973 2275 996 2315 r.
1007 2276 1044 2314 m.
1069 2259 1093 2314 si
1106 2264 1153 2313 aut
1168 2275 1193 2314 c.
1206 2256 1277 2329 ipsis

226 2341 365 2411 loquimur
382 2347 429 2396 aut
445 2359 471 2399 c.
484 2342 562 2412 ipses
580 2343 598 2398 l.
610 2343 629 2398 f.
647 2369 691 2384 -
713 2341 852 2399 deflentis.
874 2342 953 2402 Amb.
967 2347 992 2398 1.
1009 2359 1035 2401 e.
1047 2342 1146 2398 Bomb.
1155 2365 1164 2405 ;
1184 2340 1218 2397 Z.
1230 2339 1266 2396 de

225 2424 337 2481 flentes.
354 2453 396 2463 -
422 2428 468 2486 27.
485 2426 607 2482 Frustra.
634 2427 734 2484 Bomb.
754 2443 778 2484 e.
798 2427 880 2484 Codri.
900 2434 983 2500 θρίω
1011 2426 1044 2483 Ζ.
1064 2426 1085 2483 0
1105 2427 1218 2482 frustra.
1233 2451 1279 2466 —

225 2524 315 2565 nrees.
343 2509 443 2565 Bomb.
461 2523 486 2566 θ.
508 2509 590 2566 Codri.
606 2516 686 2582 θρα,ι
708 2511 740 2569 Ζ.
759 2527 849 2569 meae.
866 2543 910 2550 —
932 2517 975 2570 ³0.
993 2512 1149 2565 verberato.
1176 2507 1276 2563 Bomb.

225 2607 250 2647 c.
265 2591 347 2649 Oodd.
361 2599 444 2665 θρίω
468 2593 499 2650 Ζ.
511 2595 596 2650 incer.
614 2611 648 2649 ac
660 2598 739 2651 verb.
750 2623 794 2637 -
816 2599 859 2653 32.
877 2595 970 2650 tabula
985 2606 1070 2663 supra
1087 2590 1198 2645 Jovem.
1229 2587 1277 2646 Sic

224 2675 288 2748 fere
300 2675 383 2733 Godd.
398 2693 480 2747 omn,
502 2679 557 2732 uiri
567 2677 640 2750 quod
650 2679 772 2734 tabulam
780 2692 788 2744 ;
813 2677 843 2731 Z.
854 2677 889 2731 de
903 2681 953 2731 eet.
966 2674 1041 2746 conj.
1058 2673 1088 2727 in
1098 2674 1191 2730 tabula
1202 2672 1278 2745 sipe-

227 2760 317 2818 riove.
329 2790 372 2800 -
394 2764 438 2820 33.
452 2762 565 2832 conjux.
586 2760 686 2815 Bomb.
696 2776 721 2816 c.
733 2758 816 2816 uode
829 2764 910 2830 θρίω
931 2759 961 2813 Ζ.
974 2759 1105 2830 conjunx.
1116 2787 1160 2800 —
1180 2759 1226 2816 38.
1241 2757 1277 2812 ri-

227 2859 289 2898 sum
306 2851 464 2901 moventes.
492 2842 570 2900 Amo.
589 2847 632 2906 1.;
658 2843 690 2898 Z.
707 2845 792 2899 bocer.
814 2844 908 2898 etiem.
922 2871 964 2882 -
991 2847 1037 2902 40.
1054 2841 1190 2899 cadaveri
1207 2847 1276 2897 erat.

226 2923 273 2981 Sic
302 2927 355 2982 leui
375 2929 497 2990 emead.;
521 2926 603 2983 uoce
620 2926 688 2999 fere
708 2926 893 2995 caduceveri;
914 2926 945 2981 Ζ.
969 2927 1003 2982 de
1024 2927 1099 2998 conj.
1119 2931 1170 2983 vet.
1190 2923 1277 2981 cada·

227 3009 300 3072 veri,
323 3026 375 3065 om.
400 3020 468 3067 eret.
482 3041 519 3054 -
547 3014 593 3070 43.
611 3010 734 3082 quidem.
768 3009 815 3066 Sic
830 3012 864 3066 de
884 3012 960 3085 conj.
977 3011 1059 3067 code.
1072 3026 1145 3066 omn.
1163 3008 1276 3083 quidni;

226 3091 256 3146 Z.
276 3091 310 3147 de
328 3095 404 3165 conj.
424 3095 505 3167 Repii
520 3095 617 3167 inquit.
629 3124 671 3135 --
694 3097 738 3154 47.
756 3096 852 3167 Itaque
869 3111 922 3151 nec
940 3096 1025 3151 illum.
1050 3095 1149 3150 Bomb.
1168 3109 1192 3150 c.
1215 3097 1276 3148 cett.

226 3176 306 3237 code
325 3176 403 3231 Amb.
422 3183 448 3234 1.
468 3180 506 3234 ita
524 3195 575 3235 nec
593 3180 627 3248 i.;
647 3179 726 3235 codd.
741 3185 801 3236 vett.
819 3181 880 3236 rell.
894 3178 959 3254 sere
980 3179 1021 3234 Ita
1038 3196 1090 3236 nee
1110 3179 1175 3251 quia
1191 3177 1211 3232 i.
1235 3203 1277 3217 -—

227 3263 271 3317 48.
284 3259 434 3331 egendum.
456 3262 556 3318 Bomb.
574 3279 599 3318 c.
618 3268 678 3319 cett.
691 3263 795 3325 Oodd.,·
813 3264 844 3320 Z.
858 3264 894 3319 de
912 3269 966 3320 eet.
987 3265 1062 3336 conj.
1080 3268 1220 3336 agentem.
1236 3287 1278 3302 ·-

226 3346 271 3400 49.
283 3345 433 3414 ejusmodi.
454 3345 552 3402 Bomb.
571 3362 596 3404 θ.
610 3347 693 3403 Ccdd.
704 3353 789 3419 optt.,·
811 3347 840 3403 Ζ.
859 3345 1030 3419 hujusmodi.
1041 3376 1084 3386 -
1106 3347 1153 3419 qui
1170 3351 1277 3403 contre.

229 3425 324 3483 Bomb.
338 3444 362 3484 c.
378 3428 459 3485 Ccdd.
472 3436 537 3500 optt.
557 3437 584 3486 et
599 3431 661 3488 edd.
678 3438 737 3488 cett.
746 3454 756 3494 ,·
777 3430 808 3487 Ζ.
821 3432 905 3487 inser.
919 3436 954 3486 et.
969 3455 1010 3467 —
1033 3437 1078 3491 51.
1092 3430 1155 3487 sint.
1177 3429 1275 3487 Bomb.
