2566 4026
393 203 485 252 rnsr.
498 202 647 250 cebron.
660 203 728 249 nm.
747 199 837 268 x1,3.
1058 189 1120 252 223

116 359 205 421 Stetit
222 360 357 419 soleatus
368 366 498 436 praetor
512 359 618 436 populi
628 355 757 418 Romani
766 401 775 432 ,
793 354 938 415 inclinatio
955 356 1119 418 incumben-

115 446 151 504 tis
168 445 196 501 in
210 442 407 502 mulierculam
421 441 523 500 Verris
540 439 705 518 effingenda
722 449 781 507 cst;
809 440 899 499 autin
916 439 984 515 illa,
1003 437 1120 503 Coede-

116 530 207 589 octor
222 528 253 587 tn
268 527 368 588 medio
384 527 453 605 foro
469 523 648 600 Messanae,
670 533 765 584 motus
784 523 920 599 laterum,
943 523 1036 601 qualis
1055 543 1121 584 esse

116 611 152 671 ad
167 609 294 670 verbera
310 609 405 685 solet,
421 609 618 688 torquendus,
636 618 682 668 aut
698 625 776 684 vox,
794 607 887 685 qualis
904 606 1007 667 dolore
1026 610 1121 686 expri-

115 696 217 768 mitur,
243 694 384 761 eruenda;
408 712 472 752 curn
492 693 558 753 mibi
581 693 715 753 comoedi
736 709 852 770 quoque
874 692 1001 769 pessime
1023 691 1163 753 tacerem

115 779 285 854 videantur,
303 778 368 855 qui,
391 779 504 837 etiamsi
520 779 653 837 iuvenem
670 786 773 853 agant,
794 794 857 836 oum
873 783 969 835 tamen
985 777 1013 834 in
1031 794 1122 854 expo·

117 863 221 922 sitione
238 871 285 921 aut
301 863 378 920 senis
395 878 508 937 sermo,
525 870 554 920 ut
570 863 598 920 in
610 859 737 936 Hydriae
754 859 897 938 prologo,
916 868 964 918 aut
980 860 1121 937 mulieris,

117 955 148 1006 ut
167 947 194 1004 in
212 944 347 1023 Georgo,
371 945 486 1021 incidit,
513 946 634 1006 tremula
654 945 703 1004 vel
727 944 889 1004 effeminata
905 960 980 1002 voce
996 961 1121 1021 pronun·

118 1031 197 1089 tiant.
230 1029 315 1089 Adeo
332 1031 360 1087 in
377 1028 435 1089 illis
451 1046 568 1108 quoque
587 1038 632 1089 est
656 1029 752 1106 aliqua
767 1029 872 1087 vitiosa
888 1028 1023 1103 imitatio,
1051 1045 1120 1106 quo·

118 1133 179 1173 rum
195 1131 242 1172 ars
260 1115 351 1173 omnis
368 1121 481 1172 constat
497 1114 664 1173 imitatione.
1004 1167 1005 1171 ,

203 1196 256 1256 Est
280 1206 374 1257 autem
398 1205 499 1274 gestus
522 1197 573 1256 illc
593 1198 716 1256 maxime
739 1196 912 1279 communis,
936 1213 993 1273 quo
1010 1195 1163 1260 mediuson

119 1280 224 1356 digitus
240 1282 268 1339 in
285 1281 422 1358 pollicem
441 1281 618 1340 contrahitur
633 1280 779 1359 explicitis
796 1278 905 1355 tribus,
927 1288 956 1338 et
972 1280 1121 1358 principiis

118 1362 195 1422 utilis
219 1383 282 1424 cum
305 1365 362 1425 leni
384 1366 412 1422 in
433 1373 584 1443 utramque
609 1373 721 1443 partem
744 1373 821 1423 motu
845 1363 960 1424 modice
975 1364 1120 1441 prolatus,

119 1448 202 1507 simul
220 1451 315 1526 capite
334 1457 420 1527 atque
436 1449 563 1509 humeris
579 1450 686 1509 sensim
701 1448 737 1508 ad
752 1448 791 1524 id,
809 1464 867 1526 quo
883 1466 982 1507 manus
1000 1447 1119 1523 lerator,

119 1532 399 1601 obsecundantibus;
414 1542 444 1592 et
455 1534 483 1592 in
493 1535 636 1594 narrando
650 1542 746 1592 certus
758 1532 823 1592 dum
834 1531 922 1610 paulo
936 1531 1119 1610 productior;

119 1624 148 1674 et
163 1617 191 1673 in
206 1617 409 1694 exprobrando
429 1626 458 1677 et
474 1616 660 1695 coarguendo
676 1634 746 1676 acer
761 1626 847 1694 atque
862 1617 988 1691 instans,
1005 1615 1120 1693 longius

119 1700 193 1758 enim
217 1700 346 1777 partibus
371 1701 414 1761 bis
440 1711 468 1761 ct
490 1700 609 1762 liberius
636 1701 773 1761 exeritur.
808 1700 922 1760 Vitiose
945 1717 1018 1759 vero
1045 1701 1162 1760 idcm93

118 1784 261 1843 sinistrum
280 1786 360 1863 quasi
377 1785 525 1846 humerum
538 1796 641 1865 petens
657 1787 685 1844 in
697 1786 771 1846 latus
789 1786 835 1862 agi
852 1785 939 1860 solet,
958 1802 1121 1864 quanquam

116 1867 209 1928 adhuc
226 1869 309 1946 peius
327 1869 414 1949 aliqui
431 1879 628 1931 transversum
644 1870 792 1930 brachium
809 1869 961 1948 proferunt
976 1878 1005 1929 et
1023 1868 1119 1929 cubito

116 1955 310 2028 pronuntiant.
340 1953 405 2012 Duo
422 1972 539 2034 quoque
556 1955 642 2016 medii
658 1953 712 2014 sub
728 1954 866 2033 pollicem
881 1955 1012 2022 veniunt:
1030 1962 1059 2013 et
1075 1961 1120 2013 est

114 2035 162 2092 bic
186 2035 279 2093 adbuc
301 2038 399 2112 priore
422 2047 525 2113 gestus
553 2039 719 2113 instantior,
749 2039 892 2116 principio
914 2047 943 2097 et
963 2038 1119 2098 narrationi

114 2134 172 2175 non
194 2117 436 2178 accommodatus.
476 2119 515 2179 At
538 2140 602 2180 cum
617 2131 676 2181 tres
694 2123 834 2180 contracti
851 2121 963 2198 pollice
985 2124 1162 2199 premun-94

114 2210 176 2259 tur:
194 2209 252 2258 turn
270 2200 376 2277 digitus
392 2201 460 2277 ille,
478 2220 535 2280 quo
552 2222 633 2263 usum
649 2205 757 2282 optime
771 2201 907 2263 Crassum
920 2201 1026 2263 Cicero
1039 2204 1118 2279 dicit,

115 2283 258 2360 explicari
276 2284 362 2345 solet.
395 2284 468 2344 Isin
485 2286 690 2365 exprobrando
709 2294 738 2345 et
753 2285 923 2363 indicando,
951 2286 1027 2345 unde
1046 2296 1075 2345 et
1092 2288 1118 2345 ci

115 2386 221 2427 nomen
244 2377 305 2445 est,
329 2369 423 2438 valct;
447 2379 475 2429 et
491 2370 616 2431 allevata
638 2388 672 2429 ac
696 2378 848 2447 spectante
870 2369 1018 2430 humerum
1035 2387 1118 2429 manu

115 2450 230 2529 paulum
246 2454 397 2514 inclinatus
413 2455 550 2531 affirmat,
576 2473 679 2514 versus
695 2455 723 2513 in
739 2463 846 2514 terram
861 2462 890 2513 et
908 2454 991 2533 quasi
1009 2470 1117 2531 pronus

112 2544 209 2612 urget,
227 2538 381 2616 aliquando
393 2558 447 2617 pro
459 2557 579 2599 numero
597 2548 651 2598 cst.
679 2538 759 2598 Idem
774 2556 882 2598 summo
896 2537 1018 2597 articulo
1030 2537 1161 2596 utria-95

115 2638 171 2697 que
194 2620 303 2682 leviter
317 2623 520 2701 apprehenso,
546 2623 657 2684 duobus
675 2623 790 2683 modica
803 2623 948 2698 curvatis,
972 2622 1062 2682 minus
1078 2631 1118 2681 ta·

114 2722 180 2762 men
203 2706 333 2781 minimo,
357 2717 441 2785 aptus
464 2709 499 2768 ad
521 2708 719 2786 disputandum
742 2715 796 2766 est.
835 2706 940 2766 Acrius
956 2715 1051 2766 tamen
1074 2723 1118 2765 ar·

113 2791 275 2864 gumentari
301 2790 449 2868 videntur,
484 2793 531 2869 qui
560 2793 684 2851 medium
707 2791 858 2851 articulum
881 2791 976 2869 potius
1004 2798 1116 2858 tenent;

113 2879 193 2931 tanto
217 2874 459 2934 contractioribus
475 2876 581 2936 ultimis
597 2876 710 2953 digitis,
735 2885 840 2954 quanto
862 2876 976 2955 priores
995 2874 1116 2934 descen·

116 2955 229 3014 derunt.
275 2957 329 3016 Est
353 2968 382 3018 ct
406 2959 456 3019 illc
478 2959 663 3020 verecundae
690 2960 812 3019 orationi
837 2960 1019 3038 aptissimus,
1049 2975 1117 3036 quo,
1127 2967 1161 3022 96

115 3047 251 3115 quattuor
271 3043 370 3118 primis
395 3042 503 3103 leviter
522 3044 550 3102 in
573 3061 710 3102 summum
733 3043 904 3104 coeuntibus
924 3042 1036 3119 digitis,
1061 3059 1118 3100 non

116 3122 219 3198 procul
241 3124 347 3183 abore
368 3136 416 3186 aut
432 3135 554 3205 pectore
572 3126 699 3187 refertur
715 3128 750 3188 ad
772 3144 825 3186 nos
843 3145 942 3186 manus
963 3135 992 3186 et
1013 3125 1117 3186 deinde

115 3220 206 3280 prona
225 3225 259 3266 ac
275 3208 421 3285 paululum
439 3210 554 3288 prolata
572 3211 693 3272 laxatur.
723 3211 787 3271 Hoc
802 3210 888 3270 modo
905 3210 1042 3288 coepisse
1058 3208 1158 3273 lte-or

115 3288 286 3348 mosthencn
311 3292 399 3352 credo
418 3295 445 3352 in
467 3294 519 3354 illo
544 3312 597 3374 pro
617 3293 808 3375 Ctesiphonte
830 3294 927 3355 timido
951 3295 1115 3353 summisso·

116 3390 172 3448 que
193 3374 351 3452 principio,
369 3378 412 3437 sic
427 3377 577 3439 formatam
594 3378 745 3440 Ciceronis
761 3397 888 3454 manum,
908 3397 972 3438 cum
988 3378 1115 3438 diceret:

116 3455 152 3516 st
169 3460 244 3535 qaid
259 3469 304 3521 ert
318 3462 434 3540 ingenii
447 3465 478 3526 io
495 3483 558 3541 ma,
583 3466 664 3544 quod
678 3465 774 3526 centio
790 3481 882 3543 quom
900 3463 940 3524 cit
963 3464 1115 3541 exiguum.
