2566 4026
246 142 309 207 206
413 163 419 173 ·
556 156 935 217 m.sxu.qumu1umu1

244 313 358 389 caleat,
379 312 411 373 ic
430 311 599 372 crastinum
618 321 857 390 pervectorum,⁸
877 314 992 373 tertium
1007 322 1114 377 tantum
1129 336 1187 379 nou
1202 339 1253 381 re·

244 413 393 475 pugnans,
419 392 460 456 ln
480 394 569 456 donae
590 396 707 474 furtum
731 395 849 474 factum
870 398 910 458 ab
931 416 983 475 ec,
1007 401 1060 476 qui
1082 403 1163 463 domi
1180 405 1251 482 fcit.

204 480 376 558 tildeoque
392 476 569 538 Aristoteles
585 479 614 538 in
631 477 761 538 secundo
780 479 816 539 de
833 478 906 539 Arte
921 479 1079 543 Rhetorica
1096 485 1170 545 libro
1187 488 1252 548 dili·

246 564 415 642 gentissime
437 569 482 622 est
509 571 666 637 executus,
696 562 763 639 quid
795 564 900 640 cuique
928 566 971 624 rei
998 575 1027 624 et
1054 569 1121 645 quid
1145 573 1251 649 cuique

244 648 351 707 lrcmiui
377 645 489 706 soleret
512 646 664 721 accidere,
687 655 717 705 et
735 663 805 723 quas
823 665 871 706 res
890 664 1023 728 quosque
1038 649 1169 712 homines
1188 657 1249 732 qui·

244 730 299 791 bus
318 729 406 790 rebus
423 738 471 791 aut
487 729 649 790 homiuibus
664 729 713 789 vel
731 731 919 791 conciliasset
944 732 993 793 vel
1010 733 1170 797 alienasset
1186 739 1249 817 ipsa

244 823 360 875 natura:
382 822 428 888 ut,
454 813 566 873 divitias
589 813 657 891 quid
673 822 812 891 sequatur
827 824 875 874 aut
892 815 1027 876 ambitum
1043 827 1090 878 aut
1108 824 1251 899 superati·

244 901 367 973 tionem,
393 897 460 976 quid
475 896 544 957 boni
559 895 699 976 probent,
724 897 791 974 quid
812 898 878 958 mali
901 909 1017 976 petant,
1043 902 1110 979 quid
1131 903 1248 981 milites,

244 982 311 1062 quid
327 982 437 1058 rustici,
457 999 514 1059 quo
531 999 665 1060 quaeque
685 980 771 1040 modo
796 999 844 1041 res
866 983 948 1042 vitari
964 983 1012 1043 rel
1028 988 1126 1063 appeti
1141 987 1247 1049 soleat.

202 1067 350 1131 loliorum
370 1065 427 1125 hcc
444 1067 550 1144 exequi
565 1067 660 1133 mitto}
677 1066 822 1124 nonenim
837 1064 954 1144 longum
967 1076 1074 1127 tanturn
1090 1070 1142 1130 sed
1162 1073 1249 1132 etiam

242 1149 424 1230 impossibile
449 1158 497 1208 aut
525 1150 620 1228 potius
645 1148 782 1208 inlinitum
809 1158 853 1208 est
884 1159 1037 1229 praeterea
1064 1155 1189 1230 positum
1220 1157 1249 1214 iu

244 1235 386 1295 communi
404 1234 528 1292 omnium
544 1232 705 1293 intellectu.
746 1233 777 1292 si
798 1234 861 1311 quis
878 1243 972 1294 tamen
988 1235 1214 1299 desideraverit:
1232 1257 1248 1300 a

202 1327 300 1398 19quo
323 1326 454 1395 peteret,
482 1317 605 1377 ostendi.
657 1314 756 1376 Omnia
782 1325 877 1376 autem
899 1318 1065 1395 credibilia,
1090 1322 1118 1379 in
1145 1321 1249 1401 quibus

244 1421 312 1481 pars
327 1402 450 1462 maxima
470 1402 603 1461 consistit
621 1401 891 1478 argumentationis,
917 1420 954 1461 ex
976 1402 1138 1464 huiusmodi
1162 1405 1248 1465 lonti-

243 1486 297 1546 bus
313 1485 418 1546 lluunt:
441 1482 490 1546 An
511 1485 660 1546 credibile
674 1486 730 1561 ait,
746 1483 842 1562 ofilio
853 1486 976 1562 patrem
993 1489 1144 1567 occisum,
1163 1492 1248 1551 ioce-

242 1579 321 1631 atum
333 1588 402 1630 carm
412 1567 478 1646 filio
490 1569 703 1630 commissum?
719 1575 749 1627 et
760 1577 860 1629 contra
871 1569 1047 1648 veneficium
1058 1572 1090 1632 im
1101 1591 1248 1650 ncccrcu,

243 1653 428 1714 adulterium
444 1654 476 1712 in
491 1653 669 1720 tantumno,-
688 1650 739 1712 illa
758 1669 885 1731 quoque,
900 1650 949 1714 Αιι
964 1655 1066 1716 scelus
1080 1657 1185 1731 palum
1199 1658 1248 1736 fa·

244 1737 346 1797 ctum?
378 1733 426 1796 Am
447 1735 563 1815 salsum
582 1743 711 1815 propter
730 1737 874 1815 enipeum
890 1741 1061 1800 sommam?
1087 1741 1154 1818 quia
1179 1757 1249 1800 suos

245 1820 370 1899 quidque
391 1820 493 1881 horum
512 1819 592 1880 velut
608 1836 706 1879 mores
728 1818 832 1888 habet;
860 1820 1031 1899 plerumque
1057 1831 1168 1899 tumen,
1191 1841 1249 1883 non

244 1922 376 1983 semper,
394 1904 503 1982 alioqui
518 1902 674 1964 indubitata
691 1912 800 1980 essent,
819 1919 877 1962 non
892 1915 1070 1982 argumenta.

201 2000 237 2053 ιο
327 1987 514 2048 Excutiamus
527 2006 602 2048 nunc
618 1996 851 2065 argumentorum
869 1987 952 2049 loco
962 2007 992 2058 s;
1013 2007 1173 2068 quanquam
1186 1991 1248 2069 qui-

243 2070 364 2132 busdam
381 2071 410 2131 hi
429 2089 562 2151 quoque,
584 2070 740 2148 dequibus
764 2088 852 2151 supra
877 2072 953 2148 dixi,
980 2073 1121 2133 videntur.
1152 2073 1249 2133 Locos

244 2156 363 2233 appello
382 2172 450 2231 uon,
467 2165 498 2216 ut
512 2155 603 2233 vulgo
621 2173 696 2214 nunc
712 2155 922 2233 intelliguntur,
939 2156 967 2215 in
985 2157 1125 2216 luxuriam
1151 2167 1180 2217 et
1200 2157 1248 2216 ad·

243 2239 378 2298 ultorium
393 2248 422 2298 et
440 2239 559 2308 similium
587 2239 640 2298 sed
663 2239 778 2298 sedes
803 2249 1120 2316 argumentorum,
1139 2242 1168 2299 in
1186 2241 1248 2319 qui·

200 2321 296 2386 illius
317 2322 423 2399 latent,
447 2322 604 2401 exquibus
624 2330 691 2382 suut
708 2323 843 2403 petenda.
878 2323 966 2399 Nam,
991 2333 1022 2383 ut
1045 2326 1073 2383 iu
1094 2333 1172 2383 terra
1192 2341 1249 2383 non

243 2408 318 2465 omui
333 2416 511 2483 generantur
530 2408 640 2483 omnia,
663 2424 719 2466 nec
742 2424 825 2466 avem
849 2416 897 2468 aut
922 2407 1013 2468 ieram
1029 2409 1176 2487 reperias,
1200 2407 1249 2467 ubi

243 2507 378 2569 quaeque
394 2492 474 2550 nasci
493 2499 541 2550 aut
559 2492 665 2551 morari
685 2491 781 2551 soleat
798 2492 926 2568 ignarus,
948 2500 977 2551 et
992 2493 1113 2569 piscium
1131 2508 1250 2570 quoque

241 2591 352 2650 genera
368 2575 424 2635 alia
441 2575 535 2653 planis
550 2574 679 2652 gaudent
699 2574 755 2635 alia
771 2575 903 2650 saxosis,
926 2573 1094 2650 regionibus
1111 2577 1197 2633 etiam
1214 2575 1248 2634 li·

242 2658 414 2738 toribusque
430 2659 556 2719 discreta
573 2668 654 2733 sunt,
681 2675 737 2718 nec
763 2656 900 2734 helopem
914 2665 1015 2716 nostro
1032 2657 1102 2715 mari
1118 2666 1165 2714 aut
1183 2675 1248 2716 sca·

242 2760 304 2800 rum
322 2741 428 2802 ducas:
456 2743 495 2801 ita
513 2758 571 2801 non
590 2758 674 2801 omne
693 2750 892 2818 argumentum
916 2739 1041 2818 undique
1065 2741 1144 2799 venit
1165 2740 1246 2800 ideo·

198 2838 232 2891 ιι
243 2842 299 2903 que
316 2842 373 2885 uon
390 2827 500 2904 passim
519 2826 715 2904 quaerendum
731 2833 785 2884 est.
825 2821 930 2884 Multus
956 2824 1064 2903 alioqui
1081 2841 1164 2883 error
1187 2833 1246 2892 est;

243 2908 385 2970 exhausto
404 2908 523 2984 labore,
543 2907 620 2988 quod
635 2925 693 2969 non
711 2909 823 2968 ratione
843 2908 1043 2984 scrutabimur,
1065 2925 1122 2967 non
1139 2910 1248 2986 poteri·

241 3010 304 3052 mus
320 2993 451 3052 invenire
468 2993 524 3052 nisi
544 3010 624 3053 casu.
655 2991 694 3052 At
710 2994 735 3052 si
750 2993 912 3069 scierimus,
928 2991 977 3051 ubi
994 2991 1130 3069 quodque
1145 3008 1247 3050 nasca-

242 3084 305 3136 tur:
324 3095 388 3136 cum
404 3075 439 3136 atl
457 3077 554 3136 locum
569 3084 686 3136 ventum
704 3077 769 3151 erit,
787 3075 886 3152 iacile,
908 3075 985 3153 quod
1004 3077 1032 3133 in
1049 3090 1085 3133 ec
1103 3083 1159 3150 est,
1180 3093 1246 3153 per·

239 3160 410 3220 videbimus.

199 3256 233 3310 ιιι
324 3243 357 3303 lu
378 3245 478 3322 primis
496 3244 584 3321 igitur
603 3251 771 3320 argumenta
789 3258 806 3300 a
829 3258 915 3318 pers
927 3257 995 3300 cna
1018 3241 1148 3302 ducenda
1165 3251 1245 3309 sunt;

242 3343 323 3402 cum,
341 3336 373 3387 ut
390 3327 466 3405 dixi,
488 3329 525 3387 sit
544 3325 665 3403 divisio,
692 3334 723 3385 ut
743 3325 837 3384 omnia
861 3325 889 3383 in
909 3323 983 3385 haec
1002 3324 1059 3385 duc
1079 3327 1245 3405 partiamur,

241 3425 290 3468 res
308 3419 396 3488 atque
414 3426 574 3490 personas,
597 3418 628 3469 ut
646 3425 749 3484 causa,
771 3416 904 3487 tempus,
926 3408 1027 3487 locus,
1053 3411 1189 3486 occasio,
1204 3411 1245 3468 in·
