2566 4026
345 165 434 213 rusa.
450 165 599 214 aaaron.
612 167 680 212 nra.
694 163 787 232 111,o.
1012 155 1070 214 123

63 321 160 396 Quid
183 319 252 380 sit?
286 319 401 392 Quale
421 317 490 379 sit?
528 338 648 397 quorum
674 322 787 380 nomina
817 323 963 399 apertiora
994 331 1069 399 sunt,

63 423 151 483 quarn
168 414 199 463 ut
220 403 342 464 dicenda
364 405 429 463 sint.
467 403 546 463 ldem
562 404 712 464 Patrocles
734 405 830 465 sentit.
870 404 934 464 Tris
955 404 1027 466 fecit
1043 415 1108 470 etan

63 487 103 547 ll.
122 488 268 547 Antonius
286 487 330 547 his
349 487 462 565 quidem
486 487 599 548 verbis:
627 487 755 550 Paucae
777 507 829 550 ree
850 497 937 566 aunt,
961 492 1072 567 quibvs
1175 553 1178 557 .

61 591 103 634 ee
118 573 215 634 rebus
235 591 339 633 omues
354 573 509 633 orationes
524 581 711 647 nuscuntur,
729 574 848 651 fuctum
862 591 923 634 aeon
941 573 1070 651 fectum,

60 659 112 716 ius
131 656 266 731 iniuria,
291 656 401 716 bortum
415 657 538 717 molam.
575 656 633 715 Sed
650 659 799 734 quoniam,
824 655 900 733 quod
918 658 980 716 iure
1001 657 1070 718 dici·

60 758 126 799 mur
150 739 275 814 fecisse,
298 755 356 798 non
381 739 456 798 hunc
481 739 574 799 solum
597 741 778 801 intellectum
803 739 909 816 habet,
938 749 968 798 ut
989 740 1069 818 lege,

60 823 116 885 sed
132 823 215 884 illum
228 840 355 901 quoque,
369 832 398 881 nt
414 825 489 882 iuste
506 823 615 884 fecisse
627 824 790 884 videamur:
809 825 903 883 secuti
915 823 1070 884 Antonium

61 909 195 987 apertius
213 907 368 966 voluerunt
390 907 509 967 eosdem
531 916 622 967 status
646 908 835 986 distinguere.
872 907 973 985 ltaque
989 909 1069 969 dixe·

60 1001 129 1053 runt
151 991 394 1065 coniecturalem,
419 990 562 1068 legalem,
586 992 789 1061 iuridicialem
814 994 861 1069 qui
885 1000 913 1051 et
928 991 1069 1070 Verginio

60 1077 193 1155 placent.
231 1074 338 1134 Horum
357 1073 460 1133 deinde
476 1075 609 1134 lecerunt
624 1078 757 1154 species,
778 1078 817 1136 ita
832 1085 862 1134 ut
876 1075 965 1153 legali
982 1075 1069 1135 subii·
1078 1081 1112 1136 46

61 1169 167 1220 oerent
193 1159 349 1218 linitionem
373 1167 402 1217 et
406 1159 510 1258 alios,
535 1161 639 1236 quiex
662 1161 772 1238 scripto
795 1159 950 1229 ducentum
972 1159 1070 1236 legum

62 1243 290 1319 contrariarum,
309 1260 382 1320 qnae
395 1233 550 1340 ἄντινομία
563 1242 681 1311 dicitur;
699 1251 728 1301 et
744 1245 845 1321 scripti
861 1251 891 1302 et
906 1245 1069 1302 sententiae

63 1328 109 1388 tel
127 1327 303 1400 voluntatis,
322 1325 350 1385 id
367 1335 411 1385 est
423 1348 498 1386 κατα
487 1317 602 1405 ῥητὸν
613 1349 664 1386 και
654 1320 830 1398 διάνοιανς
847 1335 876 1386 et
891 1321 1067 1405 μετάληψιν,

62 1429 150 1491 quam
166 1427 221 1470 nos
236 1411 317 1470 varie
333 1410 529 1470 translativam
537 1413 813 1509 ,transumptivam,
834 1412 1068 1510 transpositivam

62 1512 218 1563 vocamus;
244 1492 454 1572 συλλογισμὸν,
478 1512 562 1572 quem
586 1496 743 1594 accipimus
767 1495 998 1555 ratiocinativum
1019 1492 1067 1554 vel

63 1580 266 1645 collectivum;
288 1578 496 1677 ambiguitatis,
522 1596 596 1656 quae
611 1571 774 1658 ἀμφιβολία
793 1581 967 1648 nominatum
993 1596 1066 1679 quos

62 1664 166 1741 posui,
190 1664 255 1740 quia
272 1664 324 1720 et
316 1665 371 1740 rpsi
388 1680 403 1722 a
423 1662 573 1740 plerisque
591 1671 681 1722 status
699 1663 898 1742 appellantur,
924 1681 988 1722 cum
1005 1665 1065 1740 qui·

62 1747 185 1807 busdam
200 1746 315 1823 legales
332 1748 427 1824 potius
445 1749 630 1824 quaestiones
648 1765 697 1806 eas
714 1746 771 1807 dici
786 1748 947 1847 placuerit.

151 1829 366 1903 Quattuorl
365 1832 422 1890 ecit
443 1830 627 1906 Athenaeus,
656 1823 877 1931 προτρεπτικὴν
893 1824 996 1892 στάσιν
1017 1831 1106 1892 velli

62 1904 304 1994 ταρορμητινὴν,
329 1915 357 1973 id
380 1923 425 1972 est
447 1914 674 1990 exhortativum,
699 1917 747 1992 qui
764 1916 915 1974 suasoriae
937 1924 982 1974 est
998 1930 1065 1992 pro·

63 1999 158 2076 prius;
182 1988 364 2074 συντελικὴν,
382 2016 437 2075 qua
456 2000 651 2058 coniecturam
669 1998 826 2076 significari
843 1999 935 2076 magis
954 2016 992 2057 ex
1009 1997 1063 2072 his,

62 2099 139 2182 quae
157 2090 331 2159 sequuntur,
355 2099 438 2159 quam
458 2101 495 2141 ex
512 2084 576 2161 ipso
599 2085 713 2142 nomine
730 2093 865 2181 apparet3
886 2085 1065 2143 auctionare-

63 2159 138 2242 τήν,
161 2183 195 2224 ea
211 2165 300 2224 finitio
320 2174 380 2241 esi,
404 2168 560 2225 mutatione
577 2168 651 2226 enim
674 2168 795 2226 nominis
819 2175 946 2236 constat;
968 2165 1065 2225 iuridi-

64 2248 186 2324 cialem,
212 2248 313 2308 eadem
335 2249 533 2327 appellatione
551 2249 663 2310 Graeca
686 2268 741 2327 qua
764 2254 855 2311 ceteri
876 2269 955 2310 usus.
993 2249 1065 2309 Nam

64 2342 125 2408 est,
146 2341 177 2390 ut
194 2333 267 2408 dixi,
288 2333 398 2393 multa
390 2332 594 2392 innominibus
610 2333 782 2393 differentia
816 2336 887 2394 Sunt
906 2335 954 2411 qui
971 2325 1066 2392 ὑπαλ-
1074 2336 1109 2391 48

63 2377 210 2493 λαντινὴν
235 2416 450 2477 translationem
474 2434 540 2475 esse
563 2418 741 2491 existiment,
765 2421 858 2477 secuti
882 2417 956 2477 hano
977 2423 1066 2474 muta-

64 2501 150 2560 ionis
167 2500 416 2575 significationem.
444 2499 588 2559 Fecerunt
604 2500 651 2559 alii
669 2500 788 2560 totidem
805 2510 897 2561 status
913 2499 966 2560 sed
981 2499 1066 2573 alios,

64 2584 111 2643 An
130 2579 189 2643 sit?
226 2582 299 2657 Quid
322 2581 380 2644 sit?
413 2582 506 2657 Quale
529 2581 587 2642 sit?
620 2582 762 2657 Quantum
783 2581 840 2644 sit?
866 2592 898 2643 ut
920 2581 1067 2643 Caecilius

63 2678 92 2727 et
110 2667 223 2726 Theon.
261 2667 438 2729 Aristoteles
461 2671 490 2727 in
505 2668 676 2744 rhetoricis,
699 2667 745 2727 An
762 2670 816 2745 sit,
840 2667 950 2743 Quale,
972 2664 1110 2739 Quen-49

62 2761 138 2826 tum,
165 2761 194 2810 et
210 2751 301 2824 Quam
317 2753 434 2812 multum
455 2749 512 2812 sit?
536 2752 731 2830 quaerendum
747 2761 837 2831 putat.
877 2749 1009 2826 Quodam
1024 2758 1067 2808 ta·
1193 2762 1196 2769 '

61 2854 129 2895 men
145 2835 213 2895 loco
230 2834 364 2896 linitionis
382 2854 499 2914 quoque
514 2839 570 2896 vim
586 2837 731 2914 intelligit,
749 2836 827 2915 quod
843 2835 912 2896 dicit
928 2833 1069 2913 quaedam

62 2922 107 2979 sic
123 2918 258 2996 defendi,
281 2920 411 2999 sustuli,
434 2922 492 2982 aad
510 2941 569 2983 ooo
585 2923 702 3000 furtum
721 2923 804 3000 [τοὶς
826 2919 989 2995 Percussi,
1012 2918 1070 2979 aed

62 3023 123 3065 noe
141 3004 290 3066 iniuriam
308 3006 380 3084 saci.
414 3004 555 3064 Posuerat
577 3015 605 3065 et
622 3002 728 3065 Cicero
751 3007 779 3065 in
802 3005 884 3065 libris
901 3002 1067 3078 rhetoricis,
1076 3007 1110 3060 50

61 3086 150 3163 facti,
180 3089 320 3164 nominis,
344 3090 479 3166 generis,
509 3091 646 3158 actionis;
676 3098 707 3149 ut
734 3089 861 3149 infacto
888 3089 1067 3162 coniectura,

62 3264 154 3315 retur.
197 3254 255 3315 luri
283 3256 449 3317 subiecerat
478 3258 705 3317 translationem.
744 3257 853 3317 Verum
880 3257 928 3318 lric
953 3255 1067 3333 legales
1124 3284 1128 3295 ·

64 3357 183 3419 quoque
201 3343 387 3417 quaestiones
404 3341 460 3400 alio
479 3340 548 3400 loco
564 3350 669 3401 tractat
684 3349 715 3400 ut
730 3342 847 3420 species
864 3341 996 3402 actionis.

150 3422 278 3483 Fuerunt
297 3427 344 3503 qui
366 3425 498 3484 facerent
521 3427 700 3503 quinque,
725 3427 938 3502 coniecturam,
960 3423 1108 3484 llnitio-ol
