2566 4026
169 185 227 247 192
499 196 860 256 M.FAB.QU1NT1L1ANI

165 353 305 413 affuturos
330 351 420 411 fuisse
443 361 617 430 proponant.
662 351 735 412 Nam
758 361 788 411 et
809 353 890 412 inviti
918 353 1030 412 iudices
1057 353 1187 415 audiunt

164 445 398 516 praesumentem
414 445 512 514 partes
529 455 613 512 suas,
636 455 692 495 nee
707 436 765 496 hoo
781 439 889 495 oratori
906 439 1080 513 contingere
1101 439 1186 497 inter

164 522 349 582 adversarios
371 519 449 599 qnod
471 520 652 599 Pythagorae
678 521 754 579 inter
769 520 930 598 discipulos
954 529 1069 599 potest:
1102 520 1184 600 Ipse

165 606 253 665 dimit.
289 604 350 663 Sed
373 604 449 663 istud
470 607 562 681 magis
584 607 714 663 minusve
735 605 870 663 vitiosum
892 614 937 664 est
959 621 1012 683 pro
1035 608 1182 682 personis

120 689 329 748 28dioeutium.
366 687 539 748 Delenditur
567 690 642 748 euim
669 689 851 766 aliquatenus
879 697 992 763 aetate,
1020 688 1179 766 dignitate,

164 773 351 840 auotoritate;
374 790 448 850 quae
466 781 563 832 tamen
577 774 627 832 vix
642 773 671 831 in
685 771 745 830 ullo
761 780 838 832 tanta
854 771 978 848 luerint,
995 781 1024 831 ut
1040 789 1100 830 non
1117 773 1180 833 hoe

164 856 361 917 affirmationis
374 874 466 933 genus
479 855 696 936 temperandum
719 856 756 914 sit
768 855 863 934 aliqua
879 856 1081 916 moderatione
1099 859 1180 917 sicut

164 941 273 1014 omnia,
302 941 331 999 in
357 939 460 1018 quibus
487 949 627 1019 patronus
649 948 847 1017 argumentum
872 958 964 998 exse
987 941 1051 1019 ipso
1077 950 1176 1018 petet.

162 1023 278 1084 Fuisset
292 1024 442 1100 tumidius,
465 1026 489 1082 si
513 1024 714 1104 accipiendum
734 1024 859 1082 criminis
881 1023 949 1083 loco
968 1034 1109 1101 negasset
1127 1024 1177 1084 Ci-

164 1125 251 1183 cero,
277 1106 391 1186 Equitis
413 1107 534 1167 Romani
556 1127 623 1168 esse
648 1107 752 1182 lilium,
781 1125 814 1166 se
837 1107 1024 1167 defendente.
1060 1108 1100 1167 At
1122 1109 1177 1169 ille

161 1191 305 1252 fecithoc
322 1193 407 1253 etiam
422 1191 585 1253 favorabile
615 1191 817 1268 coniungendo
837 1209 902 1251 curn
919 1191 1062 1252 iudicibus
1079 1191 1175 1269 digni-

161 1285 247 1336 tatem
269 1293 364 1337 suam:
398 1274 520 1356 Equitio
541 1285 644 1338 uatem
661 1275 792 1337 Romani
813 1293 881 1336 cose
898 1276 1009 1353 filium,
1031 1278 1177 1338 criminis

161 1361 227 1423 loeo
238 1362 313 1440 poni
328 1362 368 1422 ab
384 1363 629 1438 accusatoribus,
644 1377 743 1440 oeque
756 1360 842 1422 vobio
854 1361 1067 1422 iudicantibus
1082 1379 1175 1438 opor·

161 1447 217 1507 tuit
237 1461 335 1524 neque
356 1446 590 1524 defendentibus
607 1446 703 1509 nodio.

119 1537 152 1590 29
212 1534 214 1538 '
245 1528 418 1607 lmpudens,
445 1530 635 1606 tumultuosa,
663 1528 798 1590 iracunda
824 1529 900 1589 actio
924 1526 1061 1587 omnibus
1089 1529 1173 1588 inde·

162 1630 247 1681 oora;
269 1613 323 1672 sed
339 1622 368 1672 ut
384 1616 506 1692 quisque
526 1622 641 1690 aetate,
658 1613 808 1691 dignitate,
824 1629 877 1670 usu
894 1612 1057 1690 praecedit,
1076 1615 1173 1690 magis

160 1697 189 1754 in
217 1715 251 1756 ea
278 1697 549 1775 reprehendendus.
592 1696 702 1757 Videas
731 1705 826 1756 autem
856 1697 1001 1757 rixatores
1029 1697 1173 1774 quosdam

45 1801 54 1809 ‘
160 1797 257 1859 neque
273 1781 397 1840 iudicum
416 1783 582 1841 reverentia
604 1799 699 1861 neque
718 1779 823 1858 agendi
845 1798 926 1840 more
945 1799 980 1840 ac
996 1780 1084 1840 modo
1101 1798 1172 1841 con·

160 1865 261 1939 tineri,
290 1881 347 1942 quo
372 1865 496 1945 abipso
522 1867 626 1924 mentis
653 1865 752 1926 habitu
775 1864 958 1923 manifestum
981 1865 1035 1939 sit,
1062 1873 1120 1924 tarn
1143 1867 1173 1924 in

117 1947 355 2026 30susoipiendis
370 1967 454 2027 quam
470 1951 498 2008 iu
516 1952 637 2027 agendis
654 1951 749 2010 causis
764 1947 834 2007 nihil
851 1949 935 2027 pensi
950 1947 1072 2008 habere.
1099 1948 1171 2009 Pro·

160 2032 218 2091 fert
239 2033 315 2092 enim
336 2051 434 2093 mores
455 2034 626 2113 plerumque
649 2035 741 2093 oratio
766 2041 795 2091 et
813 2034 897 2092 animi
913 2041 1030 2092 secreta
1046 2033 1169 2110 detegit.

159 2114 224 2175 Nec
240 2117 302 2176 sine
319 2137 406 2178 causa
419 2115 524 2178 Graeci
539 2118 737 2197 prodiderunt,
759 2115 796 2176 Ut
806 2119 900 2193 vivut,
918 2133 1065 2196 quemque
1078 2119 1170 2179 etiam

160 2201 275 2261 dicere.
312 2202 471 2262 Humiliora
496 2203 546 2263 illa
573 2204 657 2263 vitia:
687 2202 836 2261 summissa
861 2201 1003 2279 adulatio,
1032 2200 1171 2263 affectata

160 2285 336 2364 scurrilitas,
365 2288 393 2346 in
417 2287 506 2346 rebus
529 2305 564 2347 ac
590 2286 691 2346 verbis
710 2304 811 2365 parum
833 2286 975 2345 modestis
991 2304 1032 2362 ⁶ac
1054 2284 1171 2365 pudicis

158 2368 225 2428 vilis
241 2371 351 2448 pudor,
373 2373 402 2430 in
426 2372 501 2430 omni
520 2372 639 2448 negotio
665 2370 802 2447 neglecta
818 2370 988 2439 auetoritas;
1011 2388 1086 2447 quae
1103 2370 1170 2430 iere

159 2453 292 2514 accidunt
307 2456 352 2531 iio,
370 2457 418 2533 qui
433 2457 548 2514 nimium
563 2464 610 2515 aut
624 2454 723 2515 blandi
739 2472 806 2514 esse
823 2463 870 2514 aut
884 2454 999 2514 ridiculi
1013 2453 1125 2513 volunt.

116 2545 148 2598 31
240 2537 338 2616 lpsum
357 2540 442 2599 etiam
461 2539 646 2618 eloquentiae
672 2557 765 2616 genas
783 2538 857 2598 alios
874 2538 951 2598 aliud
967 2539 1063 2598 decet.
1094 2537 1169 2598 Nam

160 2639 256 2701 neque
274 2632 332 2682 tam
353 2622 470 2702 plenum
493 2632 522 2683 et
541 2632 670 2684 erectum
686 2632 715 2683 et
733 2623 828 2683 audax
849 2633 878 2683 et
894 2622 1073 2701 praecultum
1090 2625 1168 2682 seni·

159 2704 213 2766 hus
240 2709 411 2767 convenerit
432 2725 516 2786 quam
544 2726 678 2786 pressum
699 2716 728 2767 et
749 2708 816 2766 mite
839 2716 868 2766 et
890 2707 1016 2767 limatum
1032 2716 1062 2766 et
1079 2707 1168 2784 quale

158 2790 281 2867 intelligi
303 2790 365 2850 vult
386 2788 510 2867 Cicero,
538 2811 602 2851 cum
625 2792 710 2867 dicit,
740 2793 901 2850 orationem
923 2809 1003 2851 suam
1027 2793 1167 2869 coepisse

158 2893 344 2947 cacconem&
372 2877 445 2936 siout
470 2876 601 2935 vestibus
628 2892 744 2954 quoque
771 2892 829 2934 non
858 2893 985 2954 purpura
1013 2891 1167 2953 coccoque

114 2958 336 3036 32iulgentihus
358 2961 408 3020 illa
430 2968 510 3020 aetas
526 2962 597 3021 satis
613 2969 679 3039 apta
696 2961 741 3019 sit.
772 2958 806 3019 ln
821 2958 975 3018 iuvenibus
992 2961 1078 3019 etiam
1093 2959 1166 3017 ube·

158 3043 235 3102 riora
264 3044 351 3123 paulo
379 3053 407 3103 et
431 3063 525 3122 paene
552 3045 745 3123 periclitantia
771 3043 912 3104 feruntur.
950 3042 988 3103 At
1013 3044 1041 3103 in
1062 3043 1167 3102 iisdem

157 3127 267 3187 siecum
292 3136 321 3187 et
344 3128 498 3189 sollicitum
524 3138 553 3189 et
569 3137 746 3189 contractum
760 3128 876 3188 dicendi
898 3129 1079 3207 propositum
1102 3127 1165 3205 ple·

156 3229 276 3292 rumque
289 3212 474 3273 affectatione
489 3215 553 3291 ipsa
568 3214 734 3273 severitatis
746 3213 867 3272 invisum
882 3221 937 3290 est,
951 3211 1065 3290 quando
1078 3212 1165 3271 etiam

155 3311 266 3355 morum
282 3297 381 3356 senilis
397 3298 554 3357 auctoritas
568 3298 717 3358 immatura
731 3297 759 3355 iu
774 3297 1013 3360 adolescentibus
1025 3296 1163 3356 creditur.

114 3377 339 3457 ttsimplieiora
357 3381 497 3441 militares
519 3382 635 3442 decent.
666 3381 881 3460 Philosophiam
904 3399 942 3441 ex
958 3382 1112 3460 proiesso,
1134 3386 1166 3438 ut

156 3462 271 3540 quidam
295 3464 418 3542 iaciunt,
446 3465 657 3526 ostentantibus
684 3483 785 3544 parum
810 3466 911 3526 decori
939 3475 1003 3527 suut
1028 3465 1163 3546 pleraque
