2566 4026
225 161 267 225 92
541 171 904 232 nr.uan.ournn1n1nn1

224 329 352 410 inprimis
370 330 415 389 vir
434 329 544 388 bonus:
565 328 665 388 utilem
688 336 769 387 certe
791 345 860 388 esse
877 345 940 389 eam
960 330 1153 391 confitendum
1169 341 1224 392 est.

183 413 262 480 mitt
286 411 407 474 hercule
432 412 504 472 deus
529 411 598 488 ille,
626 429 732 490 parens
757 429 854 472 rerum
879 412 1096 493 fabricatorque
1117 415 1225 491 mundi,

224 497 304 559 nullo
320 499 411 574 magis
426 497 570 557 hominem
584 497 761 575 separavita
781 497 904 571 ceteris,
929 514 1003 574 quae
1019 500 1135 578 quidem
1148 517 1225 558 mor-

183 582 291 646 lttalia
306 589 420 656 essent,
445 579 630 656 animalibus,
641 596 739 658 -quam
760 579 874 640 dicendi
889 580 1037 642 facultate.
1072 582 1143 643 Nam
1160 601 1225 643 cor-

224 683 297 745 pora
311 665 425 743 quidem
440 664 650 741 magnitudine,
665 662 791 738 viribus,
808 664 955 741 firmitate,
972 668 1125 744 patientia,
1142 668 1225 728 velo·

224 751 312 811 citate
339 751 550 828 praestantiora
577 749 606 806 in
631 747 689 807 illis
718 749 803 807 mutis
828 747 975 818 videmus:
1007 751 1109 811 eadem
1133 754 1226 811 minus

224 851 315 910 egere
331 834 490 911 acquisitae
513 833 694 892 extrinsecus
717 833 791 909 opis.
828 831 901 892 Nam
921 842 951 892 et
967 835 1080 912 ingredi
1097 837 1179 895 citius
1196 845 1226 894 et

223 919 306 998 pasci
321 926 351 977 et
368 926 483 976 tranare
499 933 588 994 aquas
604 917 676 977 citra
692 914 846 975 docentem
860 926 961 977 natura
975 918 1039 997 ipsa
1055 921 1157 979 sciunt.
1188 919 1226 979 Et

183 1001 364 1081 replensque
384 1011 485 1060 contra
507 1000 599 1077 frigus
621 1018 659 1059 ex
679 1016 733 1058 suo
752 1016 878 1079 corpore
895 1002 1073 1079 vestiuntur,
1098 1012 1127 1063 et
1147 1021 1225 1063 arma

222 1088 257 1146 iis
280 1087 407 1163 ingenita
429 1084 570 1163 quasdam
592 1093 680 1144 etex
702 1082 790 1143 obvio
816 1083 881 1143 iere
905 1086 1017 1162 victus,
1050 1089 1126 1146 circa
1148 1105 1225 1164 quae

223 1171 316 1231 omnia
341 1170 446 1230 multus
465 1167 627 1228 hominibus
654 1166 738 1226 labor
761 1176 815 1227 est.
858 1167 1010 1229 Rationem
1030 1171 1118 1247 igitur
1139 1171 1225 1230 nobis

222 1255 409 1333 praecipuam
424 1253 502 1313 dedit
524 1254 645 1330 eiusque
663 1268 717 1310 nos
732 1253 831 1312 socios
848 1270 916 1312 esse
932 1271 996 1312 cum
1011 1253 1065 1313 diis
1080 1256 1224 1314 immorta-

179 1350 212 1403 15
221 1337 297 1399 libus
318 1337 420 1398 voluit.
457 1336 516 1397 Sed
537 1338 600 1415 ipsa
625 1337 698 1395 ratio
726 1353 821 1415 neque
840 1345 898 1396 tam
920 1354 974 1396 nos
994 1338 1106 1398 iuvaret
1127 1357 1224 1417 neque

222 1431 278 1482 tam
308 1430 389 1481 essct
412 1423 441 1480 in
470 1419 554 1479 nobis
580 1419 749 1495 manifesta,
780 1421 853 1495 nisi,
881 1438 956 1498 quae
986 1424 1224 1501 concepissemus

220 1515 333 1580 mente,
357 1517 492 1584 promere
512 1505 598 1563 edam
615 1503 763 1581 loquendo
779 1521 948 1583 possemus;
973 1505 1051 1584 quod
1066 1509 1157 1584 magis
1175 1505 1223 1565 de·

222 1607 289 1648 esse
317 1590 423 1649 ceteris
451 1586 619 1648 animalibus
647 1604 731 1665 quam
755 1588 935 1648 intellectum
963 1598 993 1648 et
1018 1593 1225 1667 cogitationem

80 1655 85 1663 ’
182 1685 213 1740 16
221 1673 362 1750 quandam
377 1671 517 1732 videmus.
548 1669 620 1730 Nam
635 1679 664 1730 et
678 1671 794 1731 mollire
811 1672 916 1732 cubilia
932 1681 962 1731 et
977 1673 1060 1733 nidos
1077 1683 1179 1734 texere
1196 1685 1224 1734 et

222 1757 348 1818 educare
370 1756 447 1816 istus
468 1764 498 1815 et
519 1755 678 1815 excludere
700 1757 767 1833 quin
788 1756 873 1815 etiam
896 1773 1042 1835 reponere
1058 1759 1086 1816 in
1100 1758 1224 1817 hiemem

221 1840 373 1917 alimenta,
399 1857 490 1919 opera
506 1839 646 1918 quaedam
667 1839 750 1899 uobis
765 1840 942 1901 inimitabilia
964 1841 1076 1920 (qualia
1094 1851 1160 1901 sunt
1175 1859 1224 1901 ce·

220 1942 316 1985 ramm
332 1943 367 1985 ac
389 1924 500 2003 mellis)
528 1923 665 1999 efficere,
689 1923 853 1983 nonnullius
873 1924 1001 1984 fortasse
1020 1927 1140 1985 rationis
1162 1934 1224 1992 est;

221 2009 273 2069 sed
292 2011 358 2088 quia
380 2016 479 2068 carent
494 2023 645 2082 sermone,
669 2025 743 2085 quae
762 2005 791 2066 id
813 2007 938 2084 iaciunt,
959 2018 1036 2068 muta
1052 2017 1139 2087 atque
1154 2011 1224 2068 irra-

179 2108 211 2164 17
220 2093 338 2153 tionalia
352 2099 502 2152 vocantur.
535 2090 669 2169 Denique
684 2091 832 2167 homines,
852 2091 955 2170 quibus
970 2102 1076 2169 negata
1093 2110 1151 2152 vox
1167 2102 1223 2166 est,

221 2176 388 2255 quantulum
409 2174 523 2236 adiuvat
546 2177 656 2234 animus
676 2175 728 2235 illc
748 2173 911 2236 coelestis?
951 2175 1048 2248 Quare
1068 2179 1093 2236 si
1114 2176 1183 2235 nihil
1208 2193 1224 2235 a

220 2259 274 2319 diis
295 2261 427 2320 oratione
447 2259 551 2319 melius
574 2261 755 2338 accepimus,
785 2261 852 2338 quid
876 2268 933 2319 tam
954 2260 1070 2338 dignum
1091 2260 1168 2320 cultu
1190 2278 1226 2320 ac

220 2344 322 2405 labore
344 2345 496 2418 ducamus,
524 2352 572 2404 aut
594 2345 622 2403 in
646 2360 704 2423 quo
725 2344 855 2404 malimus
878 2353 1030 2423 praestare
1049 2345 1223 2420 bominibus,

178 2444 213 2499 18
221 2447 304 2507 quam
321 2445 378 2507 quo
394 2430 450 2508 ipsi
466 2426 597 2488 homines
613 2429 720 2488 ceteris
736 2428 905 2489 animalibus
920 2438 1085 2508 praestant;
1110 2446 1145 2488 eo
1163 2430 1224 2506 qui·

219 2514 285 2574 dem
299 2515 406 2591 magis,
432 2512 509 2591 quod
526 2512 605 2572 nulla
620 2514 649 2571 in
664 2521 727 2572 arte
742 2514 857 2591 plenius
873 2512 958 2572 labor
971 2515 1093 2589 gratiam
1111 2509 1224 2571 refert?

218 2598 251 2658 ld
267 2598 340 2658 adeo
356 2597 536 2657 manifestum
552 2598 622 2672 erit,
640 2598 664 2655 si
681 2597 915 2673 cogitaverimus,
934 2595 1009 2654 unde
1025 2603 1055 2653 et
1071 2611 1224 2672 quousque

218 2686 273 2743 iam
292 2691 434 2762 provecta
457 2683 494 2740 sit
519 2679 619 2740 orandi
641 2680 780 2747 iacultas;
811 2689 841 2738 et
866 2677 960 2737 adbuc
987 2679 1088 2753 augeri
1112 2685 1221 2756 potest.

176 2766 291 2837 loNam
312 2776 344 2826 ut
366 2769 509 2841 omittam,
533 2763 692 2826 defendere
714 2765 840 2836 amicos,
863 2778 972 2838 regere
992 2759 1123 2820 consiliis
1139 2778 1222 2819 sena·

217 2860 292 2928 tum,
318 2849 472 2929 populum,
501 2849 660 2908 exercitum
681 2848 709 2906 in
736 2864 811 2924 quae
832 2845 905 2904 velit
926 2845 1051 2919 ducere,
1082 2847 1223 2922 quamsit

217 2935 288 2995 utile
304 2935 516 3012 conveniatque
529 2931 607 2992 bono
621 2932 700 2990 viro:
716 2947 812 2990 nonne
827 2928 979 3008 pulchrum
993 2930 1043 2989 vel
1058 2928 1116 2988 hoc
1130 2931 1224 3007 ipsum

219 3026 280 3094 est,
297 3037 335 3078 ex
351 3018 493 3079 communi
508 3015 658 3076 intellectu
670 3013 840 3093 verbisque,
857 3013 961 3091 quibus
978 3021 1095 3072 utuntur
1110 3030 1222 3086 omnes,

217 3109 325 3162 tantum
344 3103 462 3180 assequi
483 3099 576 3160 laudis
595 3108 625 3158 et
638 3099 771 3175 gloriae,
794 3107 897 3159 utnon
912 3098 993 3176 loqui
1009 3106 1038 3158 et
1054 3113 1139 3156 orare
1158 3096 1222 3170 sed,

219 3185 296 3263 quod
311 3185 417 3247 Pericli
434 3185 573 3261 contigit,
592 3183 743 3260 fulgurare
758 3201 793 3243 ac
806 3193 909 3243 tonare
923 3177 1071 3242 videaris?

636 3335 689 3386 AN
715 3335 807 3388 ARS.

300 3432 392 3495 XVll.
424 3435 502 3494 linis
517 3451 575 3494 non
591 3436 661 3513 erit,
679 3434 703 3494 si
719 3434 861 3517 expatiari
876 3434 905 3492 in
919 3441 1002 3515 parte
1017 3431 1072 3492 bac
1088 3440 1117 3491 et
1131 3428 1222 3490 indul·
