2566 4026
383 160 472 208 mss.
496 161 783 232 oaauou.1.1s.1,
806 169 846 218 10.
1084 147 1126 212 49

114 318 188 395 lym
222 319 307 378 cuius
332 335 398 377 cum
425 335 458 376 se
480 317 643 396 imperitum
666 316 878 378 Themistocles
903 319 1056 380 confessus
1079 338 1124 381 es·

115 412 174 479 set,
200 411 232 461 ut
254 401 356 461 verbis
382 397 532 461 Ciceronis
559 409 632 476 utar,
656 410 701 462 cot
722 402 845 464 babitus
865 404 1026 466 indoctior.
1068 405 1168 470 Sedbo

115 496 249 547 veterum
278 503 398 564 quoque
427 485 621 546 Romanorum
650 486 744 563 epulis
774 486 846 545 fides
870 505 904 546 ac
936 487 1021 548 tibias
1046 488 1123 549 adbi-

114 571 185 632 bere
211 569 391 650 morisiuit.
427 568 537 629 Versus
560 586 676 647 quoque
702 570 846 630 Saliorum
868 570 975 631 habeut
998 591 1122 632 carmen.

116 655 200 730 Quae
224 672 291 714 cum
315 655 410 714 omnia
434 655 490 713 siut
512 672 529 714 a
547 652 640 712 Numa
656 672 728 731 rege
747 655 884 730 instituta,
908 654 1016 731 iaciunt
1037 659 1124 717 mani-

113 740 240 814 iestum,
266 755 303 797 ne
325 738 383 798 illis
407 738 537 815 quidem,
568 739 616 815 qui
643 739 730 798 rudes
760 757 795 798 ac
824 737 960 798 bellicosi
981 739 1124 817 videntur,

114 841 214 884 curam
235 822 375 896 musices,
395 830 530 900 quantum
546 821 596 881 illa
613 822 774 900 recipiebat
789 831 880 898 aetas,
900 821 1039 882 defuisse.
1067 823 1165 888 bebi

115 909 203 986 nique
227 908 259 965 in
282 905 468 984 proverbium
490 922 583 984 usque
602 903 779 966 Graecorum
800 907 979 967 celebratum
994 915 1050 983 est,
1072 906 1125 968 ln·

114 993 222 1053 doctos
245 1009 268 1051 a
290 987 389 1051 Mucio
408 999 499 1067 atquc
518 1009 539 1051 a
558 989 674 1050 Gratiis
695 992 813 1054 obesse.

198 1074 313 1134 Verum
336 1073 404 1151 quid
427 1091 464 1133 ex
486 1090 522 1132 ea
544 1074 664 1152 proprie
685 1083 766 1153 petat
787 1075 898 1134 iuturus
922 1085 1038 1152 orator,
1068 1076 1168 1140 dis-aa

114 1177 259 1219 seramus.
304 1156 448 1217 Numeros
467 1157 577 1217 musice
600 1157 733 1236 duplices
752 1157 840 1218 babet
861 1160 889 1217 in
910 1158 1032 1219 vocibus
1055 1161 1126 1219 etin

113 1261 257 1322 corpore,
281 1242 431 1320 utriusque
455 1242 529 1301 enim
550 1241 594 1301 rei
617 1250 700 1319 aptus
719 1242 834 1321 quidam
851 1242 953 1302 modus
977 1243 1124 1304 desidera·

114 1334 168 1388 tur.
207 1327 325 1386 Vocis
344 1327 485 1385 rationem
502 1325 694 1385 Aristoxenus
710 1328 836 1386 musicus
851 1325 950 1385 dividit
965 1328 993 1386 in
1007 1321 1125 1407 ῥυθμὸν

113 1421 141 1472 et
163 1409 264 1489 μέλος,
289 1426 410 1488 quorum
432 1410 554 1470 alterum
576 1409 788 1485 modulatione,
812 1410 935 1470 alterum
958 1428 1065 1471 canore
1089 1430 1124 1472 ac
1229 1423 1235 1434 ·

114 1497 194 1556 sonis
220 1501 348 1554 constat.
391 1492 466 1553 Num
487 1495 575 1570 igitur
595 1511 652 1553 non
674 1494 748 1554 baec
771 1497 865 1554 omnia
889 1498 997 1555 oratori
1020 1514 1122 1557 neces·

114 1580 204 1647 saria;
232 1595 355 1657 quorum
373 1595 457 1637 unum
480 1577 516 1637 ad
538 1587 670 1654 gestum,
695 1579 818 1639 alterum
840 1579 875 1639 ad
899 1579 1124 1641 collocationem

114 1663 292 1738 verborum,
312 1661 427 1722 tertium
444 1661 479 1722 ad
496 1660 590 1720 llexus
608 1663 701 1737 uocis,
726 1664 853 1741 quisunt
870 1663 900 1721 in
917 1664 1031 1740 agendo
1052 1683 1123 1744 quo·

116 1765 171 1826 que
194 1746 325 1825 plurimi,
348 1741 493 1823 pertinet?
536 1743 598 1804 Nisi
618 1745 694 1805 forte
717 1747 745 1804 in
768 1746 940 1806 carminibus
966 1756 1075 1808 tantum
1097 1754 1167 1809 etii

117 1833 142 1890 iu
160 1831 286 1892 canticis
303 1830 429 1907 exigitur
448 1837 592 1890 structura
610 1830 751 1908 quaedam
769 1839 798 1889 et
816 1830 957 1891 inoffensa
976 1832 1123 1910 copulatio

117 1930 232 1990 uocum,
256 1916 288 1973 in
311 1913 425 1991 agendo
444 1930 656 1992 supervacuum
673 1922 732 1982 est3
759 1923 880 1974 autnon
900 1917 1073 1993 compositio
1095 1924 1124 1974 et

117 2015 206 2058 sonus
229 2000 259 2057 in
283 1999 414 2058 oratione
437 2014 555 2076 quoque
573 1997 654 2057 varie
676 2015 730 2076 pro
750 2016 846 2057 rerum
866 1998 952 2061 modo
973 1997 1126 2059 adhibetur

116 2084 190 2143 sicut
212 2083 243 2142 in
266 2081 386 2142 musice.
430 2080 560 2159 Namque
585 2089 614 2141 et
635 2099 711 2141 voce
735 2091 763 2141 et
786 2083 982 2143 modulatione
1005 2082 1166 2161 grandinat

116 2166 205 2242 elate,
224 2165 349 2227 iucunda
367 2165 507 2240 dulciter,
531 2165 680 2226 moderata
698 2165 803 2226 leniter
821 2169 907 2243 canit,
926 2175 1046 2247 totaque
1061 2176 1124 2228 arte

117 2250 266 2310 consentit
302 2267 366 2310 cum
397 2265 497 2308 eorum
526 2266 601 2327 quae
623 2248 754 2310 dicuntur
778 2250 939 2312 affectibus.
986 2253 1075 2331 Atqui
1097 2251 1165 2311 into

116 2333 229 2395 orando
253 2349 370 2412 quoque
391 2333 510 2392 intentio
534 2334 632 2408 vocis,
656 2334 805 2410 remissio,
830 2335 923 2396 llexus
940 2337 1067 2414 pertinet
1089 2335 1125 2396 ad

116 2418 280 2480 movendos
295 2417 467 2477 audientium
483 2416 615 2492 affectus,
634 2417 748 2497 aliaque
764 2429 792 2478 et
808 2420 1011 2480 collocationis
1029 2429 1058 2480 et
1073 2436 1124 2478 vo-

117 2503 159 2562 cis
184 2502 233 2580 (ut
257 2501 361 2562 eodem
381 2508 445 2561 utar
465 2499 574 2580 verbo)
599 2501 796 2562 modulatione
813 2504 1036 2563 concitationem
1052 2502 1123 2562 iudi-

117 2587 171 2662 cis,
197 2585 254 2645 alia
277 2585 504 2645 misericordiam
526 2586 662 2662 petimus;
681 2603 745 2645 cum
764 2586 850 2645 etiam
869 2587 997 2662 organis,
1021 2584 1124 2662 quibus

117 2686 215 2731 sermo
241 2669 361 2747 exprimi
382 2686 440 2728 non
462 2677 578 2748 potest,
605 2669 671 2729 duci
694 2670 804 2730 animos
826 2671 855 2728 in
877 2669 1022 2729 diversum
1043 2667 1123 2727 habi·

116 2763 177 2814 tum
196 2754 364 2814 sentiamus.
410 2749 593 2831 Corporis
615 2771 732 2831 quoque
750 2764 831 2814 actus
850 2763 879 2814 et
896 2753 1004 2812 decens
1019 2759 1124 2826 motus,
1132 2759 1165 2814 26

118 2838 166 2916 qui
189 2837 295 2899 dicitur
318 2827 481 2916 εὐρυθμία,
514 2846 543 2896 et
565 2846 611 2896 est
638 2839 822 2898 necessarius
846 2856 903 2898 nec
925 2835 1040 2897 aliunde
1063 2835 1124 2913 peti

118 2930 228 3000 potest,
250 2923 359 3000 inquo
382 2938 450 2999 pars
473 2922 594 2981 actionis
618 2938 676 2980 non
697 2923 810 2983 minima
833 2921 979 2988 consistit;
1010 2919 1123 2999 quade

117 3024 149 3065 re
171 3007 321 3084 sepositus
345 3004 428 3064 nobis
452 3014 496 3064 est
519 3004 612 3064 locus.
657 3006 740 3084 Age,
767 3024 824 3066 non
847 3004 965 3067 habebit
988 3004 1165 3084 imprimisbi

118 3107 216 3150 curam
243 3090 328 3149 vocis
357 3085 476 3148 orator?
521 3087 597 3161 Quid
618 3099 676 3149 tam
703 3093 829 3151 musices
851 3084 1021 3169 proprium?
1065 3087 1124 3149 Sed

117 3192 153 3233 ne
174 3173 251 3234 haec
274 3173 391 3252 quidem
412 3173 622 3251 praesumenda
645 3192 713 3254 pars
736 3184 790 3234 est.
835 3173 899 3234 Uno
920 3172 1032 3232 interim
1055 3191 1122 3234 eon·

117 3259 188 3319 tenti
212 3259 301 3318 simus
326 3256 463 3335 exemplo
487 3252 520 3316 G.
544 3254 677 3334 Gracchi,
702 3259 851 3338 praecipui
874 3275 991 3319 suorum
1012 3267 1122 3336 tempo-

117 3361 178 3403 rum
200 3343 345 3418 oratoris,
370 3342 416 3402 cui
438 3341 615 3401 contionanti
642 3344 804 3403 consistens
827 3352 894 3423 post
912 3360 977 3402 eum
997 3342 1123 3401 musicus

118 3425 226 3505 fistula,
251 3444 339 3506 mam
361 3427 502 3488 marion
524 3434 646 3504 vocant,
669 3427 789 3503 modos,
813 3427 915 3506 quibus
940 3425 1061 3486 deberet
1083 3425 1123 3484 in·

156 3532 186 3571 u.
207 3533 232 3570 r.
256 3530 374 3582 comm.
