2566 4026
333 196 423 245 ruse.
441 196 590 244 eunucu.
609 197 678 243 cru.
697 197 749 263 ns,
766 195 792 247 a.
1005 186 1063 248 137

55 350 170 426 solent,
196 369 291 430 eoque
317 351 395 409 lacto
418 350 532 426 vitium,
556 349 713 428 quoderat
735 351 763 409 in
787 351 859 426 fine,
888 352 1062 413 continuatio

56 435 199 496 emendat.
245 433 313 496 Non
335 435 397 495 cult
414 435 548 512 populos
561 435 717 495 Romanos
731 435 870 496 obsoletis
886 437 1064 498 criminibus

54 521 204 581 accusari
221 517 349 580 Verrem
364 518 481 594 durum,
504 519 528 576 si
548 519 679 586 desinas;
706 518 759 577 sed
777 528 900 578 comest
917 521 1063 580 continua·

53 613 114 662 tum
136 603 170 660 iis
195 621 270 680 quae
294 610 472 680 sequuntur,
496 620 657 680 quanquam
678 610 779 662 natura
799 602 862 679 ipsa
881 603 972 662 divisa
996 605 1062 679 sint,

56 684 146 748 Nooo
166 688 315 763 postolat,
337 688 479 746 inaudito
500 688 675 746 desideret:
697 686 795 744 salvus
812 694 857 744 est
876 704 986 746 cursus.
1028 685 1065 748 Ut
1072 692 1105 748 71

54 773 169 844 acleus,
186 778 302 830 tontum
318 770 422 845 alahis,
440 769 515 827 male
534 769 682 844 eluderet,
701 786 765 828 nam
781 778 810 828 et
826 771 945 829 trimetri
961 789 1063 830 versus

54 872 123 932 pars
146 853 245 912 ultima
270 861 328 921 est;
359 853 468 930 excipit
492 851 529 913 Ut
552 855 652 914 cibum
676 856 874 932 vestitamque
899 855 1065 932 introferre

53 940 162 1013 liceat,
191 943 327 1006 tontom;
354 954 498 1015 praeceps
522 936 616 997 adhuc
639 935 766 997 firmatur
786 954 821 996 ac
844 937 1001 997 sustinetur
1021 938 1063 998 ul·

55 1023 124 1080 timo
150 1019 244 1084 Nemo
259 1021 434 1082 recusabat.

139 1104 264 1164 Versum
288 1107 317 1163 in
338 1105 470 1163 oratione
492 1104 555 1163 fieri
571 1103 661 1166 multo
681 1103 879 1164 foedissimum
898 1113 943 1164 est
962 1113 1062 1181 totum,
1072 1119 1107 1174 γε

55 1189 109 1248 sed
125 1190 210 1248 etiam
224 1191 253 1247 in
268 1197 351 1266 parte
367 1188 513 1255 deforme;
535 1189 635 1265 utique
650 1188 675 1246 si
691 1205 759 1265 pars
775 1188 922 1266 posterior
936 1189 964 1247 in
984 1188 1063 1248 clau·

55 1272 119 1332 sula
135 1271 369 1350 deprehendatur
390 1281 439 1332 aut
455 1288 554 1330 rursus
569 1272 649 1349 prior
664 1272 693 1330 in
709 1273 852 1349 ingressu.
898 1271 970 1332 Natu
986 1272 1064 1350 quod

56 1366 102 1415 est
120 1365 220 1416 eontra
238 1373 328 1433 saepe
345 1357 431 1416 etiam
446 1356 547 1430 decet,
569 1355 636 1432 quia
656 1364 685 1415 et
700 1354 807 1416 claudit
823 1357 937 1415 interim
955 1357 1063 1434 optime

56 1440 147 1518 prima
163 1457 230 1517 pars
246 1457 366 1514 versus,
384 1439 449 1498 dum
464 1440 537 1498 intra
552 1455 660 1516 paucas
676 1438 824 1514 syllabas,
841 1441 999 1517 praecipue
1017 1457 1063 1498 se·

58 1524 130 1582 narii
152 1532 239 1601 atque
256 1523 413 1590 octonarii;
440 1521 490 1602 (In
504 1518 614 1600 Africo
632 1523 731 1600 scrisse
752 1524 860 1582 initium
877 1524 984 1582 senarii
1007 1531 1061 1598 est,
1072 1534 1109 1590 73

54 1609 176 1685 primum
197 1623 250 1683 pro
274 1605 309 1680 Q.
332 1604 448 1683 Ligario
469 1615 556 1682 caput
577 1605 697 1674 claudit;
725 1604 803 1668 Esse
818 1607 977 1682 videatur,
999 1624 1064 1665 uam

56 1692 138 1749 nimis
155 1690 308 1768 frequens,
331 1691 510 1750 octonarium
526 1689 656 1758 inchoat;
683 1689 751 1751 talia
767 1699 832 1750 sunt
846 1690 1062 1764 Demosthenis,

55 1777 130 1833 πᾶσι
156 1772 207 1833 καὶ
229 1767 354 1844 πάσαις·
382 1772 433 1834 καὶ
453 1777 544 1833 πᾶσιν
565 1765 650 1851 ὑμῖν,
681 1783 711 1833 ει
731 1783 821 1834 totum
842 1791 935 1853 paene
958 1774 1063 1851 princi·

56 1859 150 1937 pium)
178 1866 208 1917 et
230 1857 329 1916 ultima
354 1875 488 1917 versuum
513 1859 593 1916 initio
616 1859 790 1918 conveniunt
817 1858 969 1917 orationis:
997 1855 1108 1924 Etsitt

55 1960 181 2017 vereor,
196 1943 330 2016 iudices,
347 1949 376 2000 et
391 1941 618 2018 Animadverti,
634 1943 762 2004 lodices.
807 1941 866 2001 Sed
882 1941 960 2000 initia
977 1941 1062 2000 initiis

55 2042 113 2084 nou
135 2026 323 2099 conveniunt,
346 2024 396 2104 (Τ.
419 2025 515 2084 Livius
537 2026 696 2085 hexametri
719 2026 840 2085 exordio
859 2025 972 2102 coepit:
1000 2022 1061 2085 Fo-

57 2118 202 2170 ctorrrsne
218 2125 332 2185 operae
350 2111 481 2185 pretinm
502 2111 580 2180 sirm
607 2126 671 2168 nam
693 2110 731 2168 ita
752 2109 856 2182 edidit,
879 2117 982 2186 estque
1003 2124 1062 2166 me-

56 2192 129 2265 lius,
155 2211 240 2271 quam
265 2209 321 2270 quo
349 2192 434 2252 modo
458 2191 640 2269 emendatur)
662 2209 718 2252 nec
742 2190 890 2251 clausulae
913 2190 1060 2266 clausulis,
1071 2200 1106 2256 75

56 2284 88 2334 ut
108 2273 232 2351 Cicero,
260 2273 326 2348 Quo
347 2296 395 2338 me
411 2285 546 2350 certum,
566 2277 689 2343 nescio,⁸
716 2276 764 2352 qui
781 2275 901 2333 trimetri
923 2274 985 2333 linis
1008 2282 1061 2332 est.

55 2358 218 2419 Trimetrou
236 2369 265 2419 et
285 2360 449 2438 promiscue
470 2359 569 2418 dicere
590 2358 691 2432 liceat,
714 2376 767 2417 sex
790 2359 864 2417 euim
886 2356 977 2435 pedes
1002 2364 1062 2415 tres

56 2446 265 2522 percussiones
285 2443 402 2503 habeut.
447 2442 532 2502 Peius
555 2441 644 2501 cludit
665 2442 728 2501 finis
746 2441 918 2516 hexametri,
946 2448 976 2499 ut
992 2439 1061 2499 Bru·

57 2535 103 2586 tus
120 2529 148 2585 iu
164 2527 315 2605 epistolis:
331 2524 437 2605 Neque
451 2527 497 2587 illi
511 2527 626 2586 molant
640 2525 754 2587 dobere
767 2532 883 2586 tutores
896 2533 949 2584 cert
960 2523 1063 2602 defen·

56 2629 159 2685 sores,
183 2628 359 2689 quanquam
374 2611 474 2671 sciunt
491 2610 649 2687 placuisse
664 2607 782 2670 Catoni.
825 2607 872 2668 Illi
887 2608 979 2667 miuus
1000 2613 1107 2671 suntlti

55 2693 217 2768 notabiles,
242 2696 307 2773 quia
330 2695 387 2754 hoc
407 2711 499 2770 genus
527 2694 652 2753 sermoni
672 2693 832 2770 proximum
857 2700 911 2766 est.
962 2691 1064 2767 ltaque

57 2785 87 2836 et
107 2796 209 2836 versus
232 2779 285 2837 toti
306 2778 369 2837 lere
392 2777 542 2851 excidunt,
568 2793 642 2855 quos
657 2775 760 2835 Brutus
784 2777 849 2852 ipso
873 2772 1064 2851 componendi

57 2860 159 2919 ductus
181 2862 276 2921 studio
300 2862 471 2938 saepissime
495 2861 578 2935 iacit,
600 2876 738 2919 uonraro
756 2859 889 2933 Asinius,
910 2857 1065 2917 sedetiam

58 2940 164 3002 Cicero
180 2962 395 3023 nonnunquam,
420 2953 451 3003 ut
471 2945 500 3002 in
520 2945 663 3022 principio
685 2944 781 3003 statim
801 2942 938 3002 orationis
960 2942 988 2999 in
1011 2939 1064 2998 Lu·

58 3028 132 3086 cium
153 3027 303 3088 Pisonem:
329 3027 390 3089 Pro
414 3030 459 3088 dii
477 3029 676 3104 immortales,
699 3028 767 3105 quis
782 3028 833 3087 hic
854 3027 954 3087 illcnr't
977 3024 1065 3084 dies?

60 3109 126 3169 Nou
143 3112 254 3172 minore
270 3122 364 3171 autern
378 3130 445 3171 cura
460 3112 604 3172 vitandum
618 3120 679 3186 est,
697 3109 834 3189 quidquid
847 3118 891 3168 cst
903 3107 1065 3188 ἔνρυθμον,
1073 3111 1107 3169 77

58 3195 145 3271 quale
155 3197 231 3273 apud
245 3196 428 3256 Sallustium:
440 3194 532 3257 Folso
543 3197 681 3273 queritur
693 3197 732 3256 de
746 3201 859 3255 notura
869 3211 937 3253 suo.
960 3191 1064 3264 Quam·

57 3279 101 3336 vis
118 3281 191 3337 enim
207 3281 302 3339 vincta
318 3283 370 3355 sit,
390 3289 485 3338 tamen
500 3279 595 3338 soluta
610 3278 702 3338 videri
718 3277 805 3337 dehet
828 3278 930 3336 oratio.
976 3273 1066 3353 Atqui

57 3360 158 3438 Plato,
178 3362 414 3439 diligentissimus
431 3363 667 3440 compositionis,
684 3363 712 3421 in
728 3360 847 3421 'l’imaeo
864 3361 954 3437 prima
970 3359 1065 3419 statim

57 3454 141 3522 parte
156 3448 248 3505 vitare
264 3448 387 3506 isteron
403 3447 505 3525 potuit.
542 3444 613 3505 Nam
630 3454 659 3504 et
673 3446 781 3504 initium
797 3443 955 3505 hexametri
969 3441 1065 3504 statim
1072 3447 1107 3504 78
