2566 4026
386 189 855 257 1usu.onsuon.n113.xn,10.
1065 182 1125 246 265

120 346 225 406 exucci
243 352 274 404 et
291 361 451 422 exangues.
484 342 519 403 Hi
535 352 601 403 sunt
617 346 707 420 enim,
727 346 775 423 qui
790 363 860 406 suae
876 345 1067 410 imbecillitati
1082 363 1169 416 sa·15

119 429 216 489 nitatis
242 427 484 507 appellationem,
512 437 654 505 quaeest
678 429 800 489 maxime
831 432 993 507 contraria,
1024 432 1113 494 obten

118 514 205 583 dunt;
229 514 292 592 qui,
310 513 377 591 quia
393 512 548 572 clariorem
562 513 620 572 vim
637 512 824 591 eloquentiae
841 513 922 574 velut
936 513 1029 575 solem
1047 516 1127 577 ferre

117 614 177 656 non
194 605 333 674 possunt,
352 594 451 656 umbra
466 597 561 673 magni
577 598 699 657 nominis
714 597 898 658 delitescunt.
929 597 1040 671 Quibus
1061 603 1127 679 quia

117 681 208 741 multa
230 689 260 740 et
280 679 412 758 pluribus
438 679 512 739 locis
537 675 643 740 Gicero
668 682 734 760 lpse
754 681 924 760 respondit:
949 684 1038 743 tutior
1058 685 1125 745 mihi

119 764 156 825 de
172 763 229 824 hoc
247 762 410 824 disserendi
424 763 552 822 brevitas
568 765 631 823 erit.

203 847 241 908 Et
272 849 389 926 antiqua
413 846 528 924 quidem
553 847 603 907 illa
630 847 733 908 divisio
763 849 838 908 inter
864 848 1011 909 Atticos
1038 860 1168 929 atquem

117 931 277 991 Asianos
294 931 365 1006 fuit,
390 948 453 990 cum
468 931 497 991 hi
513 931 608 1008 pressi
624 939 654 990 et
669 932 790 1008 integri:
815 941 915 993 contra
931 933 1020 994 inflati
1037 933 1079 995 illi
1096 945 1125 995 et

116 1017 217 1075 inanes
240 1013 430 1082 haberentur;
462 1015 490 1072 in
512 1013 556 1073 his
581 1014 651 1075 nihil
677 1013 889 1092 superflueret:
913 1016 971 1076 illis
991 1017 1125 1078 iudicium

116 1100 240 1159 manime
257 1117 292 1159 ac
306 1098 409 1157 modus
425 1096 553 1156 deesset.
587 1097 672 1172 Quod
691 1098 820 1177 quidam,
841 1116 962 1177 quorum
977 1109 1006 1160 et
1022 1101 1125 1163 Santra

117 1192 180 1259 est,
202 1183 260 1244 boc
275 1190 376 1261 putant
393 1181 553 1256 accidisse,
580 1181 674 1258 quod,
697 1180 834 1259 paulatim
857 1200 991 1244 sermone
1010 1183 1123 1246 Graeco

116 1269 146 1327 in
162 1268 308 1345 proximas
326 1265 416 1325 Asiae
432 1266 564 1324 civitates
580 1265 733 1342 induente,
751 1266 875 1326 nondum
891 1268 961 1326 satis
977 1269 1062 1345 periti
1080 1270 1123 1329 lo·

119 1349 225 1429 quendi
246 1349 409 1409 facundiam
431 1349 649 1427 concupierint,
679 1348 806 1426 ideoque
829 1367 879 1425 ea,
906 1368 980 1427 quae
1004 1355 1123 1430 proprie

118 1435 227 1510 signari
244 1442 397 1512 poterant,
415 1433 536 1491 circuitu
551 1434 703 1510 coeperint
720 1434 868 1493 enuntiare
884 1451 918 1494 ao
936 1434 1041 1495 deinde
1057 1454 1124 1514 per·

119 1519 292 1579 severarint.
324 1516 393 1577 Mihi
416 1524 511 1576 autem
534 1518 672 1576 orationis
694 1515 890 1576 differentiam
906 1517 1015 1577 fecisse
1038 1527 1066 1578 et
1084 1518 1124 1579 di·
1133 1529 1166 1587 17

118 1604 245 1662 centium
269 1609 298 1661 et
320 1601 494 1661 audientium
516 1608 634 1660 naturae
654 1600 805 1675 videntur,
830 1602 908 1679 quod
925 1600 1015 1661 Attici
1035 1602 1125 1663 limati

119 1686 234 1764 quidam
250 1694 279 1745 et
295 1686 418 1744 emuncti
434 1683 503 1744 nihil
519 1685 603 1744 inane
619 1694 667 1744 aut
682 1683 844 1744 redundans
856 1683 999 1761 ferebant,
1015 1685 1124 1747 Asiana

117 1788 192 1848 gens
209 1769 342 1829 tumidior
366 1768 474 1846 alioqui
495 1777 582 1847 atque
597 1769 749 1828 iactantior
763 1769 883 1829 vaniore
906 1770 991 1828 etiam
1009 1769 1123 1831 dicendi

117 1854 213 1933 gloria
232 1852 329 1913 inflata
348 1860 402 1912 est.
436 1850 563 1912 Tertium
577 1870 661 1928 mox,
687 1853 735 1930 qui
749 1850 823 1912 haee
838 1851 1023 1929 dividebant,
1046 1854 1166 1919 adio-18

118 1946 221 1998 cerunt
245 1955 358 2014 genus
379 1935 571 2012 Rhodium,
602 1935 679 2015 quod
697 1935 778 1996 velut
799 1936 922 1996 medium
946 1953 1014 1997 esse
1036 1946 1123 2016 atque

118 2040 156 2081 ex
181 2030 305 2098 utroque
326 2021 443 2078 mixtum
457 2019 573 2088 volunt3
600 2021 786 2098 nequeenim
802 2018 899 2080 Attice
916 2022 1012 2098 pressi
1027 2038 1123 2100 neque

117 2105 227 2164 Asiane
244 2112 309 2162 sunt
328 2102 523 2177 abundantes,
549 2111 580 2162 ut
605 2103 713 2182 aliquid
733 2102 842 2163 habere
859 2104 1011 2164 videantur
1026 2108 1123 2181 gentis

119 2185 230 2265 aliquid
245 2187 383 2247 auctoris.
414 2184 578 2246 Aeschines
595 2188 688 2261 enim,
707 2188 755 2265 qui
771 2186 846 2246 hunc
864 2187 953 2247 exilio
971 2186 1165 2264 delegeratllt

117 2271 230 2344 locum,
253 2270 348 2330 intulit
371 2286 407 2330 eo
423 2269 516 2330 studia
531 2268 722 2346 Athenarum,
746 2287 837 2348 quae,
858 2271 939 2331 velut
956 2279 1018 2330 sata
1029 2288 1122 2349 quae-

118 2353 183 2413 dam
199 2353 284 2414 coelo
302 2363 438 2433 terraque
454 2353 650 2430 degenerant,
674 2370 810 2432 saporem
832 2354 912 2414 illum
927 2352 1055 2414 Atticum
1070 2372 1121 2432 pe·

117 2438 236 2513 regrino
252 2439 439 2498 miscuerunt.
481 2436 563 2497 Lenti
584 2456 657 2516 ergo
677 2438 790 2516 quidam
806 2455 841 2498 ac
855 2439 969 2497 remissi
984 2455 1042 2497 non
1058 2439 1121 2496 sine

116 2520 248 2601 pondere
264 2531 360 2582 tamen
375 2539 471 2600 neque
487 2521 613 2582 fontibus
631 2523 711 2601 puris
726 2539 822 2600 neque
837 2520 1014 2581 torrentibus
1032 2521 1120 2581 turbi-

116 2606 160 2667 dis
177 2604 230 2665 sed
246 2606 359 2667 lenibus
374 2607 485 2684 stagnis
502 2604 612 2665 similes
627 2603 778 2665 habentur.

200 2687 293 2751 Nemo
315 2691 403 2765 igitur
425 2689 615 2765 dubitaverit,
646 2689 735 2765 longe
758 2706 825 2748 esse
848 2689 984 2767 optimum
1005 2701 1163 2765 genus20

115 2771 331 2833 Atticorum.
362 2773 395 2833 ln
411 2790 469 2852 quo
486 2782 517 2833 ut
533 2783 579 2833 est
596 2772 703 2851 aliquid
717 2773 793 2831 inter
807 2774 889 2850 ipsos
907 2790 1074 2850 commune,
1091 2774 1120 2834 id
1209 2842 1211 2847 ,

116 2865 163 2914 est
179 2856 314 2917 iudicium
337 2875 406 2917 acre
428 2866 613 2936 tersumque:
636 2859 674 2916 ita
694 2857 875 2934 ingeniorum
897 2857 1037 2935 plurimae
1060 2858 1119 2917 for·

114 2957 189 3000 mae.
225 2939 413 3019 Quapropter
427 2940 494 3000 mihi
511 2940 574 3001 falli
588 2941 706 3001 multum
721 2941 871 3014 videntur,
889 2942 937 3018 qui
953 2941 1035 3001 solos
1054 2953 1161 3004 esseut

115 3023 231 3084 Atticos
248 3025 370 3085 credunt
391 3033 493 3085 tenues
510 3034 540 3085 et
555 3024 667 3084 lucidos
689 3034 718 3084 et
733 3024 930 3102 significantes
952 3033 981 3083 et
998 3025 1119 3102 quadam

116 3106 303 3184 eloquentiae
319 3108 486 3187 frugalitate
502 3117 655 3169 contentos
670 3125 705 3167 ac
716 3126 833 3187 semper
847 3125 959 3167 manum
974 3109 1047 3167 intra
1058 3109 1118 3186 pal·

115 3189 184 3248 lium
207 3194 399 3252 continentes.
436 3190 509 3252 Nam
535 3194 599 3271 quis
626 3193 679 3251 erit
698 3191 746 3252 hic
766 3189 902 3251 Atticus?
938 3191 981 3251 Sit
1001 3191 1117 3266 Lysias3

114 3272 192 3332 hunc
222 3276 296 3334 enim
323 3276 536 3355 amplectuntur
566 3283 709 3336 amatores
734 3277 816 3334 istius
842 3276 964 3334 nominis
993 3274 1117 3334 modum.

116 3353 183 3415 Non
197 3357 285 3432 igitur
302 3358 357 3418 iam
372 3377 465 3439 usquc
486 3359 522 3420 ad
539 3357 668 3420 Coccum
688 3367 717 3418 et
731 3356 911 3418 Andocidem
931 3361 1117 3419 remittemur.

115 3438 304 3516 Interrogare
321 3449 416 3502 tamen
434 3443 540 3521 velim,
566 3461 602 3502 an
618 3442 766 3503 Isocrates
782 3441 880 3502 Attice
896 3441 1011 3502 dixerit.
1042 3443 1119 3503 Nihil
1127 3454 1162 3506 22
