2566 4026
165 137 206 201 88
481 154 518 201 u.
533 152 613 201 nus.
631 152 851 212 emmenum

163 308 299 368 virtutem
314 317 496 386 putaverunt.
534 307 576 367 lta
599 307 674 367 enim
698 306 766 367 dicit
787 311 840 386 (ut
863 309 935 386 ipsis
952 326 1053 369 eorum
1069 307 1169 370 verbis

164 400 244 469 utar,
265 393 314 470 qui
333 391 407 453 haec
429 409 467 451 ex
489 389 602 452 Graeco
625 390 863 472 transtulerum·
886 389 950 454 Arc
966 395 1123 455 inventrice
1141 403 1170 455 et

163 476 335 537 iudicatrix
354 484 383 547 et
398 477 572 538 nuntiatrix
586 477 705 537 decenti
723 483 835 537 mnata
853 478 1023 539 secundnm
1038 480 1169 540 mensio-

164 579 233 621 nem
247 561 323 637 eins,
337 560 448 638 quod
435 579 469 622 sn
484 575 603 704 pungne
621 566 720 638 potest
733 578 810 621 sumo
805 561 1067 661 persuasibile,
1054 582 1087 622 an
1101 581 1168 623 ma-

121 646 241 707 tatorio
257 645 349 709 cioih.
389 643 520 722 Itemque
577 643 744 703 ornelius
762 640 914 720 Celsus,
935 646 983 723 qui
1000 645 1086 705 linem
1102 645 1168 706 rhe-

163 729 271 788 torices
294 729 334 788 ait
354 730 460 790 dicere
477 727 756 807 persuasibiliter'
744 747 777 788 an
801 729 897 791 dubia
919 730 1002 791 ciuili
1025 732 1168 791 materia.

164 810 274 884 Quibus
290 821 356 872 sunt
370 829 429 872 non
444 811 618 888 dissimiles,
636 812 683 890 qui
701 811 736 871 ab
753 811 817 872 aliis
833 812 996 881 traduntnr;
1014 814 1107 891 qualis
1124 821 1170 873 est

162 895 229 972 ille,
256 893 309 957 Vis
329 898 458 958 videndi
478 905 507 959 et
520 897 683 974 eloquendi
703 896 852 958 derebus
867 898 1008 959 ciuilibus
1021 899 1167 960 subiectis

161 981 221 1041 cibi
236 1000 305 1042 cnm
320 983 457 1059 quadarn
474 980 680 1059 persuasione
700 973 730 1041 et
749 981 881 1058 quodam
903 983 1043 1060 corporis
1061 982 1169 1043 habitu

119 1073 320 1141 noctuarum,
338 1066 534 1144 quaedioot,
552 1064 808 1142 pronuntiatione
841 1063 922 1124 Mille
943 1065 1016 1140 alia,
1043 1066 1095 1125 sed
1119 1074 1168 1124 aut

163 1148 264 1208 eadem
279 1158 327 1210 aut
343 1167 380 1209 ex
395 1149 505 1208 eisdem
522 1149 698 1226 compositu
723 1147 826 1224 quibus
848 1150 927 1225 item,
945 1166 1008 1209 cum
1024 1150 1061 1208 de
1076 1158 1165 1209 mate·

162 1235 204 1292 ria
220 1233 383 1294 rhetorices
398 1233 550 1294 dicendum
575 1234 645 1308 erit,
669 1232 920 1310 respondebimus.
958 1232 1078 1305 Quidam
1102 1250 1166 1292 eam

161 1334 257 1394 neque
279 1319 335 1377 vim
357 1335 453 1396 neque
478 1318 628 1377 scientiam
655 1333 750 1393 neque
775 1326 866 1377 artem
889 1325 1079 1395 putaverunt,
1112 1318 1167 1376 sed

162 1398 352 1461 Critolaus
369 1421 459 1463 amm
471 1402 597 1463 dicendi
614 1399 694 1478 (nam
705 1392 1038 1480 hoocpopipsignilicat),
1051 1399 1166 1460 hthe-

161 1501 274 1545 naeus
297 1486 430 1563 foltendi
443 1493 552 1547 ortem.

118 1577 153 1629 24
244 1567 380 1648 Plerique
409 1578 533 1645 autem,
549 1569 615 1629 dum
642 1586 735 1648 pauca
764 1586 801 1628 ex
822 1567 930 1645 Gorgia
952 1568 1128 1628 Platon1s
1151 1585 1167 1632 a

160 1651 306 1729 prioribus
327 1655 460 1732 imperite
482 1662 622 1732 excerpta
645 1654 747 1730 legere
774 1654 902 1712 contenti
925 1669 1022 1729 neque
1043 1651 1100 1712 hoc
1122 1661 1166 1711 to·

160 1745 218 1795 tum
236 1754 331 1814 neque
347 1738 403 1797 alia
419 1740 480 1798 eins
496 1739 642 1799 volumina
657 1737 805 1811 evolvunt,
822 1738 851 1795 in
868 1738 1020 1796 maximum
1036 1752 1166 1796 errorem

160 1819 336 1898 inciderunt,
360 1823 539 1901 creduntque
557 1841 621 1881 eum
636 1824 665 1880 in
679 1821 734 1881 hac
754 1838 822 1880 esse
840 1822 993 1900 opinione,
1017 1828 1047 1878 ut
1067 1818 1165 1878 rheto-

159 1905 240 1963 ricen
262 1922 318 1965 non
341 1915 432 1966 artem
459 1907 512 1967 sed
531 1907 676 1985 peritiam
696 1908 854 1983 qnondam
873 1906 995 1984 proriae
1016 1921 1056 1964 ac
1079 1905 1165 1965 oola-

118 1991 253 2066 25ptotis
274 1992 436 2059 existimet;
461 2000 490 2048 et
514 1990 571 2050 alio
589 1990 657 2049 loco
675 1990 832 2051 oioilitotie
843 1989 1022 2068 particulae
1036 1988 1165 2049 simula-

161 2091 247 2132 crum
278 2083 307 2132 et
334 2080 478 2151 quartam
500 2083 623 2153 portem
643 2074 847 2150 adulationis,
874 2072 951 2150 quod
973 2071 1044 2131 duas
1066 2080 1167 2149 partes

161 2155 307 2216 civilitatis
325 2159 443 2235 corpori
459 2160 607 2235 assignet,
627 2157 798 2217 medicinam
819 2166 848 2216 et
873 2174 956 2233 quam
972 2157 1165 2232 interpretan-

160 2247 206 2298 tur
229 2243 477 2317 exercitatricem,
509 2242 580 2302 duas
606 2243 716 2315 animo,
744 2240 873 2318 legalem
900 2249 988 2316 atque
1012 2240 1165 2306 iustitiam;

161 2321 353 2384 adulationem
366 2334 460 2385 autem
471 2326 632 2386 medicinae
643 2335 732 2385 vocet
746 2341 884 2385 cocorum
900 2322 1061 2399 artificium,
1080 2341 1165 2382 exer·

161 2408 298 2468 citatriois
314 2427 499 2486 mangonum,
520 2411 567 2488 qui
584 2409 715 2470 colorem
738 2410 806 2469 luco
823 2418 852 2469 et
868 2426 970 2468 verum
984 2407 1075 2467 robur
1090 2409 1166 2467 inani

160 2493 260 2568 sagina
275 2495 460 2563 mentiantur;
477 2494 583 2572 legalis
600 2494 824 2568 cavillatrioem,
841 2493 967 2552 iustitiae
985 2491 1164 2551 rhetoricen.

117 2583 151 2638 26
159 2574 241 2647 Quae
259 2579 352 2638 omnia
368 2588 434 2638 sunt
451 2580 566 2656 quidem
588 2579 696 2656 scripta
715 2580 744 2637 in
759 2577 817 2637 hoo
832 2576 908 2636 libro
925 2577 1061 2652 dictaque
1077 2592 1093 2633 a
1109 2575 1164 2633 So·

161 2669 256 2735 crate,
280 2663 360 2721 cuius
382 2679 509 2740 persona
528 2663 644 2721 videtur
666 2661 748 2721 Plato
772 2661 938 2738 significare
959 2657 1027 2736 quid
1042 2659 1163 2724 sentiat;

159 2743 212 2804 sed
227 2745 276 2804 alii
292 2755 357 2806 sunt
375 2747 437 2805 eius
447 2762 598 2805 sermones
610 2748 646 2807 ad
660 2746 875 2844 coarguendos,
893 2745 942 2822 qui
953 2750 1054 2802 eontra
1066 2744 1163 2841 dispu-

159 2835 230 2904 tant,
250 2831 414 2908 compositi,
433 2847 507 2908 quos
528 2821 711 2909 ilspnnnoig
726 2839 847 2905 vocant,
865 2829 913 2889 alii
929 2827 965 2888 ad
980 2828 1164 2906 praecipien-

116 2916 149 2972 tl
158 2910 239 2988 dum,
263 2916 311 2992 qui
328 2912 499 2994 δογματικοὶ
514 2913 706 2992 appellantur.
745 2916 884 2974 Socrates
901 2921 996 2973 autem
1010 2928 1063 2971 seu
1081 2909 1164 2971 Plato

159 3012 222 3055 eam
237 2998 365 3074 quidem,
391 3017 465 3076 quae
482 3007 541 3058 tum
563 2997 786 3094 exercebatur,
784 2998 951 3057 rhetoricen
965 2994 1052 3054 talem
1068 3001 1162 3090 putat,

157 3096 222 3138 nam
239 3089 270 3140 et
282 3082 351 3142 dicit
363 3083 407 3142 his
423 3082 521 3143 verbis
543 3085 644 3143 τοῦτον
666 3103 718 3143 τον
734 3073 859 3161 τρόπον,
880 3103 915 3142 ον
931 3072 1014 3156 ὑμεῖς
1030 3069 1164 3137 πολιτευ-

157 3168 237 3239 sous,
255 3183 355 3224 veram
372 3176 467 3226 autem
483 3176 511 3226 et
527 3166 678 3226 honestam
694 3166 840 3265 intelligit
861 3164 985 3264 ltaque
1001 3162 1163 3260 disputatio

157 3246 208 3306 illa
225 3258 326 3309 contra
343 3248 470 3329 Gorgian
485 3253 524 3311 ita
540 3251 697 3324 clauditur,
721 3241 832 3310 οὐκοῦν
851 3238 969 3327 ἀνάγκη
980 3237 1031 3306 τὸν
1047 3244 1164 3343 ῥητορι-

157 3352 211 3392 nov
230 3332 345 3393 δίκαιον
363 3325 500 3410 εἶναι,
473 3356 524 3395 τον
543 3332 575 3394 δὲ
586 3335 702 3394 δίκαιον
718 3325 881 3413 βονλεσθαι
892 3330 994 3391 δίκαια
1008 3323 1164 3413 npointenu

113 3413 201 3477 nond
226 3417 305 3496 quod
331 3416 382 3478 ille
410 3419 526 3498 quidem
554 3419 742 3495 conticescit,
770 3418 824 3478 sed
850 3431 1014 3477 sermonem
1041 3415 1164 3493 suscipit
