2566 4026
217 137 280 199 270
539 147 904 206 assuescendum

217 305 346 366 cissim
368 320 409 364 ea
435 302 539 363 intimo
563 301 696 379 artificio
725 302 981 380 deprcrnpsisset‚
1009 301 1166 382 liespicite
1186 302 1224 370 0.

216 386 356 450 Fabricii
369 392 572 456 seneclutem
591 403 659 446 cam
670 386 737 462 boc,
753 385 919 464 Respicite,
936 389 1099 448 ornandae
1109 391 1222 453 oratic·

217 472 266 533 nis
288 486 387 533 caasa
407 487 501 547 saepe
520 470 667 530 disiisset:
691 471 828 548 respexit
849 471 935 548 ipse;
960 478 994 531 ct
1013 467 1179 534 Fabricius
1201 492 1223 535 a

216 555 370 617 subselliis
384 554 516 615 damaso
535 555 637 631 capite
652 554 855 630 discesserat,
877 562 907 612 et
922 561 1036 630 cetera,
1053 572 1128 632 quae
1143 557 1222 617 adie-

217 640 272 708 cit;
285 656 349 699 nam
369 646 415 697 est
428 645 514 697 notus
529 635 627 705 locus;
653 655 716 697 cum
736 639 764 696 in
779 655 811 695 re
827 635 885 697 hoc
899 637 994 697 solum
1009 647 1106 715 esset,
1121 638 1222 701 Fabri·

176 734 208 790 41
218 723 293 782 cium
315 741 331 782 a
352 721 457 782 iudicio
479 722 652 780 recessisse.
696 720 733 781 Et
754 719 871 781 Caclius
887 739 951 780 cum
967 723 1061 781 omnia
1075 725 1221 784 venustis·

216 808 288 866 sime
318 806 400 866 linxit
425 814 484 865 tum
510 804 581 865 illud
611 805 753 880 ultimum,
779 802 838 866 llic
865 805 1045 868 subsecutas
1073 806 1224 884 quomodo

217 891 385 965 transierit,
400 898 502 951 atrum
516 895 586 950 rate
601 909 644 951 aa
655 889 826 967 piscatorio
838 889 979 968 nampio,
990 909 1077 951 nemo
1091 892 1220 954 sciebat.

217 973 317 1036 Siculi
335 975 473 1052 quidem,
496 981 528 1033 ut
548 978 619 1034 sant
640 974 793 1035 lasciviat
807 973 949 1048 dicaces,
967 973 1093 1035 aiebant
1106 977 1139 1036 ia
1154 976 1221 1038 del·

176 1060 307 1138 ltpbino
319 1059 438 1118 sedisse
455 1065 484 1118 et
502 1059 549 1118 sic
565 1065 713 1136 tanquam
725 1051 845 1118 Arium
860 1065 1077 1118 transvectam.
1107 1057 1140 1119 lu
1156 1077 1221 1121 nar·

218 1142 308 1203 raudo
326 1151 420 1201 autem
437 1138 541 1200 Cicero
559 1144 721 1201 consistere
739 1140 861 1201 facetias
877 1148 973 1218 putat,
995 1141 1179 1203 dicacitatem
1192 1144 1222 1203 in

217 1226 360 1287 iaciendo.
396 1224 468 1284 Mire
490 1225 543 1285 suit
563 1226 591 1284 in
617 1225 674 1286 hoc
695 1243 805 1302 genere
820 1233 958 1284 venustus
979 1223 1052 1283 hier
1066 1224 1220 1303 Domitius,

219 1312 299 1371 cuius
321 1308 497 1370 orationibus
521 1310 687 1387 complures
710 1308 872 1369 huiusmodi
892 1309 1073 1367 narrationes
1093 1311 1221 1370 insertae

218 1395 416 1472 reperiuntur;
442 1393 495 1452 sed
528 1394 669 1453 dictorum
703 1410 820 1471 quoquc
841 1392 876 1452 ab
901 1392 1004 1453 eodem
1026 1391 1135 1452 urbane
1156 1403 1222 1453 sunt

176 1491 210 1547 43
218 1479 286 1538 editi
302 1477 377 1537 libri.
407 1475 483 1536 lllud
495 1494 613 1555 quoque
631 1495 724 1554 genus
739 1486 785 1536 est
800 1477 925 1554 positum
942 1493 999 1534 nou
1015 1477 1042 1535 in
1058 1475 1113 1536 hac
1129 1477 1222 1537 veluti

217 1562 391 1622 iaculatione
412 1559 552 1619 dictorum
579 1570 608 1619 ει
633 1561 744 1620 inclusa
769 1559 899 1619 breviter
928 1560 1088 1619 urbanitate
1115 1561 1168 1621 sed
1193 1563 1222 1621 in

219 1646 342 1724 quodam
364 1644 498 1720 longiore
519 1653 600 1718 actu,
625 1644 702 1722 quod
724 1644 760 1703 de
784 1641 815 1702 h.
845 1640 953 1703 Crasso
980 1652 1081 1703 contra
1104 1643 1222 1704 Brutum

219 1726 324 1789 Cicero
341 1727 513 1787 insecundo
529 1727 565 1787 de
582 1725 705 1787 Oratore
727 1726 801 1786 libro
826 1737 854 1787 et
872 1727 935 1786 aliis
952 1727 1122 1805 quibusdam
1146 1727 1221 1788 locis

177 1821 324 1876 ssuarrat.
355 1810 438 1886 Nam,
460 1829 523 1869 cum
537 1810 642 1870 Brutus
662 1814 691 1871 in
709 1813 895 1870 accusatione
912 1808 963 1869 Cu.
980 1810 1079 1870 Planci
1096 1829 1134 1871 ex
1149 1810 1220 1871 duo-

219 1897 273 1956 bus
294 1894 453 1956 lectoribus
475 1894 665 1970 ostendisset,
693 1896 835 1954 contraria
859 1893 890 1953 L.
914 1891 1049 1954 Crassum
1070 1905 1222 1972 patronum

221 1983 283 2040 eius
298 1982 328 2038 in
344 1980 485 2054 oratione,
503 1996 588 2056 quarn
601 1980 636 2039 de
654 1977 775 2038 Colonia
789 1976 972 2038 Narbonensi
987 1977 1137 2054 habuerat,
1154 1997 1220 2040 sua·

220 2065 295 2123 sisse
314 2065 360 2139 iis,
378 2081 452 2140 quae
470 2062 506 2122 dc
523 2062 591 2140 lege
607 2062 730 2122 Servilia
748 2062 876 2122 dixerat:
891 2064 942 2120 tris
959 2063 1096 2122 excitarit
1113 2072 1142 2122 et
1156 2064 1221 2140 ipso

220 2147 360 2220 lectores,
378 2147 480 2224 hisque
497 2148 587 2223 patris
605 2149 665 2206 eius
679 2147 813 2223 dialogos
832 2146 910 2206 dedit
922 2146 1080 2222 legend0s;
1100 2163 1222 2224 quorum

221 2249 284 2289 cum
305 2232 333 2289 in
353 2229 512 2289 Privernati
533 2248 621 2307 unus,
643 2231 718 2290 alter
738 2232 767 2288 in
785 2229 917 2305 Albano,
938 2231 1040 2288 tertias
1066 2231 1095 2288 in
1110 2229 1222 2289 Tiburti

220 2331 382 2373 sermonem
398 2313 523 2373 habitum
551 2314 812 2392 complecteretur:
839 2313 1022 2393 requirebat,
1047 2313 1096 2372 ubi
1122 2320 1223 2373 esseut

220 2415 273 2459 eae
299 2394 527 2475 possessiones?
569 2396 674 2458 Omnes
704 2407 798 2457 autem
820 2398 885 2457 illas
909 2397 1013 2456 Brutus
1035 2396 1221 2464 vendiderun

219 2490 248 2539 et
263 2490 322 2541 tum
336 2490 456 2559 paterna
468 2498 659 2560 emancupare
675 2482 794 2560 praedia
812 2483 922 2560 turpius
939 2479 1108 2539 habebatur.
1139 2480 1221 2541 Simi-

219 2565 255 2624 lis
278 2567 306 2623 in
327 2565 463 2642 apologis
484 2582 600 2643 quoque
624 2575 652 2624 ct
673 2565 841 2643 quibusdam
861 2567 972 2625 interim
991 2567 1076 2623 etiam
1093 2563 1223 2624 historiis

221 2649 385 2724 exponendi
400 2650 493 2722 gratia
509 2650 648 2724 consequi
664 2648 750 2707 solet.

109 2732 154 2758 ί
177 2740 210 2794 45
303 2728 362 2788 Sed
378 2731 490 2788 acutior
511 2739 556 2788 est
576 2730 624 2789 illa
640 2740 726 2808 atque
748 2730 881 2790 velocior
901 2733 929 2791 in
950 2731 1111 2790 urbanitate
1135 2729 1222 2791 bre·

218 2814 327 2873 vitas.
369 2809 457 2870 Cuius
482 2812 594 2888 quidem
614 2813 722 2892 duplex
742 2814 833 2873 forma
856 2824 902 2873 est
917 2815 1030 2874 dicendi
1045 2832 1079 2873 ac
1099 2831 1223 2893 respon·

178 2896 320 2972 46dendi,
343 2895 396 2954 sed
417 2896 490 2955 ratio
517 2899 672 2955 communis
696 2900 723 2956 in
750 2907 875 2975 partem;
904 2897 974 2957 nihil
996 2899 1069 2956 enim
1093 2898 1172 2975 quod
1195 2899 1224 2957 in

221 2977 394 3040 lacessendo
411 2978 467 3039 dici
479 2989 588 3056 potest,
606 2998 662 3039 non
678 2982 763 3041 etiam
778 2983 806 3039 in
819 2982 1052 3058 repercutiendo.
1082 2980 1121 3039 ht
1134 2998 1222 3059 quae·

220 3065 284 3124 dam
301 3064 419 3142 propria
440 3073 506 3122 sunt
525 3065 776 3141 respondentium
804 3064 853 3124 illa
870 3067 954 3124 etiam
970 3067 1012 3124 ira
1029 3065 1166 3124 concitati
1180 3065 1223 3125 ai·

220 3147 299 3206 ferre
321 3148 432 3222 solent,
455 3146 529 3207 haec
546 3147 716 3226 plerumque
731 3151 761 3208 in
774 3148 963 3209 altercatione
980 3157 1027 3208 aut
1041 3150 1070 3207 in
1084 3148 1223 3226 rogandis

130 3294 134 3299 ,
221 3230 342 3290 testibus
359 3231 551 3308 requiruntur.
590 3229 661 3291 cum
675 3233 730 3290 sint
746 3241 840 3291 autem
856 3232 914 3292 loci
930 3233 1047 3310 plures,
1067 3250 1104 3292 ex
1120 3232 1224 3310 quibus

223 3313 297 3373 dicta
309 3314 431 3374 ridicula
448 3315 603 3376 ducantur:
618 3315 808 3393 repetendum
825 3325 870 3375 est
883 3316 961 3392 mihi,
977 3334 1035 3375 uon
1053 3333 1154 3375 omnes
1171 3332 1224 3376 ecs

222 3397 385 3458 oratoribus
403 3401 576 3467 convenire;
597 3399 740 3478 inprimis
756 3408 851 3460 autem
867 3418 905 3460 ex
922 3400 1153 3479 amphibolia
1173 3417 1224 3458 ne·
