2566 4026
413 196 665 337 manqpuauoa.
679 196 749 244 ma.
762 198 785 262 1,
798 194 824 247 o.
1083 185 1124 246 43

114 357 184 416 tium
206 352 299 413 nolim
321 353 351 412 in
373 350 542 430 quibusdam
563 352 756 428 interpretari.
788 351 892 430 Elegia
913 370 1001 428 vero,
1025 353 1124 431 utique

114 457 173 519 qua
186 445 279 513 amat,
304 445 333 496 et
351 433 606 510 hendecasyllabi,
628 437 676 513 qui
694 445 759 496 sunt
776 446 915 497 commata
932 437 1124 496 Sotadeorum

116 523 199 600 (nam
219 521 259 580 de
278 519 414 580 Sotadeis
436 537 472 578 ne
494 518 729 596 praecipiendum
750 520 865 598 quidem
888 522 946 599 est)
971 538 1123 581 amovean-

116 616 179 681 tur,
200 607 226 664 si
245 605 310 664 lieri
326 612 440 683 potest;
465 605 613 677 siminus,
639 612 719 662 certe
738 605 772 664 ad
790 604 896 663 firmius
915 607 1017 665 aetatis
1035 604 1125 665 robur

115 698 318 750 reserventur.
359 685 551 761 Comoediae,
576 704 650 764 quae
673 688 825 764 plurimum
847 688 982 747 conlerre
1005 689 1040 748 ad
1063 689 1149 752 elo-7

116 776 266 853 quantiam
293 781 408 850 potest,
438 788 576 847 comper
602 787 700 829 omnes
723 780 752 831 et
780 788 922 850 personas
952 781 981 830 et
1003 773 1123 832 allectus

117 867 183 934 eat,
205 874 293 935 quem
308 874 390 916 usum
411 857 440 914 in
457 855 556 933 pueris
576 862 689 932 putem,
715 857 803 933 paulo
826 865 894 933 post
916 871 969 914 suo
993 855 1061 914 loco
1084 856 1124 915 di·

117 960 196 1009 cam;
228 957 292 1000 nam
317 958 380 1000 cum
402 955 498 997 mores
520 939 549 996 in
571 946 632 997 tuto
655 939 777 1016 luerint,
804 941 880 1000 inter
901 940 1059 1018 praecipua
1083 939 1124 999 le-

115 1025 216 1104 genda
228 1025 292 1083 erit.
316 1023 361 1082 De
373 1023 531 1082 Menandro
544 1021 658 1100 loquor,
673 1041 728 1082 nec
742 1033 837 1083 tamen
850 1023 1025 1084 excluserim
1039 1022 1123 1082 alios.

205 1107 280 1168 Nam
295 1107 387 1167 Latini
409 1123 526 1184 quoque
550 1116 685 1166 auctores
709 1107 831 1166 afferent
852 1108 982 1167 utilitatis
1007 1105 1150 1184 aliquid&

116 1193 178 1253 Sed
198 1193 315 1270 pueris,
339 1209 414 1269 quae
429 1192 552 1250 maxime
569 1192 715 1267 ingenium
735 1191 812 1251 alant
832 1200 919 1269 atque
936 1193 1057 1249 animum
1075 1208 1124 1249 au·

116 1285 225 1355 geant,
254 1275 467 1353 praelegenda;
500 1277 625 1350 ceteris,
651 1293 725 1352 quae
755 1275 789 1334 ad
819 1275 1010 1335 eruditionem
1038 1273 1124 1333 modo

117 1362 284 1440 pertinent,
307 1359 397 1436 longa
420 1367 501 1418 aetas
524 1360 647 1435 spatium
667 1359 770 1418 dabit..
788 1357 906 1419 llultum
928 1368 1023 1418 autem
1042 1367 1124 1417 vete·

116 1465 166 1504 res
191 1445 279 1503 etiam
295 1442 394 1502 Latini
408 1442 575 1517 conferunt,
600 1442 779 1521 (quanquam
801 1443 937 1521 plerique
955 1444 1021 1522 plus
1043 1444 1124 1520 inge·

118 1531 167 1589 nio
190 1545 277 1606 quam
294 1536 358 1586 arte
375 1526 543 1605 valuerunt)
567 1527 704 1605 imprImis
724 1529 837 1604 copiam
858 1526 1028 1603 verborum,
1052 1543 1123 1605 quo-

117 1631 180 1672 rum
193 1613 223 1670 in
238 1610 398 1688 tragoediis
416 1611 560 1687 gravitas,
580 1612 610 1669 in
629 1611 788 1670 comoediis
806 1611 951 1688 elegantia
964 1621 993 1671 et
1009 1611 1124 1689 quidam

118 1696 201 1756 velut
222 1685 391 1772 ἆττικισμὸς
409 1695 531 1753 inveniri
552 1702 660 1772 potest.
696 1692 875 1755 Oeconomia
897 1713 1014 1774 quoque
1033 1697 1062 1755 in
1079 1694 1148 1759 biso

118 1781 289 1856 diligentior
301 1796 387 1855 quam
398 1779 427 1837 in
439 1777 589 1856 plerisque
606 1794 747 1838 novorum
764 1780 834 1854 erit,
854 1781 901 1856 qui
917 1782 1040 1839 omnium
1053 1794 1123 1856 ope-

118 1883 181 1924 rum
204 1862 299 1922 solam
319 1864 453 1921 virtutem
475 1863 634 1922 sententias
657 1871 839 1939 putaverunt.
878 1863 1021 1922 Sanctitas
1044 1870 1125 1921 certa

119 1958 166 2024 et,
190 1955 221 2004 ut
244 1947 287 2004 sic
309 1946 420 2021 dicam,
442 1945 565 2005 virilitas
586 1946 622 2006 ab
646 1948 681 2005 iis
703 1945 829 2025 petenda
852 1956 912 2021 est,
936 1945 1050 2024 quando
1071 1961 1124 2002 nos

118 2035 147 2092 in
165 2031 261 2090 omnia
278 2029 447 2089 deliciarum
464 2031 533 2089 vitia
550 2030 664 2089 dicendi
680 2047 797 2109 quoque
812 2032 925 2089 ratione
942 2030 1122 2090 defluximus.

118 2116 257 2192 Denique
276 2112 427 2174 credamus
445 2115 561 2173 summis
575 2113 756 2190 oratoribus,
780 2115 828 2192 qui
846 2123 977 2174 veterum
990 2121 1125 2192 poemata
1133 2124 1167 2176 lo

119 2198 168 2258 vel
191 2197 228 2257 ad
250 2197 336 2257 lidem
357 2215 507 2257 causarum
524 2198 574 2257 rel
596 2198 632 2258 ad
655 2207 851 2258 ornamentum
874 2198 1060 2277 eloquentiae
1079 2215 1123 2257 as·

119 2289 245 2343 sumunt.
272 2280 346 2341 Nam
362 2283 521 2360 praecipue
540 2282 655 2360 quidem
670 2283 745 2362 apud
759 2280 942 2358 Ciceronem,
956 2283 1166 2360 frequenterll

119 2376 217 2428 tamen
246 2365 322 2444 apud
344 2364 474 2424 Asinium
501 2368 587 2426 etiam
610 2375 639 2426 et
663 2376 796 2442 ceteros,
825 2369 873 2446 qui
897 2375 962 2427 sunt
988 2366 1124 2445 proximi,

121 2452 244 2512 vidimus
266 2448 368 2525 Ennii,
397 2450 498 2525 Accii,
525 2450 657 2527 Pacuvii,
686 2449 805 2525 Lucilii,
834 2449 979 2525 Terentii,
1005 2447 1126 2509 Caecilii

120 2545 150 2595 et
171 2535 295 2595 aliorum
312 2535 403 2592 inseri
417 2551 538 2609 versus,
562 2552 671 2594 summa
689 2549 746 2591 noa
765 2533 933 2593 eruditionis
951 2533 1037 2592 modo
1059 2549 1125 2607 gra·

120 2622 161 2680 tia
183 2619 237 2678 sed
259 2619 346 2677 etiam
361 2617 561 2693 iucunditatis,
586 2637 650 2679 cum
672 2617 798 2694 poeticis
819 2613 1017 2695 voluptatibus
1040 2631 1125 2673 aures

119 2723 136 2763 a
159 2703 273 2762 lorensi
296 2703 454 2780 asperitate
475 2703 629 2780 respirant.
667 2700 778 2774 Quibus
802 2700 917 2761 accedit
938 2715 996 2758 non
1016 2697 1168 2759 medio-12

120 2788 179 2847 cris
203 2786 331 2860 utilitas,
361 2803 425 2845 cum
447 2788 599 2846 sententiis
620 2804 720 2846 eorum
748 2785 830 2846 velut
852 2783 1023 2864 quibusdam
1045 2782 1126 2841 testi-

119 2873 244 2946 moniis,
272 2886 347 2948 quae
367 2886 567 2948 proposuere,
599 2870 777 2930 confirment.
819 2870 928 2929 Verum
955 2869 1053 2946 priora
1075 2864 1127 2925 illa

119 2954 157 3015 ad
184 2972 295 3033 pueros
318 2953 427 3031 magis,
456 2954 530 3014 haec
555 2957 707 3032 sequentia
732 2955 768 3014 ad
794 2954 976 3014 robustiores
999 2951 1125 3030 pertine·

119 3040 208 3114 bunt,
234 3056 300 3099 cum
322 3040 526 3115 grammatices
550 3055 630 3098 amor
653 3049 682 3098 et
709 3057 778 3099 usus
803 3039 938 3098 lectionis
961 3053 1018 3096 non
1040 3036 1125 3095 scho-

118 3124 214 3185 larum
236 3121 417 3201 temporibus
440 3122 492 3182 sed
514 3123 592 3182 vitae
614 3125 709 3202 spatio
733 3125 930 3182 terminentur.

205 3207 238 3268 ln
252 3205 454 3286 praelegendo
466 3209 671 3284 grammaticus
684 3217 713 3266 et
727 3207 778 3267 illa
790 3208 904 3285 quidem
919 3208 1030 3266 minora
1042 3220 1169 3284 prae-13

119 3302 199 3354 stare
222 3290 359 3366 debebit,
381 3299 412 3350 ut
442 3299 541 3369 partes
564 3293 703 3352 orationis
729 3291 812 3352 reddi
839 3292 893 3352 sibi
918 3291 1015 3351 soluto
1038 3308 1126 3350 versu

118 3378 271 3438 desideret
298 3384 328 3435 et
350 3374 455 3451 pedum
483 3379 697 3454 proprietates,
729 3393 804 3452 quae
831 3375 905 3436 adeo
930 3374 1037 3435 debent
1060 3391 1127 3432 esse

118 3472 207 3523 notae
227 3463 257 3521 in
281 3456 472 3534 carminibus,
494 3468 525 3518 ut
543 3462 628 3520 etiam
649 3462 677 3518 in
695 3461 821 3518 oratoria
844 3461 1055 3538 compositione
1077 3457 1126 3516 de·
