2566 4026
367 167 456 215 misr.
471 165 802 233 onnron.n1n.xr,3.
974 226 977 230 ,
1015 153 1077 215 tlt
1115 149 1117 154 ’

72 325 149 385 dicii
162 342 241 384 nouo
257 323 358 402 formo
374 329 467 383 terret
481 323 592 386 oeulos.
623 320 677 381 llla
692 339 763 381 vero
779 322 834 381 iam
850 339 943 401 paene
959 324 1080 400 apertis,

72 417 102 466 ut
117 410 205 483 aiunt,
222 406 316 467 tibiis:
334 403 408 482 Qui,
432 422 612 484 quocunque
624 405 816 481 inciderunt,
834 408 1081 467 cosuetudinem

69 493 132 570 sori
157 499 185 552 et
206 492 371 569 palatinum
393 509 505 551 morem
526 490 712 550 iudiciorum
732 491 903 569 requirunt.
942 487 1014 548 Nam
1034 507 1080 549 se·

72 593 163 653 quens
179 575 267 634 latum
283 575 368 634 etiam
387 582 473 652 atque
492 573 585 632 iusum
602 582 662 632 est:
684 569 751 633 Non
774 575 853 634 euim
875 591 990 635 corono
1012 593 1081 635 oon·

71 678 175 720 sessus
194 667 294 718 aester
314 661 432 718 cinctus
452 665 512 733 est,
534 665 568 717 ut
587 657 712 718 solebat.
743 657 827 730 Quod
848 659 961 735 notavi,
983 666 1013 716 ut
1030 658 1121 734 ap·5l

71 750 205 821 pareret,
229 759 286 800 non
301 742 395 801 solum
412 743 440 799 in
454 740 589 800 membris
606 758 712 800 causae
731 741 784 801 sed
803 742 888 800 etiarn
904 743 932 800 in
948 740 1079 801 articulis

72 845 139 886 esse
159 826 283 903 aliquam
303 825 504 903 pronuntiandi
525 826 711 901 varietatem,
736 827 798 884 sine
820 843 875 903 qua
896 825 964 885 nihil
982 842 1081 902 neque

71 912 160 969 maius
177 927 271 987 neque
287 910 377 967 minus
394 917 448 967 est.

154 993 222 1052 Vox
238 1001 333 1052 autem
348 992 423 1051 ultra
438 993 515 1051 vires
532 993 661 1069 urgenda
675 1009 733 1050 non
749 1001 803 1050 est.
829 991 901 1051 Nam
916 1000 945 1050 ει
956 991 1081 1051 suffoca-

71 1087 117 1136 tur
132 1095 224 1155 saepe
247 1087 275 1136 et
290 1077 400 1135 maiore
415 1077 478 1134 nisu
497 1078 589 1135 minus
611 1075 690 1136 clara
712 1083 757 1134 est
775 1084 803 1134 et
827 1076 940 1135 interim
958 1075 1030 1135 elisa
1053 1077 1082 1133 in

70 1161 150 1220 illum
167 1178 268 1219 sonum
284 1161 424 1238 erumpit,
442 1159 488 1219 cui
500 1158 603 1220 Graeci
619 1176 724 1219 nomen
740 1177 756 1218 a
772 1158 917 1236 gallorum
932 1160 1081 1218 immaturo

73 1254 158 1304 cantu
181 1244 332 1303 dederunt.
368 1242 431 1302 Nec
452 1243 635 1303 volubilitate
658 1244 742 1302 nimia
761 1243 981 1318 confundenda,
1006 1249 1123 1320 quaest

73 1328 206 1395 dicimus;
229 1345 285 1406 qua
308 1336 337 1387 et
360 1326 503 1387 distinctio
527 1329 604 1405 perit
624 1335 654 1386 et
669 1327 806 1402 affectus,
831 1335 860 1385 et
881 1343 1082 1404 nonnunquam

74 1413 158 1470 etiam
173 1410 263 1471 verba
285 1411 381 1488 aliqua
399 1412 443 1469 sui
458 1419 542 1487 parte
560 1410 735 1471 fraudantur.
767 1406 819 1468 Oui
842 1411 1016 1470 contrarium
1037 1417 1082 1468 est

72 1497 169 1554 vitium
185 1496 287 1555 nimiae
302 1495 460 1560 tarditatis;
484 1513 548 1554 nam
565 1503 594 1553 et
610 1493 809 1555 difficultatem
831 1493 993 1553 inveniendi
1008 1493 1081 1552 late·

72 1588 118 1638 tur
133 1588 162 1638 et
178 1580 301 1656 segnitia
318 1578 407 1637 solvit
423 1578 532 1637 animos
548 1587 593 1653 et,
616 1579 644 1637 in
662 1595 719 1656 quo
737 1586 782 1636 εει
798 1577 923 1655 aliquid,
944 1576 1081 1654 tempori·

72 1662 126 1721 bus
139 1662 295 1740 praefinitis
312 1680 413 1740 aquarn
426 1661 529 1739 perdit.
557 1661 720 1739 Promptum
732 1663 768 1720 sit
785 1678 829 1737 os,
848 1679 906 1721 non
921 1677 1080 1739 praeceps;

73 1745 260 1826 moderatum,
277 1763 335 1805 non
347 1745 464 1805 lentum.
492 1746 615 1824 Spiritus
628 1762 744 1823 qnoque
756 1763 811 1804 nec
824 1744 928 1805 crebro
945 1752 1081 1822 receptus
1090 1751 1125 1807 53

74 1830 207 1889 concidat
227 1832 415 1906 sententiam,
440 1847 495 1889 nec
513 1846 549 1889 eo
567 1847 660 1907 usque
676 1829 820 1904 trahatur,
844 1830 939 1890 donec
954 1828 1079 1888 deliniat.

73 1912 145 1973 Nam
163 1923 192 1972 et
210 1913 348 1973 deformis
371 1923 416 1973 est
434 1915 596 1991 consumpti
612 1914 689 1973 illius
705 1930 794 1973 sonus
813 1921 841 1972 et
856 1913 1011 1991 respiratio
1028 1910 1081 1969 sub

73 2015 147 2073 aqua
163 1997 210 2055 diu
225 1999 320 2074 pressi
337 1996 436 2055 similis
451 2007 480 2056 et
494 2006 631 2074 receptus
644 1990 760 2073 longior
775 2005 804 2055 et
816 2013 873 2056 non
889 2005 1080 2075 opportunus,

74 2080 173 2156 utqui
195 2079 260 2153 liat,
282 2095 340 2137 non
361 2078 409 2137 ubi
431 2079 580 2154 volumus,
605 2081 658 2140 sed
677 2079 726 2139 ubi
751 2098 876 2140 necesse
897 2088 951 2140 est.
984 2078 1081 2152 Quare

72 2163 236 2238 longiorem
253 2161 370 2220 dicturis
388 2162 539 2239 periodum
555 2162 738 2238 colligendus
761 2171 806 2222 est
821 2164 954 2241 spiritus,
980 2164 1018 2221 ita
1040 2170 1081 2219 ta-

74 2264 149 2321 men,
166 2254 196 2303 ut
208 2244 237 2305 id
247 2262 343 2321 neque
355 2245 402 2304 diu
414 2262 509 2321 neque
527 2262 590 2303 cum
605 2261 678 2303 sono
689 2245 842 2321 iaciamus,
859 2264 954 2324 neque
968 2245 1082 2303 omnino

73 2338 104 2388 ut
125 2329 306 2388 manifestum
328 2329 380 2395 sit;
408 2327 529 2404 reliquis
551 2328 680 2405 partibus
708 2330 815 2405 optime
841 2330 916 2388 inter
937 2330 1082 2387 iuncturas

75 2415 217 2472 sermonis
239 2411 435 2471 revocabitur.
469 2410 659 2470 Exercendus
682 2421 777 2471 autem
800 2420 862 2488 est,
890 2421 920 2470 ut
942 2413 978 2470 sit
999 2410 1126 2488 quambl

74 2497 275 2574 longissimum
299 2496 376 2574 quod
391 2495 605 2555 Demosthenes
620 2505 651 2554 ut
666 2494 816 2572 efficeret,
833 2496 975 2555 scandens
991 2496 1019 2553 in
1034 2494 1082 2552 ad-

73 2599 190 2641 versum
206 2579 390 2640 continuabat
402 2597 487 2658 quam
499 2588 603 2658 posset
617 2579 757 2657 plurimos
774 2597 888 2639 versus.
919 2578 1008 2652 ldem,
1025 2593 1083 2654 quo

74 2665 187 2725 facilius
204 2664 294 2725 verba
312 2682 363 2724 ore
380 2664 473 2723 libero
495 2665 681 2741 exprimeret,
698 2663 827 2723 calculos
846 2663 943 2740 lingua
960 2661 1083 2721 volvens

75 2749 174 2809 dicere
186 2749 263 2807 dorni
278 2748 402 2807 solebat.
432 2747 485 2808 llst
501 2749 613 2807 interim
626 2756 655 2807 et
668 2747 773 2830 longus
787 2757 816 2807 et
829 2746 932 2826 plenus
948 2755 976 2806 et
989 2745 1125 2805 clarusbb

75 2833 145 2891 satis
160 2833 294 2908 spiritus,
310 2840 477 2890 nontamen
493 2832 591 2892 firmae
607 2832 773 2891 intentionis
788 2831 916 2910 ideoque
932 2827 1083 2903 tremulus,

75 2926 105 2975 ut
129 2933 272 2992 corpora,
297 2933 372 2993 quae
389 2925 511 2993 aspecu
531 2916 645 2992 integra
661 2917 759 2974 nervis
775 2933 876 2992 parum
897 2917 1083 2974 sustinentur.

75 2998 106 3058 ld
127 2994 256 3079 βρόγχον
279 2997 382 3059 Graeci
405 3007 521 3058 vocant.
559 2999 631 3058 Sunt
652 2999 700 3077 qui
721 2999 852 3077 spiritum
874 3017 938 3058 cum
959 2997 1085 3057 stridore

76 3100 130 3159 per
144 3085 290 3141 raritatem
307 3083 432 3143 dentium
448 3099 505 3140 non
520 3083 664 3161 recipiunt
684 3084 736 3142 sed
753 3082 916 3142 resorbeat.
949 3082 1021 3141 Sunt
1037 3079 1085 3156 qui

78 3165 183 3224 crebro
206 3165 332 3225 anhelitu
355 3175 384 3225 et
406 3168 560 3226 introrsum
584 3167 669 3226 etiam
692 3167 772 3226 clare
795 3175 915 3226 sonante
941 3167 1086 3226 imitentur

77 3250 200 3307 iumenta
224 3266 315 3308 onere
340 3258 369 3308 et
389 3251 457 3326 iugo
479 3249 650 3309 laborantia.
687 3249 772 3323 Quod
794 3250 932 3310 affectant
957 3251 1128 3328 quoque,56

78 3343 209 3410 tanquam
226 3332 398 3392 inventionis
415 3334 500 3412 eopia
517 3343 689 3411 urgeantur,
711 3335 861 3413 maiorque
876 3335 921 3393 vis
944 3334 1083 3412 eloquen-

77 3418 133 3475 tiae
154 3417 275 3493 ingruat,
293 3434 376 3496 quam
393 3436 467 3498 quae
484 3418 572 3478 emitti
588 3418 719 3479 faucibus
736 3420 837 3496 possit.
869 3416 922 3477 Est
939 3418 1002 3477 aliis
1016 3433 1082 3476 con·
