<?xml version="1.0" encoding="UTF-8"?>
<!DOCTYPE html PUBLIC "-//W3C//DTD XHTML 1.0 Transitional//EN"
    "http://www.w3.org/TR/xhtml1/DTD/xhtml1-transitional.dtd">
<html xmlns="http://www.w3.org/1999/xhtml" xml:lang="en" lang="en">
 <head>
  <title>
</title>
<meta http-equiv="Content-Type" content="text/html;charset=utf-8" />
  <meta name='ocr-system' content='tesseract 3.04.00' />
  <meta name='ocr-capabilities' content='ocr_page ocr_carea ocr_par ocr_line ocrx_word'/>
</head>
<body>
  <div class='ocr_page' id='page_1' title='image "./mfabiiquintilia00bonngoog/mfabiiquintilia00bonngoog_0562.png"; bbox 0 0 2566 4026; ppageno 0'>
   <div class='ocr_carea' id='block_1_1' title="bbox 398 189 1116 264">
    <p class='ocr_par' dir='ltr' id='par_1_1' title="bbox 398 189 1116 264">
     <span class='ocr_line' id='line_1_1' title="bbox 398 189 1116 264; baseline 0.001 -16"><span class='ocrx_word' id='word_1_1' title='bbox 398 199 488 248; x_wconf 80' lang='lat' dir='ltr'><strong>mor.</strong></span> <span class='ocrx_word' id='word_1_2' title='bbox 513 197 662 247; x_wconf 75' lang='lat' dir='ltr'><strong>oannes.</strong></span> <span class='ocrx_word' id='word_1_3' title='bbox 686 194 867 264; x_wconf 81' lang='lat' dir='ltr'><strong>me.x1,3.</strong></span> <span class='ocrx_word' id='word_1_4' title='bbox 1055 189 1116 250; x_wconf 85' lang='lat'><strong>225</strong></span> 
     </span>
    </p>
   </div>
   <div class='ocr_carea' id='block_1_2' title="bbox 96 352 1186 3606">
    <p class='ocr_par' dir='ltr' id='par_1_2' title="bbox 113 352 1179 767">
     <span class='ocr_line' id='line_1_2' title="bbox 113 352 1115 436; baseline -0.005 -17"><span class='ocrx_word' id='word_1_5' title='bbox 113 378 169 419; x_wconf 84' lang='lat' dir='ltr'><strong>sex</strong></span> <span class='ocrx_word' id='word_1_6' title='bbox 185 366 283 436; x_wconf 88' lang='lat' dir='ltr'><strong>partes</strong></span> <span class='ocrx_word' id='word_1_7' title='bbox 298 353 420 430; x_wconf 90' lang='lat' dir='ltr'><strong>habeat,</strong></span> <span class='ocrx_word' id='word_1_8' title='bbox 444 355 583 432; x_wconf 89' lang='lat' dir='ltr'><strong>septimus</strong></span> <span class='ocrx_word' id='word_1_9' title='bbox 604 355 641 412; x_wconf 91' lang='lat' dir='ltr'><strong>sit</strong></span> <span class='ocrx_word' id='word_1_10' title='bbox 660 352 729 428; x_wconf 89' lang='lat' dir='ltr'><strong>ille,</strong></span> <span class='ocrx_word' id='word_1_11' title='bbox 752 355 844 431; x_wconf 90' lang='lat' dir='ltr'><strong>quiin</strong></span> <span class='ocrx_word' id='word_1_12' title='bbox 860 373 892 414; x_wconf 93' lang='grc' dir='ltr'><strong>εε</strong></span> <span class='ocrx_word' id='word_1_13' title='bbox 908 354 1000 430; x_wconf 90' lang='lat' dir='ltr'><strong>redit,</strong></span> <span class='ocrx_word' id='word_1_14' title='bbox 1022 354 1115 426; x_wconf 88' lang='lat' dir='ltr'><strong>orbis;</strong></span> 
     </span>
     <span class='ocr_line' id='line_1_3' title="bbox 113 435 1117 515; baseline -0.004 -13"><span class='ocrx_word' id='word_1_15' title='bbox 113 444 219 502; x_wconf 87' lang='lat' dir='ltr'><strong>vitiosa</strong></span> <span class='ocrx_word' id='word_1_16' title='bbox 235 449 280 500; x_wconf 98' lang='grc' dir='ltr'><strong>εει</strong></span> <span class='ocrx_word' id='word_1_17' title='bbox 291 457 346 499; x_wconf 89' lang='lat' dir='ltr'><strong>una</strong></span> <span class='ocrx_word' id='word_1_18' title='bbox 363 439 579 498; x_wconf 83' lang='lat' dir='ltr'><strong>circumversio.</strong></span> <span class='ocrx_word' id='word_1_19' title='bbox 610 435 727 515; x_wconf 85' lang='lat' dir='ltr'>Reliqui</span> <span class='ocrx_word' id='word_1_20' title='bbox 742 446 809 496; x_wconf 88' lang='lat' dir='ltr'><strong>ante</strong></span> <span class='ocrx_word' id='word_1_21' title='bbox 824 455 877 496; x_wconf 91' lang='lat' dir='ltr'><strong>nos</strong></span> <span class='ocrx_word' id='word_1_22' title='bbox 894 445 924 496; x_wconf 91' lang='grc' dir='ltr'><strong>ει</strong></span> <span class='ocrx_word' id='word_1_23' title='bbox 939 436 1041 497; x_wconf 83' lang='lat' dir='ltr'><strong>dextra</strong></span> <span class='ocrx_word' id='word_1_24' title='bbox 1057 438 1117 498; x_wconf 89' lang='lat' dir='ltr'><strong>lae·</strong></span> 
     </span>
     <span class='ocr_line' id='line_1_4' title="bbox 114 519 1119 606; baseline -0.003 -21"><span class='ocrx_word' id='word_1_25' title='bbox 114 543 209 606; x_wconf 88' lang='lat' dir='ltr'><strong>vaque</strong></span> <span class='ocrx_word' id='word_1_26' title='bbox 228 533 257 584; x_wconf 92' lang='grc' dir='ltr'><strong>ει</strong></span> <span class='ocrx_word' id='word_1_27' title='bbox 275 541 388 583; x_wconf 89' lang='lat' dir='ltr'><strong>sursum</strong></span> <span class='ocrx_word' id='word_1_28' title='bbox 402 531 431 581; x_wconf 90' lang='lat' dir='ltr'><strong>et</strong></span> <span class='ocrx_word' id='word_1_29' title='bbox 447 521 581 580; x_wconf 89' lang='lat' dir='ltr'><strong>deorsum</strong></span> <span class='ocrx_word' id='word_1_30' title='bbox 598 519 705 598; x_wconf 87' lang='lat' dir='ltr'><strong>aliquid</strong></span> <span class='ocrx_word' id='word_1_31' title='bbox 721 521 890 590; x_wconf 90' lang='lat' dir='ltr'><strong>ostendunt;</strong></span> <span class='ocrx_word' id='word_1_32' title='bbox 909 522 936 579; x_wconf 93' lang='lat' dir='ltr'><strong>in</strong></span> <span class='ocrx_word' id='word_1_33' title='bbox 952 523 1119 598; x_wconf 74' lang='lat' dir='ltr'><strong>posteriora</strong></span> 
     </span>
     <span class='ocr_line' id='line_1_5' title="bbox 113 602 1179 688; baseline -0.004 -19"><span class='ocrx_word' id='word_1_34' title='bbox 113 619 217 688; x_wconf 90' lang='lat' dir='ltr'><strong>gestus</strong></span> <span class='ocrx_word' id='word_1_35' title='bbox 228 625 286 667; x_wconf 92' lang='lat' dir='ltr'><strong>non</strong></span> <span class='ocrx_word' id='word_1_36' title='bbox 298 607 437 684; x_wconf 78' lang='lat' dir='ltr'><strong>dirigitur.</strong></span> <span class='ocrx_word' id='word_1_37' title='bbox 467 604 585 664; x_wconf 91' lang='lat' dir='ltr'><strong>Interim</strong></span> <span class='ocrx_word' id='word_1_38' title='bbox 597 612 692 663; x_wconf 90' lang='lat' dir='ltr'><strong>tamen</strong></span> <span class='ocrx_word' id='word_1_39' title='bbox 702 604 783 663; x_wconf 89' lang='lat' dir='ltr'><strong>velut</strong></span> <span class='ocrx_word' id='word_1_40' title='bbox 795 606 877 664; x_wconf 88' lang='lat' dir='ltr'><strong>reiici</strong></span> <span class='ocrx_word' id='word_1_41' title='bbox 889 604 975 663; x_wconf 92' lang='lat' dir='ltr'><strong>solet.</strong></span> <span class='ocrx_word' id='word_1_42' title='bbox 1003 602 1117 683; x_wconf 80' lang='lat' dir='ltr'><strong>Optime</strong></span> <span class='ocrx_word' id='word_1_43' title='bbox 1126 621 1179 674; x_wconf 78' lang='lat'><strong>106</strong></span> 
     </span>
     <span class='ocr_line' id='line_1_6' title="bbox 115 688 1119 767; baseline -0.005 -13"><span class='ocrx_word' id='word_1_44' title='bbox 115 703 210 754; x_wconf 89' lang='lat' dir='ltr'><strong>autem</strong></span> <span class='ocrx_word' id='word_1_45' title='bbox 225 709 324 751; x_wconf 87' lang='lat' dir='ltr'><strong>manus</strong></span> <span class='ocrx_word' id='word_1_46' title='bbox 342 708 359 750; x_wconf 91' lang='lat' dir='ltr'><strong>a</strong></span> <span class='ocrx_word' id='word_1_47' title='bbox 373 690 488 749; x_wconf 90' lang='lat' dir='ltr'><strong>sinistra</strong></span> <span class='ocrx_word' id='word_1_48' title='bbox 503 697 588 767; x_wconf 89' lang='lat' dir='ltr'><strong>parte</strong></span> <span class='ocrx_word' id='word_1_49' title='bbox 602 689 719 767; x_wconf 75' lang='lat' dir='ltr'><strong>incipit,</strong></span> <span class='ocrx_word' id='word_1_50' title='bbox 737 688 766 747; x_wconf 93' lang='lat' dir='ltr'><strong>in</strong></span> <span class='ocrx_word' id='word_1_51' title='bbox 782 688 885 749; x_wconf 83' lang='lat' dir='ltr'><strong>dextra</strong></span> <span class='ocrx_word' id='word_1_52' title='bbox 901 688 1035 767; x_wconf 89' lang='lat' dir='ltr'><strong>deponit,</strong></span> <span class='ocrx_word' id='word_1_53' title='bbox 1063 688 1119 749; x_wconf 89' lang='lat' dir='ltr'><strong>sed</strong></span> 
     </span>
    </p>

    <p class='ocr_par' dir='ltr' id='par_1_3' title="bbox 114 772 1119 935">
     <span class='ocr_line' id='line_1_7' title="bbox 114 772 1117 857; baseline -0.005 -20"><span class='ocrx_word' id='word_1_54' title='bbox 114 786 145 837; x_wconf 92' lang='lat' dir='ltr'><strong>ut</strong></span> <span class='ocrx_word' id='word_1_55' title='bbox 166 793 278 857; x_wconf 91' lang='lat' dir='ltr'><strong>ponere</strong></span> <span class='ocrx_word' id='word_1_56' title='bbox 299 791 357 834; x_wconf 93' lang='lat' dir='ltr'><strong>non</strong></span> <span class='ocrx_word' id='word_1_57' title='bbox 376 782 407 833; x_wconf 94' lang='lat' dir='ltr'><strong>ut</strong></span> <span class='ocrx_word' id='word_1_58' title='bbox 430 773 519 832; x_wconf 88' lang='lat' dir='ltr'><strong>ierire</strong></span> <span class='ocrx_word' id='word_1_59' title='bbox 536 772 681 840; x_wconf 88' lang='lat' dir='ltr'><strong>videatur;</strong></span> <span class='ocrx_word' id='word_1_60' title='bbox 706 790 869 851; x_wconf 82' lang='lat' dir='ltr'><strong>quanquam</strong></span> <span class='ocrx_word' id='word_1_61' title='bbox 893 780 921 832; x_wconf 91' lang='grc' dir='ltr'><strong>ει</strong></span> <span class='ocrx_word' id='word_1_62' title='bbox 946 772 976 831; x_wconf 91' lang='lat' dir='ltr'><strong>in</strong></span> <span class='ocrx_word' id='word_1_63' title='bbox 999 772 1056 832; x_wconf 88' lang='lat' dir='ltr'><strong>line</strong></span> <span class='ocrx_word' id='word_1_64' title='bbox 1077 773 1117 832; x_wconf 88' lang='lat' dir='ltr'><strong>iu·</strong></span> 
     </span>
     <span class='ocr_line' id='line_1_8' title="bbox 115 855 1119 935; baseline -0.005 -14"><span class='ocrx_word' id='word_1_65' title='bbox 115 861 200 922; x_wconf 90' lang='lat' dir='ltr'><strong>terim</strong></span> <span class='ocrx_word' id='word_1_66' title='bbox 218 859 310 934; x_wconf 89' lang='lat' dir='ltr'><strong>cadit,</strong></span> <span class='ocrx_word' id='word_1_67' title='bbox 329 867 359 917; x_wconf 92' lang='lat' dir='ltr'><strong>ut</strong></span> <span class='ocrx_word' id='word_1_68' title='bbox 374 858 432 917; x_wconf 91' lang='lat' dir='ltr'><strong>cito</strong></span> <span class='ocrx_word' id='word_1_69' title='bbox 448 867 545 918; x_wconf 86' lang='lat' dir='ltr'><strong>tumen</strong></span> <span class='ocrx_word' id='word_1_70' title='bbox 560 855 675 932; x_wconf 91' lang='lat' dir='ltr'><strong>redeat,</strong></span> <span class='ocrx_word' id='word_1_71' title='bbox 698 863 727 915; x_wconf 88' lang='lat' dir='ltr'><strong>ct</strong></span> <span class='ocrx_word' id='word_1_72' title='bbox 744 874 947 935; x_wconf 89' lang='lat' dir='ltr'><strong>nonuunquam</strong></span> <span class='ocrx_word' id='word_1_73' title='bbox 960 856 1055 916; x_wconf 85' lang='lat' dir='ltr'><strong>resilit</strong></span> <span class='ocrx_word' id='word_1_74' title='bbox 1069 855 1119 916; x_wconf 87' lang='lat' dir='ltr'><strong>rel</strong></span> 
     </span>
    </p>

    <p class='ocr_par' dir='ltr' id='par_1_4' title="bbox 100 939 684 1023">
     <span class='ocr_line' id='line_1_9' title="bbox 100 939 684 1023; baseline -0.014 -18"><span class='ocrx_word' id='word_1_75' title='bbox 100 992 102 994; x_wconf 12' lang='lat' dir='ltr'><strong>a</strong></span> <span class='ocrx_word' id='word_1_76' title='bbox 114 942 287 1023; x_wconf 89' lang='lat' dir='ltr'><strong>negantibus</strong></span> <span class='ocrx_word' id='word_1_77' title='bbox 303 941 387 1001; x_wconf 91' lang='lat' dir='ltr'><strong>nobis</strong></span> <span class='ocrx_word' id='word_1_78' title='bbox 401 941 451 1000; x_wconf 86' lang='lat' dir='ltr'><strong>vel</strong></span> <span class='ocrx_word' id='word_1_79' title='bbox 469 939 684 1002; x_wconf 80' lang='lat' dir='ltr'><strong>admirantibus.</strong></span> 
     </span>
    </p>

    <p class='ocr_par' dir='ltr' id='par_1_5' title="bbox 113 1023 1183 1859">
     <span class='ocr_line' id='line_1_10' title="bbox 197 1023 1119 1102; baseline -0.002 -15"><span class='ocrx_word' id='word_1_80' title='bbox 197 1027 252 1087; x_wconf 90' lang='lat' dir='ltr'><strong>Hic</strong></span> <span class='ocrx_word' id='word_1_81' title='bbox 272 1034 392 1086; x_wconf 85' lang='lat' dir='ltr'><strong>veteres</strong></span> <span class='ocrx_word' id='word_1_82' title='bbox 413 1024 540 1085; x_wconf 87' lang='lat' dir='ltr'><strong>artilices</strong></span> <span class='ocrx_word' id='word_1_83' title='bbox 561 1023 632 1084; x_wconf 91' lang='lat' dir='ltr'><strong>illud</strong></span> <span class='ocrx_word' id='word_1_84' title='bbox 653 1032 736 1084; x_wconf 88' lang='lat' dir='ltr'><strong>recte</strong></span> <span class='ocrx_word' id='word_1_85' title='bbox 759 1024 943 1102; x_wconf 87' lang='lat' dir='ltr'><strong>adiecerunt,</strong></span> <span class='ocrx_word' id='word_1_86' title='bbox 967 1033 998 1084; x_wconf 92' lang='lat' dir='ltr'><strong>ut</strong></span> <span class='ocrx_word' id='word_1_87' title='bbox 1019 1043 1119 1085; x_wconf 90' lang='lat' dir='ltr'><strong>manus</strong></span> 
     </span>
     <span class='ocr_line' id='line_1_11' title="bbox 116 1107 1120 1187; baseline -0.003 -15"><span class='ocrx_word' id='word_1_88' title='bbox 116 1130 179 1172; x_wconf 90' lang='lat' dir='ltr'><strong>curn</strong></span> <span class='ocrx_word' id='word_1_89' title='bbox 201 1129 290 1171; x_wconf 91' lang='lat' dir='ltr'><strong>sensu</strong></span> <span class='ocrx_word' id='word_1_90' title='bbox 315 1119 344 1169; x_wconf 91' lang='grc' dir='ltr'><strong>ει</strong></span> <span class='ocrx_word' id='word_1_91' title='bbox 367 1109 512 1187; x_wconf 84' lang='lat' dir='ltr'><strong>inciperet</strong></span> <span class='ocrx_word' id='word_1_92' title='bbox 533 1117 563 1168; x_wconf 92' lang='grc' dir='ltr'><strong>ει</strong></span> <span class='ocrx_word' id='word_1_93' title='bbox 589 1109 797 1187; x_wconf 88' lang='lat' dir='ltr'><strong>deponeretur.</strong></span> <span class='ocrx_word' id='word_1_94' title='bbox 836 1107 955 1187; x_wconf 80' lang='lat' dir='ltr'><strong>Alioqui</strong></span> <span class='ocrx_word' id='word_1_95' title='bbox 975 1109 1049 1168; x_wconf 91' lang='lat' dir='ltr'><strong>enim</strong></span> <span class='ocrx_word' id='word_1_96' title='bbox 1072 1119 1120 1170; x_wconf 91' lang='lat' dir='ltr'><strong>aut</strong></span> 
     </span>
     <span class='ocr_line' id='line_1_12' title="bbox 115 1192 1121 1273; baseline -0.004 -17"><span class='ocrx_word' id='word_1_97' title='bbox 115 1205 181 1256; x_wconf 89' lang='lat' dir='ltr'><strong>ante</strong></span> <span class='ocrx_word' id='word_1_98' title='bbox 196 1212 302 1255; x_wconf 88' lang='lat' dir='ltr'><strong>vocem</strong></span> <span class='ocrx_word' id='word_1_99' title='bbox 318 1194 370 1254; x_wconf 89' lang='lat' dir='ltr'><strong>erit</strong></span> <span class='ocrx_word' id='word_1_100' title='bbox 388 1201 490 1270; x_wconf 86' lang='lat' dir='ltr'><strong>gestus</strong></span> <span class='ocrx_word' id='word_1_101' title='bbox 507 1200 555 1252; x_wconf 90' lang='lat' dir='ltr'><strong>aut</strong></span> <span class='ocrx_word' id='word_1_102' title='bbox 573 1200 641 1271; x_wconf 90' lang='lat' dir='ltr'><strong>post</strong></span> <span class='ocrx_word' id='word_1_103' title='bbox 658 1209 781 1268; x_wconf 89' lang='lat' dir='ltr'><strong>vocem,</strong></span> <span class='ocrx_word' id='word_1_104' title='bbox 803 1192 881 1271; x_wconf 96' lang='lat' dir='ltr'><strong>quod</strong></span> <span class='ocrx_word' id='word_1_105' title='bbox 902 1201 948 1252; x_wconf 90' lang='lat' dir='ltr'><strong>est</strong></span> <span class='ocrx_word' id='word_1_106' title='bbox 968 1201 1121 1273; x_wconf 91' lang='lat' dir='ltr'><strong>utrumque</strong></span> 
     </span>
     <span class='ocr_line' id='line_1_13' title="bbox 113 1275 1180 1355; baseline -0.003 -15"><span class='ocrx_word' id='word_1_107' title='bbox 113 1280 256 1341; x_wconf 84' lang='lat' dir='ltr'><strong>deforme.</strong></span> <span class='ocrx_word' id='word_1_108' title='bbox 292 1277 325 1337; x_wconf 92' lang='lat' dir='ltr'><strong>In</strong></span> <span class='ocrx_word' id='word_1_109' title='bbox 342 1277 393 1337; x_wconf 95' lang='lat' dir='ltr'><strong>illo</strong></span> <span class='ocrx_word' id='word_1_110' title='bbox 411 1276 487 1354; x_wconf 90' lang='lat' dir='ltr'><strong>lapsi</strong></span> <span class='ocrx_word' id='word_1_111' title='bbox 503 1277 588 1335; x_wconf 90' lang='lat' dir='ltr'><strong>nimia</strong></span> <span class='ocrx_word' id='word_1_112' title='bbox 604 1275 762 1336; x_wconf 84' lang='lat' dir='ltr'><strong>subtilitate</strong></span> <span class='ocrx_word' id='word_1_113' title='bbox 777 1284 858 1352; x_wconf 89' lang='lat' dir='ltr'><strong>sunt,</strong></span> <span class='ocrx_word' id='word_1_114' title='bbox 885 1276 963 1355; x_wconf 96' lang='lat' dir='ltr'><strong>quod</strong></span> <span class='ocrx_word' id='word_1_115' title='bbox 983 1277 1180 1345; x_wconf 81' lang='lat' dir='ltr'><strong>interval-107</strong></span> 
     </span>
     <span class='ocr_line' id='line_1_14' title="bbox 115 1358 1123 1439; baseline -0.003 -16"><span class='ocrx_word' id='word_1_116' title='bbox 115 1362 173 1423; x_wconf 90' lang='lat' dir='ltr'><strong>lurn</strong></span> <span class='ocrx_word' id='word_1_117' title='bbox 188 1371 282 1422; x_wconf 83' lang='lat' dir='ltr'><strong>motus</strong></span> <span class='ocrx_word' id='word_1_118' title='bbox 297 1362 351 1421; x_wconf 93' lang='lat' dir='ltr'><strong>tria</strong></span> <span class='ocrx_word' id='word_1_119' title='bbox 366 1360 458 1420; x_wconf 87' lang='lat' dir='ltr'><strong>verba</strong></span> <span class='ocrx_word' id='word_1_120' title='bbox 474 1378 542 1420; x_wconf 89' lang='lat' dir='ltr'><strong>esse</strong></span> <span class='ocrx_word' id='word_1_121' title='bbox 557 1358 725 1429; x_wconf 86' lang='lat' dir='ltr'><strong>voluerunt;</strong></span> <span class='ocrx_word' id='word_1_122' title='bbox 743 1359 822 1437; x_wconf 95' lang='lat' dir='ltr'><strong>quod</strong></span> <span class='ocrx_word' id='word_1_123' title='bbox 836 1360 1123 1439; x_wconf 84' lang='lat' dir='ltr'><strong>nequeobservatur</strong></span> 
     </span>
     <span class='ocr_line' id='line_1_15' title="bbox 114 1443 1122 1525; baseline -0.002 -19"><span class='ocrx_word' id='word_1_124' title='bbox 114 1464 211 1525; x_wconf 86' lang='lat' dir='ltr'><strong>neque</strong></span> <span class='ocrx_word' id='word_1_125' title='bbox 227 1446 291 1505; x_wconf 87' lang='lat' dir='ltr'><strong>lieri</strong></span> <span class='ocrx_word' id='word_1_126' title='bbox 308 1454 424 1524; x_wconf 89' lang='lat' dir='ltr'><strong>potest,</strong></span> <span class='ocrx_word' id='word_1_127' title='bbox 448 1444 501 1504; x_wconf 87' lang='lat' dir='ltr'><strong>sed</strong></span> <span class='ocrx_word' id='word_1_128' title='bbox 516 1444 559 1504; x_wconf 92' lang='lat' dir='ltr'><strong>illi</strong></span> <span class='ocrx_word' id='word_1_129' title='bbox 575 1446 658 1521; x_wconf 87' lang='lat' dir='ltr'><strong>quasi</strong></span> <span class='ocrx_word' id='word_1_130' title='bbox 673 1461 837 1504; x_wconf 88' lang='lat' dir='ltr'><strong>mensuram</strong></span> <span class='ocrx_word' id='word_1_131' title='bbox 852 1443 994 1504; x_wconf 85' lang='lat' dir='ltr'><strong>tarditatis</strong></span> <span class='ocrx_word' id='word_1_132' title='bbox 1017 1444 1122 1504; x_wconf 89' lang='lat' dir='ltr'><strong>celeri-</strong></span> 
     </span>
     <span class='ocr_line' id='line_1_16' title="bbox 115 1527 1122 1608; baseline -0.005 -17"><span class='ocrx_word' id='word_1_133' title='bbox 115 1533 240 1608; x_wconf 88' lang='lat' dir='ltr'><strong>tatisque</strong></span> <span class='ocrx_word' id='word_1_134' title='bbox 257 1529 382 1607; x_wconf 88' lang='lat' dir='ltr'><strong>aliquam</strong></span> <span class='ocrx_word' id='word_1_135' title='bbox 398 1545 467 1588; x_wconf 90' lang='lat' dir='ltr'><strong>esse</strong></span> <span class='ocrx_word' id='word_1_136' title='bbox 478 1528 650 1604; x_wconf 86' lang='lat' dir='ltr'><strong>volucrunt,</strong></span> <span class='ocrx_word' id='word_1_137' title='bbox 666 1545 763 1607; x_wconf 88' lang='lat' dir='ltr'><strong>neque</strong></span> <span class='ocrx_word' id='word_1_138' title='bbox 779 1529 938 1604; x_wconf 90' lang='lat' dir='ltr'><strong>immerito,</strong></span> <span class='ocrx_word' id='word_1_139' title='bbox 955 1547 992 1588; x_wconf 92' lang='lat' dir='ltr'><strong>ne</strong></span> <span class='ocrx_word' id='word_1_140' title='bbox 1011 1536 1059 1588; x_wconf 91' lang='lat' dir='ltr'><strong>aut</strong></span> <span class='ocrx_word' id='word_1_141' title='bbox 1075 1527 1122 1587; x_wconf 92' lang='lat' dir='ltr'><strong>diu</strong></span> 
     </span>
     <span class='ocr_line' id='line_1_17' title="bbox 117 1611 1122 1690; baseline -0.003 -17"><span class='ocrx_word' id='word_1_142' title='bbox 117 1615 211 1674; x_wconf 90' lang='lat' dir='ltr'><strong>otiosa</strong></span> <span class='ocrx_word' id='word_1_143' title='bbox 228 1622 308 1672; x_wconf 90' lang='lat' dir='ltr'><strong>esset</strong></span> <span class='ocrx_word' id='word_1_144' title='bbox 323 1630 422 1673; x_wconf 90' lang='lat' dir='ltr'><strong>manus</strong></span> <span class='ocrx_word' id='word_1_145' title='bbox 441 1620 506 1688; x_wconf 90' lang='lat' dir='ltr'><strong>ant,</strong></span> <span class='ocrx_word' id='word_1_146' title='bbox 529 1612 608 1690; x_wconf 91' lang='lat' dir='ltr'><strong>quod</strong></span> <span class='ocrx_word' id='word_1_147' title='bbox 624 1611 843 1688; x_wconf 87' lang='lat' dir='ltr'><strong>multifaciant,</strong></span> <span class='ocrx_word' id='word_1_148' title='bbox 867 1613 1011 1672; x_wconf 89' lang='lat' dir='ltr'><strong>actionem</strong></span> <span class='ocrx_word' id='word_1_149' title='bbox 1031 1613 1122 1670; x_wconf 88' lang='lat' dir='ltr'><strong>couti-</strong></span> 
     </span>
     <span class='ocr_line' id='line_1_18' title="bbox 117 1693 1183 1775; baseline 0.004 -18"><span class='ocrx_word' id='word_1_150' title='bbox 117 1715 173 1757; x_wconf 91' lang='lat' dir='ltr'><strong>nuo</strong></span> <span class='ocrx_word' id='word_1_151' title='bbox 191 1706 270 1756; x_wconf 91' lang='lat' dir='ltr'><strong>motu</strong></span> <span class='ocrx_word' id='word_1_152' title='bbox 292 1696 471 1757; x_wconf 89' lang='lat' dir='ltr'><strong>concideret.</strong></span> <span class='ocrx_word' id='word_1_153' title='bbox 504 1693 591 1755; x_wconf 79' lang='lat' dir='ltr'><strong>Aliud</strong></span> <span class='ocrx_word' id='word_1_154' title='bbox 614 1705 672 1773; x_wconf 91' lang='lat' dir='ltr'><strong>est,</strong></span> <span class='ocrx_word' id='word_1_155' title='bbox 696 1696 774 1775; x_wconf 96' lang='lat' dir='ltr'><strong>quod</strong></span> <span class='ocrx_word' id='word_1_156' title='bbox 794 1704 824 1755; x_wconf 89' lang='lat' dir='ltr'><strong>et</strong></span> <span class='ocrx_word' id='word_1_157' title='bbox 840 1695 871 1755; x_wconf 92' lang='lat' dir='ltr'><strong>lit</strong></span> <span class='ocrx_word' id='word_1_158' title='bbox 894 1696 1074 1774; x_wconf 83' lang='lat' dir='ltr'><strong>frequentius</strong></span> <span class='ocrx_word' id='word_1_159' title='bbox 1093 1705 1183 1761; x_wconf 85' lang='lat' dir='ltr'><strong>et108</strong></span> 
     </span>
     <span class='ocr_line' id='line_1_19' title="bbox 117 1779 1124 1859; baseline -0.004 -17"><span class='ocrx_word' id='word_1_160' title='bbox 117 1782 208 1858; x_wconf 85' lang='lat' dir='ltr'><strong>magis</strong></span> <span class='ocrx_word' id='word_1_161' title='bbox 225 1780 307 1841; x_wconf 86' lang='lat' dir='ltr'><strong>fallit.</strong></span> <span class='ocrx_word' id='word_1_162' title='bbox 330 1781 402 1840; x_wconf 88' lang='lat' dir='ltr'><strong>Sunt</strong></span> <span class='ocrx_word' id='word_1_163' title='bbox 417 1779 558 1859; x_wconf 87' lang='lat' dir='ltr'><strong>quaedam</strong></span> <span class='ocrx_word' id='word_1_164' title='bbox 571 1779 695 1840; x_wconf 87' lang='lat' dir='ltr'><strong>latentes</strong></span> <span class='ocrx_word' id='word_1_165' title='bbox 712 1781 855 1840; x_wconf 86' lang='lat' dir='ltr'><strong>sermonis</strong></span> <span class='ocrx_word' id='word_1_166' title='bbox 872 1782 1081 1858; x_wconf 85' lang='lat' dir='ltr'><strong>percussiones</strong></span> <span class='ocrx_word' id='word_1_167' title='bbox 1094 1788 1124 1839; x_wconf 90' lang='lat' dir='ltr'><strong>et</strong></span> 
     </span>
    </p>

    <p class='ocr_par' dir='ltr' id='par_1_6' title="bbox 96 1863 1186 3532">
     <span class='ocr_line' id='line_1_20' title="bbox 96 1863 1123 1944; baseline -0.003 -19"><span class='ocrx_word' id='word_1_168' title='bbox 96 1898 99 1902; x_wconf 26' lang='grc' dir='ltr'><strong>ι</strong></span> <span class='ocrx_word' id='word_1_169' title='bbox 117 1866 200 1944; x_wconf 90' lang='lat' dir='ltr'><strong>quasi</strong></span> <span class='ocrx_word' id='word_1_170' title='bbox 219 1865 307 1944; x_wconf 88' lang='lat' dir='ltr'><strong>aliqui</strong></span> <span class='ocrx_word' id='word_1_171' title='bbox 323 1864 432 1944; x_wconf 83' lang='lat' dir='ltr'><strong>pedes,</strong></span> <span class='ocrx_word' id='word_1_172' title='bbox 455 1863 491 1924; x_wconf 89' lang='lat' dir='ltr'><strong>ad</strong></span> <span class='ocrx_word' id='word_1_173' title='bbox 508 1881 582 1942; x_wconf 90' lang='lat' dir='ltr'><strong>quos</strong></span> <span class='ocrx_word' id='word_1_174' title='bbox 597 1864 786 1943; x_wconf 92' lang='lat' dir='ltr'><strong>plurimorum</strong></span> <span class='ocrx_word' id='word_1_175' title='bbox 800 1873 903 1941; x_wconf 88' lang='lat' dir='ltr'><strong>gestus</strong></span> <span class='ocrx_word' id='word_1_176' title='bbox 921 1864 1013 1940; x_wconf 89' lang='lat' dir='ltr'><strong>cadit,</strong></span> <span class='ocrx_word' id='word_1_177' title='bbox 1038 1871 1069 1923; x_wconf 94' lang='lat' dir='ltr'><strong>ut</strong></span> <span class='ocrx_word' id='word_1_178' title='bbox 1086 1864 1123 1922; x_wconf 89' lang='lat' dir='ltr'><strong>sit</strong></span> 
     </span>
     <span class='ocr_line' id='line_1_21' title="bbox 115 1943 1125 2026; baseline -0.001 -17"><span class='ocrx_word' id='word_1_179' title='bbox 115 1967 188 2009; x_wconf 86' lang='lat' dir='ltr'><strong>unus</strong></span> <span class='ocrx_word' id='word_1_180' title='bbox 214 1957 309 2008; x_wconf 90' lang='lat' dir='ltr'><strong>motus</strong></span> <span class='ocrx_word' id='word_1_181' title='bbox 331 1946 449 2009; x_wconf 88' lang='lat' dir='ltr'><strong>Nouum</strong></span> <span class='ocrx_word' id='word_1_182' title='bbox 474 1949 606 2023; x_wconf 62' lang='lat' dir='ltr'><strong>cumen,</strong></span> <span class='ocrx_word' id='word_1_183' title='bbox 637 1948 713 2008; x_wconf 90' lang='lat' dir='ltr'><strong>alter</strong></span> <span class='ocrx_word' id='word_1_184' title='bbox 735 1946 767 2010; x_wconf 84' lang='lat'><strong>0.</strong></span> <span class='ocrx_word' id='word_1_185' title='bbox 792 1947 929 2026; x_wconf 79' lang='lat' dir='ltr'><strong>Caesar,</strong></span> <span class='ocrx_word' id='word_1_186' title='bbox 958 1949 1061 2007; x_wconf 88' lang='lat' dir='ltr'><strong>tertius</strong></span> <span class='ocrx_word' id='word_1_187' title='bbox 1083 1943 1125 2008; x_wconf 83' lang='lat' dir='ltr'><strong>Et</strong></span> 
     </span>
     <span class='ocr_line' id='line_1_22' title="bbox 116 2029 1125 2111; baseline -0.003 -18"><span class='ocrx_word' id='word_1_188' title='bbox 116 2042 188 2094; x_wconf 87' lang='lat' dir='ltr'><strong>oute</strong></span> <span class='ocrx_word' id='word_1_189' title='bbox 201 2032 283 2092; x_wconf 80' lang='lat' dir='ltr'><strong>huuc</strong></span> <span class='ocrx_word' id='word_1_190' title='bbox 300 2032 399 2106; x_wconf 85' lang='lat' dir='ltr'><strong>diem,</strong></span> <span class='ocrx_word' id='word_1_191' title='bbox 416 2039 534 2109; x_wconf 90' lang='lat' dir='ltr'><strong>quartus</strong></span> <span class='ocrx_word' id='word_1_192' title='bbox 550 2029 618 2092; x_wconf 89' lang='lat' dir='ltr'><strong>Nou</strong></span> <span class='ocrx_word' id='word_1_193' title='bbox 633 2033 787 2108; x_wconf 82' lang='lat' dir='ltr'><strong>auditum,</strong></span> <span class='ocrx_word' id='word_1_194' title='bbox 810 2030 915 2092; x_wconf 90' lang='lat' dir='ltr'><strong>deinde</strong></span> <span class='ocrx_word' id='word_1_195' title='bbox 931 2031 1125 2111; x_wconf 79' lang='lat' dir='ltr'><strong>Propinquus</strong></span> 
     </span>
     <span class='ocr_line' id='line_1_23' title="bbox 116 2110 1184 2190; baseline 0.004 -15"><span class='ocrx_word' id='word_1_196' title='bbox 116 2133 220 2190; x_wconf 80' lang='lat' dir='ltr'><strong>meus,</strong></span> <span class='ocrx_word' id='word_1_197' title='bbox 244 2123 272 2172; x_wconf 87' lang='grc' dir='ltr'><strong>ει</strong></span> <span class='ocrx_word' id='word_1_198' title='bbox 287 2111 338 2174; x_wconf 83' lang='lat' dir='ltr'><strong>Au</strong></span> <span class='ocrx_word' id='word_1_199' title='bbox 353 2120 397 2187; x_wconf 89' lang='lat' dir='ltr'><strong>te,</strong></span> <span class='ocrx_word' id='word_1_200' title='bbox 421 2121 450 2170; x_wconf 88' lang='lat' dir='ltr'><strong>et</strong></span> <span class='ocrx_word' id='word_1_201' title='bbox 467 2110 597 2184; x_wconf 79' lang='lat' dir='ltr'><strong>Quintus</strong></span> <span class='ocrx_word' id='word_1_202' title='bbox 621 2113 758 2190; x_wconf 81' lang='lat' dir='ltr'><strong>Tubero,</strong></span> <span class='ocrx_word' id='word_1_203' title='bbox 783 2123 812 2172; x_wconf 95' lang='lat' dir='ltr'><strong>et</strong></span> <span class='ocrx_word' id='word_1_204' title='bbox 827 2114 953 2176; x_wconf 79' lang='lat' dir='ltr'><strong>Detulit.</strong></span> <span class='ocrx_word' id='word_1_205' title='bbox 993 2115 1077 2174; x_wconf 91' lang='lat' dir='ltr'><strong>Unde</strong></span> <span class='ocrx_word' id='word_1_206' title='bbox 1097 2113 1184 2178; x_wconf 82' lang='lat' dir='ltr'><strong>idroo</strong></span> 
     </span>
     <span class='ocr_line' id='line_1_24' title="bbox 118 2194 1124 2275; baseline -0.002 -19"><span class='ocrx_word' id='word_1_207' title='bbox 118 2214 235 2275; x_wconf 89' lang='lat' dir='ltr'><strong>quoque</strong></span> <span class='ocrx_word' id='word_1_208' title='bbox 252 2196 313 2256; x_wconf 88' lang='lat' dir='ltr'><strong>lluit</strong></span> <span class='ocrx_word' id='word_1_209' title='bbox 324 2195 438 2270; x_wconf 88' lang='lat' dir='ltr'><strong>vitium,</strong></span> <span class='ocrx_word' id='word_1_210' title='bbox 463 2203 494 2253; x_wconf 91' lang='lat' dir='ltr'><strong>ut</strong></span> <span class='ocrx_word' id='word_1_211' title='bbox 507 2196 647 2272; x_wconf 88' lang='lat' dir='ltr'><strong>iuvenes,</strong></span> <span class='ocrx_word' id='word_1_212' title='bbox 666 2214 730 2256; x_wconf 91' lang='lat' dir='ltr'><strong>oum</strong></span> <span class='ocrx_word' id='word_1_213' title='bbox 745 2194 889 2272; x_wconf 89' lang='lat' dir='ltr'><strong>scribunt,</strong></span> <span class='ocrx_word' id='word_1_214' title='bbox 910 2207 1024 2274; x_wconf 87' lang='lat' dir='ltr'><strong>gestum</strong></span> <span class='ocrx_word' id='word_1_215' title='bbox 1040 2214 1124 2275; x_wconf 90' lang='lat' dir='ltr'><strong>prae·</strong></span> 
     </span>
     <span class='ocr_line' id='line_1_25' title="bbox 117 2279 1127 2358; baseline -0.004 -18"><span class='ocrx_word' id='word_1_216' title='bbox 117 2280 256 2340; x_wconf 90' lang='lat' dir='ltr'><strong>modulati</strong></span> <span class='ocrx_word' id='word_1_217' title='bbox 274 2279 452 2357; x_wconf 84' lang='lat' dir='ltr'><strong>cogitatione</strong></span> <span class='ocrx_word' id='word_1_218' title='bbox 470 2279 514 2337; x_wconf 92' lang='lat' dir='ltr'><strong>sic</strong></span> <span class='ocrx_word' id='word_1_219' title='bbox 531 2289 721 2356; x_wconf 89' lang='lat' dir='ltr'><strong>componant,</strong></span> <span class='ocrx_word' id='word_1_220' title='bbox 741 2280 887 2358; x_wconf 91' lang='lat' dir='ltr'><strong>quomodo</strong></span> <span class='ocrx_word' id='word_1_221' title='bbox 906 2297 1009 2340; x_wconf 91' lang='lat' dir='ltr'><strong>casura</strong></span> <span class='ocrx_word' id='word_1_222' title='bbox 1026 2297 1127 2339; x_wconf 91' lang='lat' dir='ltr'><strong>manus</strong></span> 
     </span>
     <span class='ocr_line' id='line_1_26' title="bbox 119 2362 1127 2441; baseline -0.005 -16"><span class='ocrx_word' id='word_1_223' title='bbox 119 2374 173 2425; x_wconf 92' lang='lat' dir='ltr'><strong>est.</strong></span> <span class='ocrx_word' id='word_1_224' title='bbox 203 2363 274 2424; x_wconf 90' lang='lat' dir='ltr'><strong>Inde</strong></span> <span class='ocrx_word' id='word_1_225' title='bbox 296 2372 324 2423; x_wconf 89' lang='lat' dir='ltr'><strong>et</strong></span> <span class='ocrx_word' id='word_1_226' title='bbox 346 2362 417 2423; x_wconf 96' lang='lat' dir='ltr'><strong>illud</strong></span> <span class='ocrx_word' id='word_1_227' title='bbox 433 2363 549 2437; x_wconf 87' lang='lat' dir='ltr'><strong>vitium,</strong></span> <span class='ocrx_word' id='word_1_228' title='bbox 571 2371 602 2421; x_wconf 96' lang='lat' dir='ltr'><strong>ut</strong></span> <span class='ocrx_word' id='word_1_229' title='bbox 615 2371 735 2440; x_wconf 88' lang='lat' dir='ltr'><strong>gestus,</strong></span> <span class='ocrx_word' id='word_1_230' title='bbox 759 2364 808 2441; x_wconf 95' lang='lat' dir='ltr'><strong>qui</strong></span> <span class='ocrx_word' id='word_1_231' title='bbox 822 2364 851 2421; x_wconf 90' lang='lat' dir='ltr'><strong>in</strong></span> <span class='ocrx_word' id='word_1_232' title='bbox 868 2363 925 2422; x_wconf 88' lang='lat' dir='ltr'><strong>line</strong></span> <span class='ocrx_word' id='word_1_233' title='bbox 940 2363 1044 2423; x_wconf 82' lang='lat' dir='ltr'><strong>dexter</strong></span> <span class='ocrx_word' id='word_1_234' title='bbox 1059 2379 1127 2421; x_wconf 87' lang='lat' dir='ltr'><strong>esse</strong></span> 
     </span>
     <span class='ocr_line' id='line_1_27' title="bbox 119 2445 1186 2524; baseline 0.001 -16"><span class='ocrx_word' id='word_1_235' title='bbox 119 2447 229 2524; x_wconf 85' lang='lat' dir='ltr'><strong>debet,</strong></span> <span class='ocrx_word' id='word_1_236' title='bbox 251 2450 280 2507; x_wconf 88' lang='lat' dir='ltr'><strong>iu</strong></span> <span class='ocrx_word' id='word_1_237' title='bbox 301 2448 447 2506; x_wconf 89' lang='lat' dir='ltr'><strong>sinistrum</strong></span> <span class='ocrx_word' id='word_1_238' title='bbox 469 2446 640 2524; x_wconf 80' lang='lat' dir='ltr'><strong>frequenter</strong></span> <span class='ocrx_word' id='word_1_239' title='bbox 661 2447 783 2506; x_wconf 90' lang='lat' dir='ltr'><strong>desinat.</strong></span> <span class='ocrx_word' id='word_1_240' title='bbox 816 2445 923 2506; x_wconf 85' lang='lat' dir='ltr'><strong>illelius</strong></span> <span class='ocrx_word' id='word_1_241' title='bbox 945 2446 1033 2522; x_wconf 89' lang='lat' dir='ltr'><strong>illud,</strong></span> <span class='ocrx_word' id='word_1_242' title='bbox 1062 2457 1186 2509; x_wconf 75' lang='lat' dir='ltr'><strong>cumulo</strong></span> 
     </span>
     <span class='ocr_line' id='line_1_28' title="bbox 118 2530 1126 2610; baseline -0.004 -18"><span class='ocrx_word' id='word_1_243' title='bbox 118 2534 219 2592; x_wconf 88' lang='lat' dir='ltr'><strong>sintin</strong></span> <span class='ocrx_word' id='word_1_244' title='bbox 235 2549 370 2592; x_wconf 89' lang='lat' dir='ltr'><strong>sermone</strong></span> <span class='ocrx_word' id='word_1_245' title='bbox 391 2533 467 2591; x_wconf 91' lang='lat' dir='ltr'><strong>omni</strong></span> <span class='ocrx_word' id='word_1_246' title='bbox 484 2530 586 2591; x_wconf 90' lang='lat' dir='ltr'><strong>brevia</strong></span> <span class='ocrx_word' id='word_1_247' title='bbox 602 2530 743 2610; x_wconf 90' lang='lat' dir='ltr'><strong>quaedam</strong></span> <span class='ocrx_word' id='word_1_248' title='bbox 764 2530 910 2607; x_wconf 89' lang='lat' dir='ltr'><strong>membra,</strong></span> <span class='ocrx_word' id='word_1_249' title='bbox 932 2531 968 2591; x_wconf 97' lang='lat' dir='ltr'><strong>ad</strong></span> <span class='ocrx_word' id='word_1_250' title='bbox 985 2548 1077 2610; x_wconf 90' lang='lat' dir='ltr'><strong>quae,</strong></span> <span class='ocrx_word' id='word_1_251' title='bbox 1101 2530 1126 2588; x_wconf 90' lang='lat' dir='ltr'><strong>si</strong></span> 
     </span>
     <span class='ocr_line' id='line_1_29' title="bbox 119 2614 1126 2695; baseline -0.003 -20"><span class='ocrx_word' id='word_1_252' title='bbox 119 2634 246 2676; x_wconf 90' lang='lat' dir='ltr'><strong>necesse</strong></span> <span class='ocrx_word' id='word_1_253' title='bbox 263 2618 315 2692; x_wconf 90' lang='lat' dir='ltr'><strong>sit,</strong></span> <span class='ocrx_word' id='word_1_254' title='bbox 334 2617 471 2695; x_wconf 86' lang='lat' dir='ltr'><strong>recipere</strong></span> <span class='ocrx_word' id='word_1_255' title='bbox 486 2616 617 2694; x_wconf 88' lang='lat' dir='ltr'><strong>spiritum</strong></span> <span class='ocrx_word' id='word_1_256' title='bbox 634 2616 738 2693; x_wconf 90' lang='lat' dir='ltr'><strong>liceat,</strong></span> <span class='ocrx_word' id='word_1_257' title='bbox 755 2615 791 2676; x_wconf 92' lang='lat' dir='ltr'><strong>ad</strong></span> <span class='ocrx_word' id='word_1_258' title='bbox 807 2615 882 2676; x_wconf 90' lang='lat' dir='ltr'><strong>haec</strong></span> <span class='ocrx_word' id='word_1_259' title='bbox 897 2623 1012 2693; x_wconf 88' lang='lat' dir='ltr'><strong>gestum</strong></span> <span class='ocrx_word' id='word_1_260' title='bbox 1028 2614 1126 2692; x_wconf 93' lang='lat' dir='ltr'><strong>dispo·</strong></span> 
     </span>
     <span class='ocr_line' id='line_1_30' title="bbox 120 2697 1126 2778; baseline -0.004 -19"><span class='ocrx_word' id='word_1_261' title='bbox 120 2719 206 2759; x_wconf 88' lang='lat' dir='ltr'><strong>nere:</strong></span> <span class='ocrx_word' id='word_1_262' title='bbox 237 2709 356 2778; x_wconf 92' lang='lat' dir='ltr'><strong>utputa</strong></span> <span class='ocrx_word' id='word_1_263' title='bbox 378 2699 496 2762; x_wconf 86' lang='lat' dir='ltr'><strong>Nouum</strong></span> <span class='ocrx_word' id='word_1_264' title='bbox 520 2701 654 2776; x_wconf 66' lang='lat' dir='ltr'><strong>cumea,</strong></span> <span class='ocrx_word' id='word_1_265' title='bbox 683 2697 715 2762; x_wconf 81' lang='lat'><strong>0.</strong></span> <span class='ocrx_word' id='word_1_266' title='bbox 741 2700 880 2776; x_wconf 80' lang='lat' dir='ltr'><strong>Ouarar,</strong></span> <span class='ocrx_word' id='word_1_267' title='bbox 906 2698 995 2759; x_wconf 88' lang='lat' dir='ltr'><strong>habet</strong></span> <span class='ocrx_word' id='word_1_268' title='bbox 1018 2715 1126 2776; x_wconf 88' lang='lat' dir='ltr'><strong>perse</strong></span> 
     </span>
     <span class='ocr_line' id='line_1_31' title="bbox 121 2778 1128 2862; baseline -0.001 -19"><span class='ocrx_word' id='word_1_269' title='bbox 121 2785 206 2843; x_wconf 90' lang='lat' dir='ltr'><strong>linem</strong></span> <span class='ocrx_word' id='word_1_270' title='bbox 228 2783 370 2861; x_wconf 89' lang='lat' dir='ltr'><strong>quendam</strong></span> <span class='ocrx_word' id='word_1_271' title='bbox 391 2802 490 2860; x_wconf 89' lang='lat' dir='ltr'><strong>suum,</strong></span> <span class='ocrx_word' id='word_1_272' title='bbox 517 2785 583 2861; x_wconf 93' lang='lat' dir='ltr'><strong>quia</strong></span> <span class='ocrx_word' id='word_1_273' title='bbox 604 2785 735 2862; x_wconf 88' lang='lat' dir='ltr'><strong>sequitur</strong></span> <span class='ocrx_word' id='word_1_274' title='bbox 756 2784 936 2852; x_wconf 67' lang='lat' dir='ltr'><strong>coniunctim</strong></span> <span class='ocrx_word' id='word_1_275' title='bbox 961 2781 1067 2843; x_wconf 89' lang='lat' dir='ltr'><strong>deinde</strong></span> <span class='ocrx_word' id='word_1_276' title='bbox 1087 2778 1128 2842; x_wconf 88' lang='grc' dir='ltr'><strong>Ει</strong></span> 
     </span>
     <span class='ocr_line' id='line_1_32' title="bbox 120 2864 1127 2946; baseline -0.004 -18"><span class='ocrx_word' id='word_1_277' title='bbox 120 2874 192 2929; x_wconf 85' lang='lat' dir='ltr'><strong>unte</strong></span> <span class='ocrx_word' id='word_1_278' title='bbox 211 2867 293 2928; x_wconf 84' lang='lat' dir='ltr'><strong>dunc</strong></span> <span class='ocrx_word' id='word_1_279' title='bbox 308 2868 389 2928; x_wconf 85' lang='lat' dir='ltr'><strong>diem</strong></span> <span class='ocrx_word' id='word_1_280' title='bbox 403 2887 465 2928; x_wconf 85' lang='lat' dir='ltr'><strong>uon</strong></span> <span class='ocrx_word' id='word_1_281' title='bbox 482 2869 622 2929; x_wconf 85' lang='lat' dir='ltr'><strong>auditum</strong></span> <span class='ocrx_word' id='word_1_282' title='bbox 639 2869 709 2927; x_wconf 89' lang='lat' dir='ltr'><strong>satis</strong></span> <span class='ocrx_word' id='word_1_283' title='bbox 725 2869 974 2946; x_wconf 88' lang='lat' dir='ltr'><strong>circumscriptum</strong></span> <span class='ocrx_word' id='word_1_284' title='bbox 990 2874 1045 2925; x_wconf 90' lang='lat' dir='ltr'><strong>est.</strong></span> <span class='ocrx_word' id='word_1_285' title='bbox 1082 2864 1127 2925; x_wconf 79' lang='lat' dir='ltr'><strong>Ad</strong></span> 
     </span>
     <span class='ocr_line' id='line_1_33' title="bbox 120 2950 1129 3031; baseline -0.003 -20"><span class='ocrx_word' id='word_1_286' title='bbox 120 2951 196 3011; x_wconf 92' lang='lat' dir='ltr'><strong>haec</strong></span> <span class='ocrx_word' id='word_1_287' title='bbox 211 2951 456 3011; x_wconf 87' lang='lat' dir='ltr'><strong>accommodanda</strong></span> <span class='ocrx_word' id='word_1_288' title='bbox 468 2968 567 3010; x_wconf 88' lang='lat' dir='ltr'><strong>manus</strong></span> <span class='ocrx_word' id='word_1_289' title='bbox 584 2960 639 3028; x_wconf 90' lang='lat' dir='ltr'><strong>est,</strong></span> <span class='ocrx_word' id='word_1_290' title='bbox 656 2951 744 3028; x_wconf 88' lang='lat' dir='ltr'><strong>idque</strong></span> <span class='ocrx_word' id='word_1_291' title='bbox 754 2950 820 3011; x_wconf 94' lang='lat' dir='ltr'><strong>dum</strong></span> <span class='ocrx_word' id='word_1_292' title='bbox 836 2953 890 3011; x_wconf 89' lang='lat' dir='ltr'><strong>erit</strong></span> <span class='ocrx_word' id='word_1_293' title='bbox 901 2952 992 3031; x_wconf 90' lang='lat' dir='ltr'><strong>prima</strong></span> <span class='ocrx_word' id='word_1_294' title='bbox 1010 2959 1039 3008; x_wconf 89' lang='lat' dir='ltr'><strong>et</strong></span> <span class='ocrx_word' id='word_1_295' title='bbox 1052 2966 1129 3009; x_wconf 90' lang='lat' dir='ltr'><strong>com·</strong></span> 
     </span>
     <span class='ocr_line' id='line_1_34' title="bbox 122 3034 1184 3114; baseline 0.004 -21"><span class='ocrx_word' id='word_1_296' title='bbox 122 3036 218 3114; x_wconf 90' lang='lat' dir='ltr'><strong>posita</strong></span> <span class='ocrx_word' id='word_1_297' title='bbox 239 3037 326 3094; x_wconf 88' lang='lat' dir='ltr'><strong>actio.</strong></span> <span class='ocrx_word' id='word_1_298' title='bbox 363 3034 402 3095; x_wconf 90' lang='lat' dir='ltr'><strong>llt</strong></span> <span class='ocrx_word' id='word_1_299' title='bbox 426 3034 474 3094; x_wconf 93' lang='lat' dir='ltr'><strong>ubi</strong></span> <span class='ocrx_word' id='word_1_300' title='bbox 497 3052 560 3094; x_wconf 88' lang='lat' dir='ltr'><strong>eam</strong></span> <span class='ocrx_word' id='word_1_301' title='bbox 583 3035 664 3095; x_wconf 88' lang='lat' dir='ltr'><strong>calor</strong></span> <span class='ocrx_word' id='word_1_302' title='bbox 685 3036 891 3095; x_wconf 89' lang='lat' dir='ltr'><strong>concitaverit:</strong></span> <span class='ocrx_word' id='word_1_303' title='bbox 917 3035 1002 3094; x_wconf 90' lang='lat' dir='ltr'><strong>etiam</strong></span> <span class='ocrx_word' id='word_1_304' title='bbox 1026 3041 1184 3110; x_wconf 86' lang='lat' dir='ltr'><strong>gestuslll</strong></span> 
     </span>
     <span class='ocr_line' id='line_1_35' title="bbox 124 3116 1128 3196; baseline 0 -20"><span class='ocrx_word' id='word_1_305' title='bbox 124 3136 189 3178; x_wconf 89' lang='lat' dir='ltr'><strong>curn</strong></span> <span class='ocrx_word' id='word_1_306' title='bbox 209 3120 272 3196; x_wconf 90' lang='lat' dir='ltr'><strong>ipsa</strong></span> <span class='ocrx_word' id='word_1_307' title='bbox 295 3120 434 3179; x_wconf 90' lang='lat' dir='ltr'><strong>orationis</strong></span> <span class='ocrx_word' id='word_1_308' title='bbox 457 3118 611 3178; x_wconf 87' lang='lat' dir='ltr'><strong>celeritate</strong></span> <span class='ocrx_word' id='word_1_309' title='bbox 634 3117 814 3177; x_wconf 89' lang='lat' dir='ltr'><strong>crebrescet.</strong></span> <span class='ocrx_word' id='word_1_310' title='bbox 852 3116 927 3178; x_wconf 79' lang='lat' dir='ltr'><strong>Aliis</strong></span> <span class='ocrx_word' id='word_1_311' title='bbox 944 3117 1019 3176; x_wconf 91' lang='lat' dir='ltr'><strong>locis</strong></span> <span class='ocrx_word' id='word_1_312' title='bbox 1042 3119 1128 3177; x_wconf 89' lang='lat' dir='ltr'><strong>citata</strong></span> 
     </span>
     <span class='ocr_line' id='line_1_36' title="bbox 124 3201 1114 3280; baseline -0.001 -20"><span class='ocrx_word' id='word_1_313' title='bbox 124 3201 188 3260; x_wconf 91' lang='lat' dir='ltr'><strong>aliis</strong></span> <span class='ocrx_word' id='word_1_314' title='bbox 204 3219 308 3279; x_wconf 87' lang='lat' dir='ltr'><strong>pressa</strong></span> <span class='ocrx_word' id='word_1_315' title='bbox 326 3202 480 3262; x_wconf 89' lang='lat' dir='ltr'><strong>conveniet</strong></span> <span class='ocrx_word' id='word_1_316' title='bbox 496 3203 698 3280; x_wconf 88' lang='lat' dir='ltr'><strong>pronuntiatio.</strong></span> <span class='ocrx_word' id='word_1_317' title='bbox 730 3201 784 3262; x_wconf 91' lang='lat' dir='ltr'><strong>llla</strong></span> <span class='ocrx_word' id='word_1_318' title='bbox 800 3203 1040 3277; x_wconf 86' lang='lat' dir='ltr'><strong>transcurrimus,</strong></span> <span class='ocrx_word' id='word_1_319' title='bbox 1058 3218 1114 3260; x_wconf 88' lang='lat' dir='ltr'><strong>con</strong></span> 
     </span>
     <span class='ocr_line' id='line_1_37' title="bbox 123 3285 1125 3362; baseline 0.001 -20"><span class='ocrx_word' id='word_1_320' title='bbox 123 3285 270 3362; x_wconf 81' lang='lat' dir='ltr'><strong>gerimus,</strong></span> <span class='ocrx_word' id='word_1_321' title='bbox 295 3285 479 3354; x_wconf 80' lang='lat' dir='ltr'><strong>festinamus;</strong></span> <span class='ocrx_word' id='word_1_322' title='bbox 504 3285 559 3346; x_wconf 88' lang='lat' dir='ltr'><strong>hac</strong></span> <span class='ocrx_word' id='word_1_323' title='bbox 574 3287 727 3362; x_wconf 90' lang='lat' dir='ltr'><strong>instamus,</strong></span> <span class='ocrx_word' id='word_1_324' title='bbox 752 3285 948 3360; x_wconf 88' lang='lat' dir='ltr'><strong>inculcamus,</strong></span> <span class='ocrx_word' id='word_1_325' title='bbox 973 3285 1125 3362; x_wconf 84' lang='lat' dir='ltr'><strong>infigimus.</strong></span> 
     </span>
     <span class='ocr_line' id='line_1_38' title="bbox 122 3368 1126 3450; baseline -0.003 -21"><span class='ocrx_word' id='word_1_326' title='bbox 122 3369 191 3429; x_wconf 91' lang='lat' dir='ltr'><strong>Plus</strong></span> <span class='ocrx_word' id='word_1_327' title='bbox 203 3376 298 3427; x_wconf 89' lang='lat' dir='ltr'><strong>autern</strong></span> <span class='ocrx_word' id='word_1_328' title='bbox 315 3368 437 3429; x_wconf 86' lang='lat' dir='ltr'><strong>allectus</strong></span> <span class='ocrx_word' id='word_1_329' title='bbox 449 3369 556 3430; x_wconf 86' lang='lat' dir='ltr'><strong>habeut</strong></span> <span class='ocrx_word' id='word_1_330' title='bbox 567 3371 706 3439; x_wconf 90' lang='lat' dir='ltr'><strong>lentiora;</strong></span> <span class='ocrx_word' id='word_1_331' title='bbox 723 3369 848 3450; x_wconf 89' lang='lat' dir='ltr'><strong>ideoque</strong></span> <span class='ocrx_word' id='word_1_332' title='bbox 860 3370 985 3430; x_wconf 88' lang='lat' dir='ltr'><strong>Roscius</strong></span> <span class='ocrx_word' id='word_1_333' title='bbox 1003 3370 1126 3445; x_wconf 90' lang='lat' dir='ltr'><strong>citatior,</strong></span> 
     </span>
     <span class='ocr_line' id='line_1_39' title="bbox 123 3451 1128 3532; baseline 0 -21"><span class='ocrx_word' id='word_1_334' title='bbox 123 3451 261 3531; x_wconf 80' lang='lat' dir='ltr'><strong>Aesopus</strong></span> <span class='ocrx_word' id='word_1_335' title='bbox 287 3455 406 3531; x_wconf 87' lang='lat' dir='ltr'><strong>gravior</strong></span> <span class='ocrx_word' id='word_1_336' title='bbox 427 3452 498 3532; x_wconf 85' lang='lat' dir='ltr'><strong>init,</strong></span> <span class='ocrx_word' id='word_1_337' title='bbox 526 3455 605 3532; x_wconf 91' lang='lat' dir='ltr'><strong>quod</strong></span> <span class='ocrx_word' id='word_1_338' title='bbox 627 3455 678 3514; x_wconf 94' lang='lat' dir='ltr'><strong>ille</strong></span> <span class='ocrx_word' id='word_1_339' title='bbox 701 3453 868 3515; x_wconf 88' lang='lat' dir='ltr'><strong>comoedias</strong></span> <span class='ocrx_word' id='word_1_340' title='bbox 890 3455 938 3514; x_wconf 91' lang='lat' dir='ltr'><strong>hic</strong></span> <span class='ocrx_word' id='word_1_341' title='bbox 959 3452 1128 3531; x_wconf 88' lang='lat' dir='ltr'><strong>tragoedias</strong></span> 
     </span>
    </p>

    <p class='ocr_par' dir='ltr' id='par_1_7' title="bbox 165 3536 976 3606">
     <span class='ocr_line' id='line_1_40' title="bbox 165 3536 976 3606; baseline 0.002 -12"><span class='ocrx_word' id='word_1_342' title='bbox 165 3557 231 3596; x_wconf 86' lang='lat' dir='ltr'><strong>n.r.</strong></span> <span class='ocrx_word' id='word_1_343' title='bbox 246 3544 405 3606; x_wconf 73' lang='lat' dir='ltr'><strong>curuumn.</strong></span> <span class='ocrx_word' id='word_1_344' title='bbox 551 3542 554 3548; x_wconf 80' lang='grc'><em>’</em></span> <span class='ocrx_word' id='word_1_345' title='bbox 938 3536 976 3597; x_wconf 85' lang='grc'><strong>15</strong></span> 
     </span>
    </p>
   </div>
   <div class='ocr_carea' id='block_1_3' title="bbox 0 0 1301 4026">
    <p class='ocr_par' dir='ltr' id='par_1_8' title="bbox 0 0 1301 4026">
     <span class='ocr_line' id='line_1_41' title="bbox 0 0 1301 4026; baseline 0 0"><span class='ocrx_word' id='word_1_346' title='bbox 0 0 1301 4026; x_wconf 95' lang='lat' dir='ltr'><strong> </strong></span> 
     </span>
    </p>
   </div>
  </div>
 </body>
</html>
