2566 4026
200 169 262 234 282
525 180 888 242 murcomannum

92 383 96 389 -
161 349 279 405 loturus
297 338 385 399 estin
403 355 501 413 causa,
517 337 632 412 malum,
649 336 726 416 quod
738 345 860 396 tacetur.
896 338 993 412 Quare
1009 339 1102 399 bonus
1116 341 1192 401 alter

200 433 282 485 cator
308 423 378 483 vitio
406 422 572 482 iracundiae
604 430 716 490 careat;
750 420 844 481 nullns
878 424 952 483 enim
979 425 1082 484 rationi
1112 427 1206 504 magis

201 508 296 568 obstat
321 507 442 566 allectus
463 515 493 565 ει
515 506 573 565 lert
597 513 678 564 extra
694 522 811 566 causam
827 514 856 564 et
875 506 1047 586 plerumque
1063 507 1205 570 deformia

201 591 331 653 convicia
355 592 456 650 lacere
477 607 512 649 ac
532 589 638 649 mereri
660 591 739 666 cogit
757 598 786 648 et
801 590 830 648 in
845 590 926 668 ipsos
944 608 1146 670 nonnunquam
1161 593 1203 652 iu-

199 675 281 737 dices
304 675 412 734 incitat.
449 671 553 732 Melior
576 671 736 732 moderatio
762 690 797 733 ac
818 690 1020 753 nonnunquam
1045 677 1131 735 etiam
1153 694 1204 755 pa·

199 760 308 820 tientia.
346 756 451 835 Neque
472 758 547 817 enim
568 757 720 817 refutanda
746 765 869 833 tantum,
901 778 976 838 quae
998 778 1036 819 ex
1057 762 1206 820 contrario

198 844 341 917 dicuntur,
357 842 410 902 sed
425 842 652 916 contemnenda,
672 841 831 915 elevanda,
854 842 972 903 ridenda
988 853 1067 912 sunt;
1085 861 1141 904 nec
1153 862 1206 904 ns·

199 945 283 1008 qnam
306 925 373 1005 plus
396 925 455 985 loci
476 926 582 1003 recipit
602 925 759 985 urbanitas.
804 924 884 1006 Hoc,
912 927 978 986 dnm
1005 928 1077 987 ordo
1102 937 1148 988 εει
1174 938 1206 988 ει

197 1010 306 1090 pudor;
333 1018 433 1071 contra
458 1009 606 1069 turbantes
632 1010 793 1070 audendum
821 1019 851 1068 et
873 1011 1068 1088 impudentiae
1089 1012 1206 1072 fortiter

157 1094 398 1161 llresistendum.
429 1093 501 1154 Sunt
516 1095 591 1154 enim
611 1093 724 1172 quidam
738 1093 875 1173 praeduri
889 1095 917 1154 in
934 1094 992 1156 boc
1008 1097 1087 1170 oris,
1103 1104 1134 1154 ut
1152 1095 1204 1155 ob·

198 1187 329 1258 strepant
342 1179 452 1256 ingenti
479 1178 608 1238 clamore
631 1187 659 1237 et
678 1178 790 1238 medios
809 1195 960 1239 sermones
976 1181 1159 1257 intercipiant
1175 1189 1207 1239 et

198 1263 292 1325 omnia
310 1262 431 1323 tumultu
457 1261 650 1338 confundant,
677 1280 751 1341 quos
772 1271 803 1322 ut
827 1279 885 1322 non
906 1264 1009 1323 imitari
1031 1265 1074 1322 sic
1096 1265 1207 1324 acriter

197 1347 372 1428 propulsare
389 1346 553 1425 oportebit,
583 1355 612 1407 et
630 1349 758 1425 ipsorum
778 1346 990 1426 improbitatem
1011 1345 1205 1423 retundendo,

199 1441 228 1493 et
251 1431 363 1492 iudices
386 1430 435 1490 vel
454 1432 654 1509 praesidentes
671 1433 855 1509 magistratus
876 1431 1051 1511 appellando
1067 1431 1204 1510 frequen·

197 1518 266 1592 tius,
285 1524 316 1574 nt
332 1515 470 1592 loquendi
486 1516 568 1574 vices
584 1524 746 1574 serventur.
777 1513 843 1574 Non
859 1524 904 1576 est
918 1533 967 1576 res
983 1517 1067 1575 animi
1081 1517 1205 1576 iacentis

198 1610 228 1660 et
248 1597 344 1658 mollis
366 1616 453 1677 supra
474 1598 589 1659 modum
608 1599 728 1673 frontis,
752 1598 885 1676 fallitque
907 1600 1098 1679 plerumque,
1127 1598 1206 1678 qnod

158 1682 328 1763 reprobitas
351 1691 488 1757 vocatur,
513 1700 588 1760 quae
612 1690 656 1741 est
677 1682 870 1742 imbecillitas.
906 1683 993 1744 Valet
1008 1692 1103 1744 autem
1121 1686 1149 1743 in
1163 1683 1205 1744 al·

198 1768 360 1827 tercatione
376 1765 527 1844 plurimum
548 1784 686 1841 acumen,
711 1765 788 1844 quod
811 1768 873 1826 sine
895 1767 980 1827 dubio
1004 1786 1042 1827 ex
1063 1777 1126 1827 arte
1147 1784 1206 1826 non

159 1853 291 1919 revenit:
314 1857 414 1910 natura
441 1850 515 1909 enim
537 1867 595 1909 non
611 1850 749 1924 docetur,
771 1858 833 1909 arte
857 1859 950 1910 tamen
973 1852 1132 1912 adiuvatur.
1172 1850 1206 1912 ln

198 1953 254 2014 qua
275 1934 464 2013 praecipuum
489 1941 550 2010 εει,
578 1952 696 2012 semper
717 1934 746 1993 id
772 1934 801 1992 in
817 1933 910 1995 oculis
926 1935 1052 2011 habere,
1080 1935 1116 1996 de
1146 1951 1205 2013 qno

198 2020 347 2097 quaeritur
365 2026 394 2076 et
417 2017 495 2096 qnod
509 2017 641 2078 volumus
662 2018 798 2084 efiicere;
824 2018 890 2096 quia
906 2021 1087 2098 propositum
1103 2027 1205 2078 tenen·

199 2111 243 2162 tes
260 2103 288 2161 in
303 2102 394 2162 rixam
416 2117 474 2160 non
495 2099 598 2161 ibimus
621 2120 676 2162 neo
701 2119 807 2162 causae
829 2102 926 2162 debita
951 2113 1082 2182 tempora
1106 2105 1204 2163 obnui-

198 2185 300 2247 ciando
324 2193 508 2245 conteremus
525 2185 790 2265 gaudebimusque,
807 2188 831 2244 si
846 2186 904 2245 hoc
922 2188 1106 2248 adversarius
1124 2186 1204 2246 lacit.

156 2280 190 2335 14
281 2268 363 2329 Omni
391 2277 523 2349 tempore
552 2271 615 2330 lere
641 2279 743 2349 parata
770 2279 836 2329 sunt
866 2271 1010 2331 meditatis
1038 2270 1205 2348 diligenter,

197 2371 272 2432 quae
297 2362 345 2414 aut
374 2372 411 2413 ex
440 2353 563 2414 adverso
586 2354 643 2414 dici
663 2362 711 2413 aut
733 2352 907 2432 responderi
936 2354 1057 2414 anobis
1079 2356 1205 2432 possint.

196 2436 406 2516 Nonnunquam
429 2446 524 2498 tamen
548 2439 625 2498 solet
646 2437 703 2497 boc
726 2454 844 2516 quoque
868 2456 937 2499 esse
953 2440 1023 2498 artis
1038 2456 1150 2515 genus,
1175 2447 1206 2499 ut

197 2523 338 2602 quaedam
358 2523 386 2582 in
409 2523 524 2581 actione
549 2522 727 2582 dissimulata
750 2521 845 2580 subito
869 2523 898 2580 in
920 2522 1088 2582 altercando
1104 2521 1206 2601 prole·

196 2614 309 2674 rantur;
328 2615 374 2665 est
386 2607 540 2684 inopinatis
554 2605 752 2684 eruptionibus
765 2615 813 2665 aut
824 2607 971 2665 incursion
983 2625 1020 2666 ex
1033 2605 1145 2666 insidiis
1161 2607 1204 2667 fa·

198 2699 263 2751 ctae
278 2688 462 2751 simillimum.
500 2688 533 2749 ld
555 2699 651 2749 autern
670 2698 727 2749 tum
743 2688 922 2766 laciendum,
945 2708 1008 2750 cum
1024 2698 1069 2750 est
1085 2689 1205 2768 aliquid,

198 2776 243 2835 cni
259 2773 431 2853 responderi
448 2790 505 2832 non
523 2775 618 2834 statim
633 2775 743 2852 possit;
769 2775 896 2851 potuerit
916 2783 1026 2850 antem,
1047 2774 1072 2833 si
1088 2783 1203 2853 tempus

197 2859 233 2920 ad
252 2858 461 2938 disponendum
476 2857 590 2917 luisset.
628 2855 717 2934 Nam,
738 2857 815 2935 quod
833 2857 959 2918 lldellter
975 2858 1086 2918 lirmum
1103 2867 1167 2933 est,
1186 2875 1204 2919 a

196 2944 295 3022 primis
323 2942 417 3002 statim
439 2942 600 3003 actionibus
623 2945 753 3021 arripere
770 2942 908 3021 optimum
924 2950 985 3020 εει,
1008 2959 1065 3021 quo
1087 2942 1206 3020 saepius

156 3025 362 3107 ltdiutinsque
388 3025 509 3086 dicatur.
547 3025 622 3087 lllnd
640 3029 689 3086 vix
707 3026 810 3086 saltem
827 3026 1065 3104 praecipiendum
1078 3025 1205 3103 videtur,

196 3128 234 3171 ne
252 3109 382 3171 turbidus
400 3118 430 3170 et
447 3109 592 3171 clamosus
609 3119 716 3171 tantum
732 3113 769 3170 sit
783 3110 950 3187 altercator,
976 3119 1004 3170 et
1022 3109 1125 3189 quales
1141 3109 1206 3169 fere

198 3202 273 3270 sunt,
291 3196 340 3272 qni
357 3194 469 3255 litteras
486 3197 627 3254 nesciunt.
657 3194 729 3255 Nam
746 3192 932 3272 improbitas,
948 3195 1020 3255 licet
1036 3193 1205 3255 adversario

199 3276 322 3338 molesta
339 3280 386 3355 sit,
403 3279 489 3339 iudici
505 3280 596 3339 invisa
613 3286 667 3338 εει.
698 3277 795 3338 Nocet
813 3279 898 3338 etiam
914 3278 960 3339 diu
972 3295 1104 3358 pugnare
1115 3277 1144 3336 in
1157 3278 1205 3354 iis,

156 3369 272 3441 idquae
290 3360 423 3422 obtinere
439 3379 496 3423 non
511 3365 619 3442 possis.
656 3362 744 3439 Nam,
766 3362 815 3423 ubi
833 3365 909 3423 vinci
926 3381 1053 3424 necesse
1071 3370 1132 3436 est,
1154 3378 1204 3421 cx·

198 3444 278 3524 pedit
294 3445 417 3515 cedere;
436 3448 512 3525 quia,
528 3449 592 3507 sive
609 3446 692 3527 plura
710 3455 791 3522 sunt,
809 3447 965 3525 dequibus
983 3447 1147 3526 quaeritur,
1162 3445 1204 3506 la·
