2566 4026
285 186 374 232 susm.
390 184 870 251 onnuon.nro.v111,r>uooun.
1038 179 1078 235 45

71 343 157 419 cipue
174 340 252 400 circa
267 348 426 418 praecepta
441 342 531 417 partis
546 339 629 399 huius
649 339 799 399 laboravit.
838 340 923 414 Quod
939 360 1002 400 eum
1020 359 1078 401 me-

70 426 126 484 rito
146 424 273 498 iecisse,
291 425 375 481 etiam
394 425 459 501 ipso
475 424 534 498 rei,
554 422 590 482 de
607 441 662 501 qua
678 423 838 501 loquimur,
854 426 969 484 nomine
984 426 1079 503 palam

70 507 246 568 declaratur.
279 505 386 583 Eloqui
400 508 474 565 enim
489 507 546 567 hoc
563 515 624 581 est,
641 508 752 582 omnia,
770 525 844 586 quae
859 518 956 569 mente
973 526 1077 569 conce·

70 593 318 670 peris,promere
334 598 421 667 atque
438 590 473 649 aul
491 590 640 650 audientes
658 591 806 667 perferre;
825 594 887 652 sine
903 611 959 671 quo
976 612 1078 671 super-

69 692 161 734 vacua
177 683 242 732 sunt
265 674 363 751 priora
386 683 414 732 et
436 674 538 735 similia
555 674 653 751 gladio
674 674 789 734 condito
806 684 893 754 atque
909 679 982 736 intra
998 678 1078 754 vagi·

69 776 134 817 nam
150 775 230 816 suam
246 758 386 816 haerenti.
421 756 485 817 lloc
500 759 597 835 itaque
613 759 735 818 maxime
752 759 892 836 docetur,
910 760 968 821 boc
984 761 1078 820 nullus
1088 770 1120 825 16

68 843 123 899 nisi
142 851 203 900 arte
225 843 343 920 assequi
360 851 475 918 potest,
493 841 540 901 hic
562 842 684 901 studium
702 842 854 919 plurimum
870 843 1075 912 adhibendum:

68 925 128 984 boc
143 927 314 984 exercitatio
331 926 420 1001 petit,
437 925 494 984 boc
510 927 646 1001 imitatio,
662 924 710 985 hic
726 927 817 985 omnis
834 936 915 986 aetas
935 929 1076 987 eonsumi-

68 1018 129 1076 tur;
152 1008 210 1068 boc
228 1010 350 1067 maxime
379 1019 478 1068 orator
504 1019 621 1069 oratore
644 1011 855 1086 praestantior,
884 1010 941 1070 boc
967 1029 1078 1088 genera

68 1093 132 1171 ipsa
154 1092 269 1152 dicendi
287 1091 350 1151 aliis
375 1093 430 1151 alia
447 1093 571 1170 potiora.
605 1091 710 1170 Neque
732 1094 807 1152 enim
823 1092 924 1154 Asiani
941 1103 990 1154 aut
1006 1103 1119 1174 quo-17
1170 1162 1175 1166 ,

70 1194 184 1253 cunque
206 1175 264 1235 alio
286 1193 397 1252 genere
419 1179 548 1254 corrupti
569 1193 617 1236 res
640 1192 697 1234 nou
717 1176 851 1236 uiderunt
874 1187 922 1238 aut
945 1197 995 1239 eas
1019 1195 1077 1237 non

69 1259 304 1333 collocaverunt,
331 1279 443 1338 neque,
473 1276 546 1339 quos
574 1259 671 1319 aridos
696 1276 851 1336 vocamus,
866 1261 956 1321 -stulti
980 1271 1028 1322 aut
1049 1263 1077 1320 iu

69 1345 164 1403 causis
186 1344 268 1402 caeci
290 1343 417 1410 fuerunt;
440 1344 494 1403 sed
516 1343 560 1403 bis
585 1342 719 1402 iudicium
735 1344 765 1402 in
783 1343 949 1423 eloquendo
966 1363 1000 1405 ac
1016 1360 1075 1404 mo·

70 1426 137 1502 lus,
161 1427 219 1487 illis
240 1428 318 1485 vires
341 1427 510 1504 defuerunt,
535 1437 566 1487 ut
589 1435 730 1505 appareat
749 1429 778 1485 in
798 1427 856 1487 boc
878 1437 907 1487 et
925 1430 1025 1488 uitium
1048 1438 1076 1488 et

67 1511 202 1571 virtutem
220 1529 288 1569 esse
306 1511 429 1571 dicendi.

152 1594 179 1654 N
181 1611 218 1652 on
233 1595 299 1654 ideo
312 1603 407 1655 tamen
419 1595 483 1656 sola
496 1604 542 1655 est
556 1594 668 1672 agenda
681 1613 750 1655 cura
762 1594 928 1655 verborum.
966 1593 1119 1664 (iocur-18

68 1696 128 1738 ram
143 1679 218 1738 enim
234 1696 360 1738 necesse
378 1689 423 1739 est
446 1689 492 1756 et,
514 1679 595 1738 velut
612 1679 640 1737 in
661 1678 807 1738 vestibulo
823 1683 954 1756 protinus
970 1697 1075 1758 appre-

67 1762 201 1821 hensuris
217 1761 292 1822 banc
310 1763 525 1823 confessionem
540 1781 651 1838 meam,
669 1764 803 1822 resistam
818 1765 871 1839 iis,
887 1765 954 1842 qui,
969 1763 1076 1823 omissa

68 1863 163 1905 rerum
186 1846 252 1925 (qui
277 1849 359 1906 nervi
378 1857 443 1907 sunt
465 1849 494 1907 in
516 1848 626 1927 causis)
652 1847 817 1924 diligentia,
846 1846 970 1927 quodam
1000 1848 1076 1907 inani

68 1932 146 1989 circa
167 1946 258 1988 voces
283 1930 377 1989 stutlio
400 1940 571 2008 senescunt,
595 1932 683 2008 idque
705 1931 813 1990 iaciunt
835 1933 929 2008 gratia
947 1931 1074 2007 decoris,

68 2015 117 2092 qui
133 2022 178 2072 est
201 2013 372 2073 indicendo
395 2033 459 2076 mea
477 2015 591 2093 quidem
612 2016 749 2093 opinione
770 2014 999 2093 pulcherrimus,
1022 2015 1075 2074 sed

68 2115 132 2157 cum
154 2098 285 2175 sequitur
306 2115 364 2157 non
386 2116 449 2157 oum
471 2099 631 2158 affectatur.
669 2097 802 2176 Corpora
826 2117 895 2158 sana
919 2108 949 2157 et
970 2099 1076 2175 integri
1085 2101 1117 2157 19

67 2181 215 2257 sanguinis
232 2190 260 2240 et
277 2183 486 2241 exercitatione
498 2182 608 2241 lirmata
625 2199 662 2240 ex
673 2182 776 2241 iisdem
791 2181 835 2241 bis
851 2184 982 2261 speciem
998 2183 1074 2242 acei-

67 2265 163 2342 piunt,
192 2282 229 2323 ex
252 2265 354 2342 quibus
381 2268 476 2342 vires,
506 2282 628 2344 namque
650 2274 679 2323 et
702 2265 833 2324 colorata
856 2274 885 2325 et
906 2266 1025 2325 astricta
1047 2275 1075 2324 et

67 2348 186 2408 lacertis
209 2366 351 2426 expressa
374 2359 453 2417 sunt;
476 2359 504 2408 at
522 2348 623 2407 eadem
646 2351 670 2406 si
694 2351 757 2425 quis
774 2348 859 2407 volsa
875 2357 961 2425 atque
977 2347 1074 2407 fucata

66 2431 247 2490 muliebriter
265 2442 375 2509 comat,
400 2433 567 2493 foedissima
596 2434 650 2491 sint
671 2433 735 2509 ipso
761 2432 872 2491 formae
894 2430 1007 2490 labore.
1038 2430 1117 2491 urso

67 2515 162 2575 cultus
175 2533 334 2575 concessus
348 2526 435 2594 atque
448 2516 616 2592 magnificus
630 2515 708 2576 addit
721 2514 900 2590 hominibus,
917 2523 947 2573 ut
961 2512 1074 2575 Graeco

66 2617 154 2658 versu
170 2609 304 2659 testatum
321 2610 382 2676 est,
405 2603 623 2667 auctoritatem;
646 2609 674 2660 at
695 2599 843 2659 muliebris
862 2608 891 2657 et
908 2598 1074 2658 luxuriosus

67 2700 125 2742 non
143 2699 250 2761 corpus
266 2694 388 2743 exornat
406 2685 458 2744 sed
474 2685 585 2761 detegit
601 2693 736 2743 mentem.
768 2683 907 2743 Similiter
917 2681 967 2741 illa
983 2689 1073 2741 trans-

66 2766 163 2827 lucida
179 2776 208 2825 et
230 2769 395 2827 versicolor
416 2768 593 2847 quorundam
609 2768 736 2828 elocutio
758 2786 807 2827 res
823 2769 902 2846 ipsas
918 2765 1073 2843 eiieminat,

68 2868 143 2929 quae
159 2851 211 2910 illo
227 2852 383 2911 verborum
398 2852 495 2912 habitu
510 2854 679 2911 vestiuntur.
712 2850 815 2912 Curam
832 2867 903 2928 ergo
919 2849 1075 2910 verborum

66 2952 163 2993 rerum
193 2935 263 2994 volo
292 2954 359 2994 esse
391 2936 623 2996 sollicitudinem.
667 2935 739 2995 Nam
768 2935 939 3014 plerumque
969 2935 1113 3012 optimati

66 3017 156 3077 rebus
179 3018 337 3078 cohaerent
359 3029 388 3078 et
411 3029 565 3079 cernuntur
581 3036 634 3079 suo
650 3020 769 3088 lumine;
795 3029 823 3080 at
838 3036 891 3077 nos
910 3019 1073 3098 quaerimus

65 3102 136 3178 illa,
153 3111 286 3181 tanquam
302 3103 409 3163 lateant
421 3122 548 3184 seseque
565 3103 734 3164 subducant.
776 3102 821 3163 lta
836 3119 978 3181 nunquam
993 3110 1073 3179 puta·

66 3204 130 3244 mus
152 3187 232 3245 circa
256 3187 284 3246 id
300 3206 386 3263 esse,
412 3188 449 3247 de
471 3204 528 3266 quo
545 3188 695 3248 dicendum
713 3196 774 3263 est,
798 3188 850 3247 sed
867 3205 904 3246 ex
920 3185 983 3246 aliis
1000 3184 1073 3244 locis

66 3271 192 3348 petimus
210 3279 239 3330 et
256 3272 378 3331 inventis
390 3273 447 3331 vim
463 3272 618 3331 afferimus.
646 3271 757 3332 llaiore
769 3274 862 3331 animo
879 3269 1075 3348 aggredienda
1082 3278 1117 3332 tt

69 3353 239 3430 eloquentia
256 3365 317 3430 est,
336 3358 451 3433 quaesi
468 3365 530 3416 toto
548 3373 674 3434 corpore
695 3355 790 3431 valet,
807 3373 919 3432 ungues
935 3353 1029 3432 polire
1045 3361 1074 3413 et

70 3438 207 3516 capillum
223 3456 369 3517 reponere
385 3457 442 3499 non
458 3440 631 3500 existimabit
647 3441 682 3500 ad
708 3457 805 3499 curam
820 3458 900 3499 suam
915 3439 1072 3518 pertinere.
