2566 4026
152 152 215 215 250
473 165 833 224 u.ssa.uusnnm1nx1

153 318 340 381 adversorum
363 318 499 379 solatium
523 320 635 380 litteras
651 329 833 399 putaverunt.
879 322 910 382 si
928 322 1043 400 quando
1060 330 1158 381 tamen

153 404 192 463 ita
213 401 358 463 resederit
378 420 519 479 praeseus
543 405 686 482 impetus,
714 413 745 464 ut
766 404 862 482 aliqua
884 413 927 465 tot
950 405 1075 465 luctibus
1100 405 1159 465 alia

154 486 293 563 cogitatio
316 486 406 546 inseri
429 488 540 565 possit,
560 505 621 546 -non
642 489 746 548 iniuste
762 489 897 566 petierim
916 507 1017 550 morae
1032 489 1158 549 veniam.

154 569 225 642 Quis
247 569 322 631 enim
342 569 430 630 dilata
454 570 548 631 studia
571 573 709 648 miretur,
740 589 815 649 quae
837 574 934 650 potius
957 590 1016 633 non
1037 571 1161 651 abrupta

114 658 145 712 15
153 670 220 713 esse
236 653 394 715 mirandum
409 651 477 715 est?
521 652 611 731 Tum,
632 656 657 714 si
680 673 736 732 qua
759 655 864 715 fuerint
878 658 971 716 minus
988 656 1095 716 effecta
1111 657 1160 732 iis,

154 754 229 816 quae
244 736 337 797 levius
353 736 447 799 adbuc
467 737 569 799 afflicti
598 755 806 817 coeperamus:
827 740 1004 817 imperitanti
1025 739 1161 800 fortunae

152 821 347 896 remittantur,
372 838 465 900 quae,
486 821 591 900 siquid
606 823 796 882 mediocrium
819 823 929 902 alioqui
951 825 980 883 in
1002 832 1104 884 nostro
1118 825 1161 882 iu·

153 905 242 982 genio
258 905 360 965 virium
375 906 444 981 fuit,
467 914 497 965 ut
512 923 570 966 nou
585 907 759 981 extinxerit,
781 905 944 967 debilitavit
962 916 1067 967 tamen.
1101 907 1163 967 Sed

153 987 202 1049 vel
222 996 345 1066 propter
364 989 421 1049 boc
441 1006 495 1049 nos
518 991 716 1051 contumacius
742 991 905 1068 erigamus,
932 992 1011 1069 quod
1031 990 1110 1052 illam
1130 1000 1164 1051 ut

154 1071 288 1150 perferre
313 1072 399 1132 nobis
425 1072 545 1134 difficile
574 1083 635 1149 est,
662 1076 702 1134 ita
725 1073 814 1134 facile
839 1083 1039 1134 contemnere.
1083 1073 1163 1135 Nibil

156 1157 231 1219 enlru
245 1156 300 1215 sibi
315 1155 455 1217 adversus
469 1175 515 1217 me
530 1158 664 1237 reliquit,
685 1167 716 1217 et
729 1156 877 1218 infelicem
893 1159 1009 1237 quidem
1026 1158 1079 1218 sed
1098 1177 1163 1219 cer·

113 1245 147 1300 16
155 1241 294 1301 tissimum
309 1249 403 1303 tamen
419 1241 513 1303 attulit
528 1241 595 1301 mibi
616 1259 654 1301 ex
677 1241 722 1301 bis
742 1240 824 1301 malis
847 1243 1044 1303 securitatem.
1089 1240 1164 1303 Boni

155 1333 250 1385 antem
266 1324 422 1385 consulere
444 1335 573 1386 nostrum
589 1325 721 1386 laborem
740 1325 790 1386 uel
810 1335 933 1404 propter
958 1327 1017 1386 hoc
1039 1343 1165 1404 aequum

156 1417 218 1484 est,
240 1408 318 1485 quod
334 1409 362 1467 iu
377 1409 485 1472 nullum
501 1411 557 1470 iam
573 1411 723 1487 proprium
737 1427 820 1469 usum
845 1428 1087 1488 perseveramus,
1109 1409 1165 1471 sed

156 1493 247 1552 omnis
262 1491 337 1552 baec
353 1510 423 1553 cura
440 1493 550 1554 alienas
568 1493 707 1553 utilitates
723 1493 765 1570 (si
780 1493 867 1553 modo
887 1494 954 1572 quid
970 1493 1044 1554 utile
1061 1493 1164 1554 scribi·

155 1575 234 1655 mus)
250 1583 375 1652 spectat.
418 1575 481 1636 Nos
504 1577 603 1636 miseri
622 1577 698 1636 sicut
719 1576 876 1637 facultates
892 1578 1057 1655 patrimonii
1071 1586 1164 1638 nostru

156 1659 195 1718 ita
211 1658 268 1718 boc
284 1675 358 1736 opus
374 1659 439 1720 aliis
455 1659 700 1739 praeparabamus
720 1659 785 1721 aliis
801 1662 1008 1740 relinquemus.

512 1812 554 1862 uu
568 1798 805 1864 sunoasrronu.

242 1907 265 1968 l.
309 1907 508 1969 Peroratio
535 1909 730 1989 sequebatur,
762 1925 845 1988 quam
871 1908 1024 1970 cumulum
1050 1907 1164 1984 quidam

160 1993 383 2055 conclusionem
399 1991 448 2054 alii
465 2002 581 2053 vocant.
626 1991 696 2053 llius
713 1993 822 2071 duplex
839 1993 913 2053 ratio
936 2000 981 2051 est
1000 1992 1097 2070 posita
1117 1999 1165 2051 aut

158 2078 187 2136 iu
201 2075 290 2136 rebus
307 2084 356 2138 aut
370 2077 399 2135 in
414 2075 577 2137 affectibus.
623 2075 756 2137 Rerum
777 2076 961 2154 repetitio
985 2084 1015 2135 et
1040 2092 1164 2152 congre·

157 2160 255 2239 gatio,
269 2177 345 2239 quae
361 2158 475 2223 Graece
491 2160 596 2221 dieitur
610 2151 878 2238 ἆνακεφαλαίωσις,
894 2178 910 2219 a
926 2159 1096 2238 quibusdam
1111 2159 1164 2219 La·

158 2245 281 2303 tinorum
303 2246 508 2322 enumeratio,
530 2253 559 2305 et
582 2247 750 2306 memoriam
773 2244 876 2305 iudicis
898 2244 992 2305 reficit
1020 2251 1049 2303 et
1074 2252 1164 2305 totam

160 2327 245 2388 simul
261 2344 377 2389 causam
392 2330 473 2407 ponit
491 2338 557 2389 ante
577 2329 681 2390 oculos
701 2337 746 2405 et,
770 2329 883 2390 etiamsi
904 2346 957 2406 per
983 2326 1098 2405 singula
1113 2328 1164 2387 mi·

131 2418 213 2473 uuus
228 2422 376 2488 mouerat,
395 2412 478 2473 turba
492 2413 581 2475 valet.
626 2412 659 2473 ln
679 2413 753 2488 bac,
778 2430 853 2490 quae
868 2420 1056 2490 repetemus,
1080 2429 1167 2490 quam

159 2497 331 2560 brevissime
346 2496 470 2559 dicenda
485 2506 570 2573 sunt,
593 2506 637 2573 et,
656 2497 734 2576 quod
754 2495 868 2557 Graeco
892 2495 983 2556 verbo
1000 2505 1097 2574 patet,
1114 2495 1164 2556 de-

159 2579 331 2640 currendum
353 2598 408 2659 per
427 2582 532 2659 capita.
577 2580 665 2656 Nam,
688 2582 712 2639 si
733 2579 924 2655 morabimur,
946 2597 1003 2639 non
1025 2581 1080 2641 iam
1097 2598 1165 2639 enn-

158 2665 279 2724 meratio
290 2664 343 2724 sed
355 2666 437 2741 quasi
449 2664 541 2725 altera
558 2665 608 2725 liet
622 2665 726 2725 oratio.
765 2663 847 2736 Quae
865 2672 960 2723 autem
972 2663 1167 2724 enumeranda

158 2746 308 2824 videntur,
321 2765 385 2807 cum
399 2747 530 2825 pondere
545 2748 643 2826 aliquo
656 2747 778 2809 dicenda
795 2755 861 2807 snut
878 2756 908 2808 et
925 2748 1000 2825 aptis
1012 2746 1167 2808 excitanda

159 2832 309 2891 sententiis
327 2838 357 2889 et
374 2830 473 2907 figuris
493 2832 593 2909 utique
612 2831 764 2899 varianda;
792 2831 901 2908 alioqui
924 2830 995 2891 nibil
1016 2839 1061 2891 est
1085 2830 1165 2892 odio·

160 2916 219 2975 sius
235 2923 317 2975 recta
333 2914 383 2975 illa
400 2915 575 2993 repetitione
589 2915 671 2977 uelut
686 2916 844 2975 memoriae
859 2914 985 2976 iudicum
997 2913 1165 2975 diffidentis.

131 2999 232 3063 ilSunt
249 3007 344 3059 autem
359 2998 602 3075 innumerabiles,
621 2999 790 3077 optimeque
805 3000 834 3059 in
851 2997 975 3059 Verrem
991 2994 1114 3058 Cicero:
1129 2995 1167 3058 st

158 3092 250 3162 pater
265 3084 332 3162 ipre
344 3082 510 3159 iudicaret,
529 3083 604 3161 quid
615 3084 743 3158 diceret,
760 3101 829 3145 cnm
844 3083 922 3145 bueo
934 3081 1167 3161 probarentur?

161 3174 190 3225 et
207 3165 312 3226 deiude
331 3166 456 3227 subiecit
474 3167 736 3234 enumerationem
758 3174 807 3226 aut
823 3184 888 3227 curn
902 3165 979 3227 idem
992 3167 1021 3227 in
1042 3166 1167 3227 eundem

161 3265 215 3327 per
229 3250 441 3311 invocationem
465 3253 586 3313 deorum
606 3249 731 3328 spoliata
752 3268 770 3310 a
792 3259 930 3328 praetore
953 3246 1062 3329 templa
1086 3249 1166 3310 dinu-

160 3341 261 3392 merat.
305 3332 388 3395 licet
413 3343 443 3395 et
464 3335 613 3408 dubitare,
639 3351 705 3394 nuru
729 3333 797 3412 quid
816 3350 870 3392 nos
894 3334 1017 3411 fugerit,
1046 3332 1166 3413 etquid

160 3430 355 3495 responsurus
370 3419 407 3478 sit
421 3418 606 3479 adversarius
620 3415 665 3477 bis
681 3425 711 3478 et
725 3416 788 3493 bis,
809 3425 857 3477 aut
874 3435 958 3496 quam
980 3434 1063 3495 spem
1078 3434 1164 3478 acau-
