2566 4026
337 198 763 266 1usu.0nnnon.1.1n.1x,o
1002 186 1060 252 139

62 352 194 415 condicio
212 362 274 427 est,
292 353 416 431 ideoque
432 355 460 411 in
473 353 517 412 his
529 354 669 431 quaedam
682 355 764 414 etiam
778 373 953 415 communes.
974 356 1101 423 Veri-85

60 446 105 496 tas
116 453 187 494 vero
203 438 268 513 quia
281 438 386 514 patitur
399 454 491 514 aeque
507 435 626 496 brevem
641 455 707 497 esse
722 439 771 498 vel
787 438 904 517 longam
915 440 1058 516 vocalem,
1072 481 1076 488 -

61 539 125 580 cum
142 529 186 578 est
200 520 280 595 sola,
298 537 382 597 quam
398 538 460 579 cum
472 538 535 580 eam
550 530 742 581 consonantes
759 541 813 582 una
827 522 965 601 pluresve
977 542 1059 601 prae·

60 603 180 665 cedunt:
203 612 283 663 certe
298 606 326 662 in
342 603 520 664 dimensione
537 604 642 681 pedum
656 605 783 681 syllaba,
802 615 934 685 quaeest
951 607 1060 684 brevis,

58 689 231 766 insequente
253 686 300 746 vel
320 687 401 746 brevi
429 687 501 762 alia,
528 705 602 764 quae
622 697 718 749 tamen
734 690 804 749 duas
826 693 932 768 primas
956 707 1059 751 conso·

59 780 160 831 nantes
175 771 298 845 habeat,
320 771 351 830 fit
366 771 471 847 longa:
494 779 524 829 ut

212 853 370 931 Aprertem
386 856 469 915 tenui
491 874 608 916 musam
622 856 781 918 meditaris
802 876 911 919 coeno.
1069 870 1103 926 86

58 937 87 999 A
106 939 221 1014 brevis,
242 957 315 1016 pres
337 938 453 1014 brevis,
477 937 565 998 faciet
580 949 675 999 tamen
693 940 808 1018 longam
824 943 959 1020 priorem.
1004 942 1061 1003 Dat

59 1024 147 1100 igitur
166 1023 208 1082 illi
233 1021 339 1100 aliquid
364 1040 401 1081 ex
426 1039 479 1081 suo
499 1032 642 1101 tempore.
688 1022 753 1097 Quo
776 1025 880 1102 modo,
900 1027 954 1085 nisi
974 1025 1062 1087 babet

58 1107 125 1185 plus
146 1124 230 1184 quam
251 1123 324 1184 quae
340 1105 528 1182 brevissima,
552 1107 645 1186 qualis
661 1107 724 1186 ipsa
741 1118 820 1169 esset
840 1109 976 1169 detractis
992 1127 1060 1170 con-

57 1185 249 1249 sonantibus?
289 1188 372 1248 Nunc
385 1208 470 1248 unum
486 1199 599 1269 tempus
615 1177 813 1252 accommodat
828 1194 918 1271 priori
934 1202 963 1253 et
977 1211 1062 1254 uuurn

58 1275 165 1352 accipit
188 1292 203 1332 a
226 1281 381 1351 sequente;
410 1275 449 1334 ita
472 1272 545 1334 duae
567 1283 667 1334 natura
694 1274 800 1335 breves
826 1278 971 1354 positione
995 1286 1061 1337 sunt

57 1366 218 1435 temporum
234 1365 377 1434 quattuor.

142 1440 232 1500 Miror
243 1449 338 1500 autern
353 1443 381 1499 in
398 1441 452 1502 hac
464 1442 600 1520 opinione
616 1440 800 1502 doctissimos
813 1443 943 1503 homines
959 1445 1060 1522 luisse,
1068 1455 1101 1512 87

58 1534 89 1584 ut
110 1525 183 1585 aiios
204 1524 295 1603 pedes
312 1526 350 1583 ita
366 1525 509 1602 eligerent
526 1524 658 1604 aliosque
682 1528 861 1602 damnarent,
887 1529 967 1606 quasi
984 1529 1058 1588 ullus

59 1618 155 1684 esset,
178 1626 263 1686 quem
284 1625 341 1666 non
356 1611 393 1668 sit
408 1627 534 1669 necesse
555 1610 584 1669 in
602 1611 734 1669 oratione
751 1610 938 1688 deprehendi.
980 1611 1061 1673 Licet

57 1695 145 1771 igitur
163 1710 276 1770 paeona
296 1702 433 1770 sequatur
454 1692 607 1772 Ephorus,
627 1695 771 1754 inventum
794 1713 810 1754 a
832 1693 1059 1772 Thrasymacho,

57 1777 209 1856 probatum
230 1776 265 1836 ab
281 1776 458 1854 Aristotele,
482 1777 701 1857 dactylumque,
725 1786 755 1837 ut
768 1787 946 1856 temperatos
965 1778 1060 1838 brevi·

56 1862 111 1921 bus
137 1879 171 1920 ac
194 1861 305 1938 longis;
329 1862 420 1938 fugiat
435 1861 594 1921 molossum
617 1869 646 1920 et
661 1861 845 1937 trochaeum,
869 1862 988 1922 alterius
1004 1870 1103 1927 tar-88

57 1946 145 2005 ditate
168 1946 287 2005 alterius
310 1944 460 2005 celeritate
478 1946 622 2014 damuata3
646 1944 769 2020 herous,
790 1946 838 2024 qui
855 1955 900 2005 est
915 1945 990 2005 idem
1011 1946 1060 2008 da·
1135 2013 1138 2019 ⁸

58 2028 166 2104 ctylus,
188 2029 341 2088 Aristoteli
362 2029 499 2107 amplior,
523 2028 633 2088 iambus
658 2029 807 2089 humanior
826 2028 973 2098 videntum
1001 2039 1059 2089 tro-

57 2113 178 2172 chaeum
200 2122 230 2173 ut
256 2113 337 2171 nimis
362 2121 524 2171 currentem
552 2112 666 2171 damnet
688 2114 773 2190 eique
797 2113 929 2172 cordacis
956 2131 1060 2174 nomen

56 2197 197 2273 imponat;
222 2196 382 2273 eademque
401 2196 496 2255 dicant
514 2194 698 2254 Theodectes
722 2212 758 2254 ac
778 2193 997 2273 Theophrastus
1022 2198 1055 2256 si.-

55 2280 133 2338 milia
149 2289 217 2357 post
233 2296 286 2339 eos
299 2279 538 2339 Halicarnasseus
553 2276 727 2353 Dionysius:
750 2279 910 2356 irrumpent
925 2281 1009 2339 etiam
1025 2279 1102 2343 adeo

55 2363 178 2439 invitos,
198 2382 252 2422 nec
268 2380 385 2440 semper
399 2362 455 2421 illis
472 2361 563 2421 heroo
580 2369 628 2420 aut
644 2378 758 2439 paeone
778 2377 849 2437 suo,
872 2379 974 2440 quem,
994 2363 1060 2440 quia

54 2464 171 2505 versum
188 2463 254 2506 raro
270 2446 355 2522 iacit,
372 2447 493 2504 maxime
510 2444 645 2520 laudant,
662 2446 703 2504 uti
715 2444 824 2504 licebit.
847 2443 885 2504 Ut
897 2446 953 2504 sint
965 2454 1060 2505 tamen

55 2529 118 2589 aliis
142 2529 189 2589 alii
213 2528 394 2604 crebriores,
421 2545 479 2587 uon
501 2527 592 2588 verba
611 2528 735 2604 facient,
757 2545 832 2606 quae
848 2546 943 2606 neque
959 2530 1060 2606 augeri

55 2631 111 2671 neo
126 2614 212 2671 minui
227 2630 282 2671 nec
298 2613 381 2670 sicuti
397 2610 593 2671 modulatione
609 2611 732 2690 produci
747 2621 796 2672 aut
811 2613 919 2690 corripi
935 2614 1058 2690 possint,

54 2695 108 2755 sed
122 2696 319 2754 transmutatio
336 2702 365 2752 et
381 2694 549 2754 collocatio.

141 2776 276 2854 Plerique
295 2779 368 2836 enim
384 2796 421 2837 ex
436 2778 631 2837 commissuris
651 2793 750 2838 eorum
764 2779 813 2839 vel
829 2780 970 2839 divisione
990 2778 1102 2842 liunt9⁰

54 2861 162 2940 pedes;
186 2877 243 2938 quo
265 2859 311 2933 fit,
336 2868 367 2918 ut
388 2860 491 2920 iisdem
505 2859 604 2920 verbis
625 2861 674 2921 alii
689 2870 777 2940 atque
798 2861 846 2922 alii
862 2880 963 2921 versus
981 2862 1058 2940 baut,

53 2954 84 3004 ut
97 2946 209 3003 memini
224 2943 365 3022 quendam
380 2960 438 3002 non
451 2943 608 3020 ignobilem
624 2953 740 3022 poetam
755 2947 794 3004 ita
809 2945 931 3006 lusisse:

138 3026 233 3089 Astra
246 3034 327 3088 tenet
342 3028 475 3103 coelom,
492 3045 579 3089 more
593 3029 727 3104 classes,
749 3047 827 3091 oreo
840 3047 974 3092 mercem.

52 3111 106 3172 llic
117 3122 274 3171 retrorsum
288 3112 318 3171 fit
332 3111 484 3179 sotadeum
502 3112 628 3189 itemque
641 3129 658 3171 e
671 3112 792 3173 sotadeo
805 3122 884 3173 retro
897 3115 1058 3175 trimetros:

236 3195 337 3274 Caput
355 3199 476 3257 emeruit
491 3196 599 3259 mobile
618 3198 711 3274 pinus
728 3199 869 3275 repetito.

51 3278 194 3338 Miscendi
215 3297 286 3357 ergo
312 3289 391 3356 sunt,
416 3279 644 3361 curandumque,
667 3289 698 3340 ut
720 3281 776 3340 siut
792 3281 910 3360 plures,
933 3283 981 3359 qui
997 3280 1096 3360 plo-al

54 3372 136 3438 cent,
161 3373 190 3422 et
211 3363 375 3423 circumfusi
401 3363 486 3423 bonis
507 3363 669 3425 deteriores
690 3364 807 3425 lateant.
849 3362 912 3424 Nec
934 3382 1006 3425 vero
1030 3366 1058 3423 in

53 3445 156 3507 litteris
183 3448 363 3527 syllabisque
391 3456 491 3508 natura
517 3457 654 3524 mutatur,
680 3447 735 3509 sed
760 3448 868 3526 refert,
899 3466 1058 3528 quaecum
