2566 4026
216 148 277 209 216
529 161 893 222 n.rnn.an1nr1n1nn1

216 321 321 394 litas,
338 338 374 377 ne
391 334 487 378 sermo
498 317 642 377 subsultet
659 316 814 396 imparibus
827 319 926 397 spatiis
943 337 978 379 ac
989 321 1080 396 sonis,
1099 322 1235 383 miscens

216 405 304 480 longa
320 402 473 477 brevibus,
491 403 592 479 gravia
608 403 715 477 acutis,
735 402 811 462 elata
827 404 1001 480 summissis,
1021 413 1050 463 et
1065 406 1234 485 inaequali·

215 497 275 547 tate
290 485 392 546 horum
409 488 532 545 omnium
547 487 623 545 sicut
642 487 747 563 pedum
766 485 924 555 claudicet:
949 488 1077 547 secunda
1103 493 1234 550 varie·

172 580 286 646 natas,
306 570 384 649 quod
403 570 497 629 solum
514 578 560 629 est
575 571 779 646 pronuntiatio.
806 569 852 629 Ac
869 574 984 650 nequis
1001 590 1135 649 pugnare
1156 577 1234 634 inter

214 674 247 715 se
264 664 345 734 putet
367 654 572 733 aequalitatem
589 661 617 712 et
631 655 817 731 varietatem,
840 673 902 714 cum
924 655 966 714 illi
988 657 1086 715 virtuti
1111 666 1232 718 contra·

213 741 286 799 rium
306 740 404 798 vitium
424 739 461 797 sit
482 738 691 816 inaequalitas,
718 738 801 814 huic,
831 740 908 817 quod
935 740 1038 799 dicitur
1064 739 1230 817 μονοειδὲς,

215 825 296 901 quasi
312 823 425 901 quidam
440 840 513 880 unus
529 830 676 900 aspectus.
699 821 757 880 Ars
774 840 862 900 porro
878 823 1004 883 variandi
1021 842 1085 883 cum
1103 828 1231 902 gratiam

214 907 336 986 praebet
357 925 392 966 ac
412 914 533 966 renovat
557 923 659 982 aures,
686 914 743 965 tum
760 907 904 967 dicentem
927 909 990 985 ipsa
1006 907 1117 968 laboris
1134 919 1231 970 muta·

213 993 292 1051 tione
312 991 422 1066 reiicit,
444 999 475 1050 ut
494 990 604 1064 standi,
634 989 812 1065 ambulandi,
840 991 977 1066 sedendi,
1006 992 1121 1051 iacendi
1145 995 1232 1053 vices

169 1084 292 1149 45sunt,
321 1074 450 1152 nihilque
475 1091 575 1134 eorum
596 1075 656 1151 pati
677 1093 762 1134 unum
786 1074 833 1133 diu
855 1093 1019 1153 possumus.
1053 1074 1130 1136 Illud
1155 1096 1231 1137 vero

212 1159 379 1234 maximum,
403 1158 472 1236 (sed
493 1158 521 1217 id
542 1157 630 1236 paulo
651 1167 719 1236 post
742 1159 943 1238 tractabimus)
963 1158 1041 1236 quod
1065 1161 1233 1221 secundum

212 1245 353 1302 rationem
379 1260 490 1319 rerum,
518 1242 681 1320 dequibus
705 1242 841 1317 dicimus,
869 1244 1085 1321 animorumque
1110 1244 1231 1304 babitus

213 1326 418 1387 conformanda
433 1343 493 1386 vox
509 1335 563 1402 est,
580 1338 617 1385 ne·
635 1325 670 1386 ab
687 1327 821 1386 oratione
837 1328 994 1388 discordet.
1021 1325 1157 1387 Vitemus
1177 1329 1232 1405 igi·

213 1421 258 1471 tur
273 1410 369 1487 illam,
388 1429 463 1488 quae
482 1409 594 1470 Graece
610 1410 767 1488 μονοτονία
780 1420 917 1487 vocatur,
935 1429 990 1470 una
1005 1411 1149 1489 quaedam
1170 1414 1231 1492 spi·

213 1497 282 1555 ritus
299 1514 333 1556 ac
349 1496 414 1553 soni
429 1495 565 1563 intentic;
591 1512 649 1553 non
666 1494 759 1555 solum
775 1511 811 1553 ue
828 1495 955 1555 dicamus
972 1496 1066 1554 omnia
1083 1495 1231 1573 clamose,

213 1580 291 1658 quod
307 1580 435 1637 insanum
452 1587 511 1654 est,
534 1587 582 1638 aut
597 1580 670 1638 intra
685 1578 825 1656 loquendi
840 1579 969 1652 modum,
989 1578 1066 1656 quod
1081 1588 1164 1638 motu
1183 1598 1232 1640 ca·

212 1672 274 1739 ret,
295 1671 343 1722 aut
357 1663 510 1721 summisso
531 1680 691 1736 murmure,
715 1680 772 1740 quo
791 1665 875 1722 etiam
890 1662 1055 1723 debilitatur
1077 1665 1173 1722 omnis
1189 1666 1231 1723 in-

168 1747 316 1813 ⁴nitendo:
347 1745 400 1805 sed
420 1756 451 1805 ut
474 1747 502 1803 in
523 1746 625 1805 iisdem
648 1746 777 1824 partibus
808 1747 968 1824 iisdemque
995 1746 1149 1805 affectibus
1174 1749 1233 1807 sint

211 1839 307 1890 tamen
329 1829 470 1906 quaedam
490 1846 548 1887 uon
571 1831 610 1890 ita
631 1846 753 1906 magnae
775 1831 859 1889 vocis
885 1829 1114 1906 declinationes,
1138 1840 1232 1909 prout

211 1922 259 1974 aut
282 1911 438 1971 verborum
457 1912 581 1990 dignitas
599 1921 647 1972 aut
662 1914 867 1974 sententiarum
888 1924 989 1974 natura
1006 1923 1054 1973 aut
1076 1912 1231 1992 depositio

211 2005 259 2058 aut
278 1997 406 2074 inceptio
431 2004 479 2055 aut
494 1998 630 2056 transitus
652 1997 828 2075 postulabit:
852 2008 898 2074 ut,
922 1999 970 2077 qui
986 1996 1108 2074 singulis
1124 1999 1230 2076 pinxe-

210 2089 275 2140 rnut
292 2079 458 2157 coloribus,
483 2081 540 2141 alia
557 2090 652 2141 tamen
673 2078 862 2142 eminentiora
886 2082 941 2141 alia
956 2081 1123 2142 reductiora
1144 2082 1229 2143 fece·

210 2172 291 2241 runt,
321 2165 383 2223 sine
409 2182 466 2244 quo
491 2184 528 2225 ne
549 2164 685 2225 membris
715 2166 830 2244 quidem
857 2184 924 2226 suas
949 2164 1040 2225 lineas
1063 2165 1229 2227 dedissent.

167 2255 201 2310 47
209 2250 406 2327 Proponamus
426 2251 500 2309 enim
511 2250 595 2309 nobis
608 2249 679 2310 illud
693 2248 844 2309 Ciceronis
857 2251 885 2308 in
901 2251 1033 2309 oratione
1046 2248 1230 2310 nobilissima

209 2350 264 2414 pro
273 2332 381 2393 Milone
399 2335 587 2413 principium,
604 2351 699 2393 nonne
715 2334 750 2394 ad
765 2333 894 2411 singulas
910 2351 1005 2412 paene
1021 2333 1227 2393 distinctiones

211 2418 340 2496 quamvis
369 2419 397 2476 in
421 2419 523 2478 eadem
546 2418 622 2478 facie
645 2427 741 2477 tamen
763 2420 845 2495 quasi
865 2418 961 2477 vultus
984 2416 1135 2478 mutandus
1163 2428 1229 2478 est:

210 2500 279 2564 Etsi
289 2520 415 2578 uereor,
436 2504 574 2579 iudicer,
596 2522 635 2563 ne
650 2511 739 2581 turpe
754 2504 809 2577 rit,
829 2520 889 2581 pro
904 2502 1070 2579 fortissimo
1089 2503 1160 2563 uiro
1179 2503 1228 2563 di-

167 2592 281 2648 dsscere
294 2587 488 2665 incipientem
503 2588 632 2648 timere?
660 2585 780 2646 Etiamsi
796 2594 858 2645 toto
873 2586 1026 2664 proposito
1045 2594 1229 2645 contractum

211 2679 297 2749 atque
316 2670 507 2746 summissum,
524 2672 590 2747 quia
607 2679 636 2730 et
652 2669 802 2729 exordium
819 2679 864 2730 est
877 2679 906 2728 et
921 2669 1040 2729 solliciti
1055 2670 1227 2729 exordium:

210 2763 305 2813 tamen
321 2753 407 2813 fuerit
422 2772 554 2833 necesse·
567 2763 613 2813 est
626 2754 736 2832 aliquid
753 2754 867 2831 plenius
884 2762 913 2812 et
931 2754 1075 2827 erectius,
1101 2771 1168 2811 cum
1187 2754 1228 2814 di-

210 2839 250 2897 cit
268 2835 329 2898 Pro
347 2838 513 2915 fortissimo
526 2840 609 2914 ciro,
632 2855 716 2916 quam
732 2856 795 2897 cum
811 2835 878 2899 Etsi
890 2857 1000 2900 oereor
1021 2845 1050 2896 et
1069 2834 1176 2914 Turpe
1190 2839 1229 2898 ait

166 2927 239 2983 ditet
257 2920 384 2983 Timere,
413 2921 472 2982 lam
497 2922 625 2982 secunda
645 2923 801 3000 respiratio
819 2924 965 2982 increscat
990 2928 1108 2998 oportet
1130 2930 1161 2980 et
1178 2939 1228 2981 na·

210 3005 293 3065 turali
315 3006 439 3085 quodam
463 3016 584 3082 conatu,
608 3024 665 3085 quo
689 3007 780 3064 minus
796 3007 901 3084 pavide
920 3005 1055 3079 dicimus,
1085 3022 1162 3082 quae
1180 3024 1227 3065 se·

209 3098 349 3168 quuntur‚
374 3098 403 3149 et
421 3091 498 3168 quod
513 3090 680 3167 magnitudo
697 3090 780 3150 animi
796 3089 911 3150 Milonis
930 3089 1108 3149 ostenditur:
1133 3087 1228 3150 Mini-

209 3191 316 3252 meque
339 3175 464 3252 deceot,
486 3194 554 3236 cnm
579 3172 611 3239 Τ.
625 3172 745 3235 Annius
764 3176 831 3254 ipse
845 3176 944 3252 mugio
965 3174 1004 3234 dc
1019 3174 1067 3233 rei
1079 3173 1230 3250 publicae

209 3260 307 3319 salute
330 3274 422 3335 quum
444 3260 483 3320 de
504 3279 563 3320 suu
580 3260 790 3336 perturbetur.
826 3257 940 3317 Deinde
959 3257 1041 3336 quasi
1058 3255 1228 3333 obiurgatio

210 3341 254 3398 sui
277 3350 335 3400 est:
362 3339 412 3402 lile
433 3344 477 3404 acl
500 3345 566 3404 eius
588 3360 716 3404 coneum
734 3360 844 3420 parem
867 3343 962 3403 animi
984 3342 1230 3418 magnitudinem

165 3422 323 3504 abofferre
337 3443 397 3486 uon
413 3443 515 3504 porse.
547 3425 619 3486 Tum
642 3425 844 3486 invidiosiora:
866 3423 979 3487 Temen
998 3425 1075 3485 boec
1090 3427 1166 3486 noui
1180 3428 1229 3486 in-
