2566 4026
215 143 274 207 too
532 152 896 213 u.uaa.oumu1u1au1

167 318 322 378 nocentum
344 318 399 369 est.
447 305 511 366 Nec
531 307 673 366 immerito
697 306 815 366 multum
838 324 875 366 ex
902 306 1050 384 diligentia
1076 310 1219 387 partiendi

211 393 275 454 tulit
291 392 383 453 laudis
397 390 432 465 Q.
449 390 639 465 Hortensius,
664 392 745 450 cuius
766 399 863 450 tamen
881 389 1052 450 divisionem
1067 392 1095 450 in
1111 392 1219 470 digitos

210 476 354 538 diductam
368 490 570 553 nonnunquam
583 471 688 533 Cicero
706 473 811 534 leviter
828 474 927 534 eludit.
956 473 1029 533 llam
1041 484 1087 534 est
1103 493 1171 537 suus
1191 487 1220 537 et

209 561 238 621 in
253 569 339 638 gestu
356 559 469 633 modus,
488 566 519 618 ct
534 555 661 633 vitanda,
680 566 710 617 ut
725 575 800 635 quiae
814 559 948 632 maxime,
972 560 1090 619 concisa
1105 560 1219 621 nimium

166 653 240 711 atet
259 643 341 704 velut
354 642 514 704 articulosa
531 641 658 719 partitio.
688 639 761 701 Nam
776 651 805 701 et
822 643 987 702 auctoritati
1001 641 1154 720 plurimum
1170 644 1219 704 de·

208 726 325 788 trabunt
339 728 446 786 minuta
460 725 512 786 illa
529 742 585 785 nec
601 726 657 785 iam
670 724 797 785 membra
814 725 867 784 sed
882 725 991 801 inusta,
1005 735 1035 785 et
1049 726 1133 786 buius
1154 728 1219 805 glo·

208 813 270 871 riae
293 811 406 888 cupidi,
430 827 488 889 quo
510 808 644 868 subtilius
667 818 696 868 et
719 811 869 887 copiosius
896 809 1031 871 divisisse
1055 811 1219 887 videantur,

209 904 240 956 et
253 910 437 972 supervacua
456 902 603 952 assumunt
618 902 664 967 et,
687 910 761 970 quae
777 901 878 952 natura
892 892 1050 969 singularia
1067 904 1149 970 sunt,
1172 912 1219 954 se·

210 987 294 1053 cant,
316 995 372 1038 nec
393 987 451 1037 tam
470 976 554 1056 plura
573 976 681 1037 faciunt
702 994 785 1054 quam
808 978 934 1045 minora:
962 976 1067 1037 deinde
1091 996 1155 1037 cum
1176 978 1220 1038 le-

210 1070 312 1124 cerunt
336 1062 417 1122 mille
443 1060 618 1138 particulas,
646 1062 674 1122 in
701 1058 822 1120 eandem
846 1059 974 1123 incidunt
999 1059 1218 1138 obscuritatem,

210 1154 310 1207 contra
326 1163 411 1223 quam
427 1145 543 1223 partitio
559 1145 675 1204 inventa
692 1153 747 1203 est.

165 1244 200 1299 aa
293 1227 331 1289 Iit
347 1228 439 1289 divisa
457 1237 557 1303 autem,
569 1237 598 1288 et
613 1227 739 1306 simplex
754 1230 937 1308 propositio,
959 1229 1094 1307 quotiens
1109 1229 1220 1288 utiliter

209 1312 340 1375 adhiberi
353 1321 463 1391 potest,
480 1313 600 1391 primum
612 1311 700 1372 debet
713 1329 780 1371 esse
796 1322 897 1391 aperta
909 1322 996 1391 atque
1011 1312 1122 1387 lucida,
1140 1312 1220 1390 (narn

209 1398 277 1477 quid
293 1398 331 1457 sit
345 1397 469 1474 turpius,
486 1414 571 1475 quam
586 1396 615 1456 id
631 1413 698 1455 esse
714 1395 869 1456 obscurum
883 1399 994 1476 ipsum,
1015 1396 1092 1474 quod
1110 1397 1137 1454 in
1154 1416 1219 1456 eum

210 1481 304 1542 solum
320 1479 474 1541 adhibetur
489 1498 587 1555 usum,
609 1499 645 1539 ne
668 1481 724 1539 sint
746 1488 845 1540 cetera
862 1477 1029 1560 obscurat)
1046 1488 1105 1538 tum
1120 1480 1218 1540 brevis

207 1582 264 1625 nec
281 1563 343 1624 ullo
366 1580 550 1642 supervacuo
574 1573 693 1624 onerata
710 1564 813 1623 verbo.
849 1563 914 1623 Non
932 1566 1023 1640 enim,
1051 1563 1118 1641 quid
1141 1564 1217 1625 dica-

168 1658 287 1724 bimus,
311 1647 380 1723 sed,
406 1647 441 1707 dc
464 1664 521 1725 quo
543 1648 647 1708 dicturi
662 1665 775 1722 sumus,
800 1649 988 1708 ostendimus.
1028 1645 1218 1709 Obtinendum

209 1733 305 1806 etiam,
322 1749 359 1791 ne
376 1732 444 1808 quiid
459 1734 487 1790 in
503 1749 537 1791 ea
555 1731 641 1806 desit,
660 1749 696 1790 ne
712 1732 779 1809 quid
795 1734 932 1810 supersit.
965 1732 1109 1810 Superest
1123 1740 1218 1791 autem

209 1816 254 1875 sio
268 1815 344 1891 lere,
361 1833 425 1875 cum
442 1817 533 1876 autin
555 1816 672 1893 species
688 1816 835 1892 partimur,
858 1815 936 1894 quod
951 1817 979 1874 in
994 1832 1104 1892 genera
1117 1816 1216 1893 partiri

209 1901 247 1958 sit
262 1900 344 1975 satis,
362 1908 410 1958 aut
427 1917 540 1977 genere
554 1901 652 1977 posito
668 1897 817 1959 subiicitur
832 1901 966 1978 species;
981 1908 1012 1958 ut
1029 1899 1055 1957 si
1071 1897 1163 1957 dicam
1180 1897 1216 1957 de

208 1984 332 2058 virtute,
357 1984 480 2059 iustitia,
502 1985 691 2057 continentia,
716 2000 780 2042 cum
799 1985 907 2044 iustitia
928 1992 1015 2061 atque
1040 1983 1216 2041 continentia

166 2068 321 2133 nevirtutis
345 2066 402 2126 sint
425 2069 553 2146 species.
594 2066 712 2127 Partitio
735 2068 826 2144 prima
849 2077 911 2144 est,
936 2066 1004 2145 quid
1022 2068 1074 2140 sit,
1097 2065 1133 2125 de
1157 2082 1214 2143 quo

210 2151 375 2219 conveniat;
404 2152 487 2228 quid,
504 2153 540 2213 de
562 2169 618 2230 quo
640 2150 806 2227 ambigatur.
836 2151 868 2211 ln
892 2168 946 2228 co,
970 2149 1047 2229 quod
1069 2152 1214 2223 convenit,

210 2234 278 2312 quid
297 2234 480 2296 adversarius
498 2236 633 2312 fateatur,
656 2235 723 2314 quid
745 2251 813 2302 nos;
837 2237 865 2294 iu
885 2252 938 2311 eo,
961 2235 996 2294 de
1021 2250 1077 2311 quo
1095 2230 1214 2309 ambigi·

209 2326 270 2393 tur,
293 2336 367 2396 quae
382 2329 500 2381 nostrae
516 2322 746 2400 propositiones,
763 2336 836 2396 quae
852 2320 941 2398 partis
962 2318 1114 2379 adversae.
1145 2316 1214 2376 Pes-

210 2402 310 2463 simum
332 2419 421 2480 vero,
447 2421 504 2465 non
525 2403 628 2465 eodem
649 2403 749 2465 ordine
771 2405 893 2482 exequi,
920 2419 978 2480 quo
1001 2400 1127 2480 quidque
1146 2415 1213 2480 pro-

209 2487 354 2564 posueris.
