2566 4026
198 140 257 204 102
516 152 877 212 rr.nan.on1nr1nmru1

195 309 278 383 dam,
310 309 395 404 eique
421 307 518 367 locum
543 309 571 366 in
600 308 695 368 ethice
723 309 903 388 ccyoliclcm
929 310 1077 386 assignant
1103 309 1198 369 idest

194 414 407 473 rcpcypccrtucv.

170 486 187 538 l
281 475 346 552 Ego
363 476 474 554 (neque
490 476 520 536 id
535 477 597 536 sine
615 476 799 556 auctoribus)
816 479 999 538 materiam
1018 495 1085 537 esse
1102 476 1199 537 rheto-

196 563 272 621 rices
288 559 384 620 iudico
401 577 524 619 omnes
546 578 607 619 res
630 578 868 638 quaecunque
892 562 923 620 ei
946 562 987 622 ad
1009 561 1201 622 dicendum

195 644 387 704 subiectae
410 646 492 703 sint.
522 643 594 703 Nam
607 645 746 705 Socrates
763 644 838 723 apud
851 644 1001 707 Platonem
1016 645 1115 705 dicere
1129 644 1199 705 Gor·

195 730 262 806 giae
277 727 408 803 videtur,
430 745 488 787 non
503 729 531 786 in
545 727 643 787 verbis
661 747 729 788 esse
750 730 898 788 materiam
915 730 969 789 serl
983 731 1012 788 in
1026 729 1125 788 rebus.
1163 728 1200 788 Et

195 814 224 872 in
239 811 371 871 Phaedro
388 811 498 890 palam,
521 829 579 871 non
600 815 628 872 in
649 813 761 872 iudiciis
781 813 867 872 modo
890 821 919 873 et
943 813 1125 873 contionibus
1147 813 1200 879 sel

194 897 226 956 in
245 895 333 955 rebus
355 898 440 955 etiam
461 898 580 974 privatis
605 914 640 956 ac
666 896 833 956 domesticis
854 896 1022 957 rhetoricen
1043 915 1127 972 esse,
1150 897 1199 956 de·

194 987 344 1039 monstrat.
370 979 435 1053 Quo
450 980 631 1040 manifestum
646 990 691 1040 cst
705 980 779 1041 hanc
790 981 955 1058 opinionem
968 982 1059 1059 ipsius
1072 980 1199 1040 Platonis

169 1063 297 1125 ciuisse.
338 1061 375 1122 Et
396 1062 501 1124 Cicero
525 1065 648 1142 quodam
669 1065 736 1125 loco
759 1065 906 1124 materiam
929 1064 1092 1125 rhetorices
1112 1073 1200 1124 vocat

195 1165 261 1223 res,
285 1165 360 1227 quae
381 1148 531 1209 subiectae
553 1149 609 1208 sint
631 1151 674 1224 ei,
697 1149 751 1209 sed
773 1156 868 1209 certas
891 1148 1002 1208 demum
1026 1156 1107 1227 putat
1131 1165 1198 1207 esse

195 1232 353 1292 subiectas.
388 1232 455 1293 Alio
470 1249 543 1292 vero
561 1233 596 1293 de
612 1232 742 1292 omnibus
757 1232 845 1292 rehus
862 1234 970 1292 oratori
985 1231 1137 1293 dicendum
1153 1251 1197 1292 ar·

195 1315 316 1375 hitratur
331 1315 375 1375 his
394 1317 509 1394 quidem
523 1317 636 1377 uerbis:
661 1315 844 1396 Quanquam
862 1319 910 1378 oio
925 1318 1059 1379 oratoris
1075 1317 1198 1395 profec-

194 1403 301 1478 oioquc
314 1401 384 1478 ipsc
403 1402 479 1462 heae
495 1402 620 1462 dicendi
637 1402 693 1463 hoc
709 1402 868 1479 suscipere
883 1419 923 1463 cc
934 1402 1076 1480 polliceri
1090 1402 1198 1462 videa-

196 1493 262 1561 tur,
284 1492 318 1544 att
338 1486 419 1545 omui
432 1487 472 1545 dc
491 1506 543 1561 rc,
567 1502 768 1564 quaecunque
784 1487 824 1545 rit
838 1488 1012 1565 proposito,
1037 1493 1145 1546 ornate
1159 1486 1199 1546 ch

171 1575 231 1631 oco
246 1568 426 1646 copioseque
441 1569 575 1630 dicotur.
608 1568 705 1648 Atque
721 1569 814 1630 adhuc
829 1568 915 1630 alibi:
939 1567 1019 1631 Vero
1033 1570 1113 1631 enirn
1127 1587 1199 1630 oru-

196 1652 271 1726 tort'‚
301 1668 382 1729 puae
404 1662 476 1713 scat
496 1654 528 1713 iu
550 1653 701 1715 hominum
726 1655 806 1731 citu,
836 1654 1084 1732 quondoquidem
1108 1655 1141 1714 ic
1162 1672 1200 1715 cc

194 1743 341 1796 uersatur
356 1746 461 1798 orator
477 1743 570 1815 atquc
590 1756 628 1801 ec
644 1746 688 1800 cut
710 1741 739 1799 ei
757 1739 898 1800 subiecto
919 1741 1079 1813 materies,
1098 1739 1200 1799 omnic

195 1821 354 1965 caprario,
372 1822 498 1898 auditu,
516 1822 613 1899 lectu,
630 1823 804 1902 disputato,
825 1829 978 1898 tractata,
999 1824 1117 1901 opilata
1132 1839 1199 1882 erse

195 1906 234 1965 dc
256 1912 313 1965 eut.

170 1993 186 2049 7
279 1987 359 2048 llanc
376 1996 487 2065 autem,
510 2008 594 2068 quam
614 2008 667 2051 nos
689 1993 836 2052 materiam
858 2006 1014 2066 vocamus,
1035 1989 1063 2050 id
1085 2000 1131 2050 est
1150 2008 1199 2051 res

195 2071 361 2147 subiectas,
386 2071 499 2150 quidam
512 2074 598 2134 modo
615 2075 750 2134 infinitam
764 2074 850 2134 modo
865 2091 923 2134 nou
937 2075 1085 2152 propriam
1101 2074 1199 2134 rheto-

194 2156 274 2214 rices
297 2173 364 2214 esse
381 2156 530 2234 dixerunt,
554 2176 675 2237 eamque
691 2167 782 2218 artem
803 2161 1094 2222 circumcurrentem
1112 2175 1198 2217 uoca-

170 2246 314 2316 averunt,
344 2239 422 2318 quod
445 2243 474 2300 in
499 2243 574 2301 omni
595 2245 714 2304 materia
739 2244 859 2303 diceret.
910 2239 980 2301 Cum
1003 2240 1106 2320 quibus
1132 2241 1200 2300 mihi

195 2324 309 2383 minima
325 2340 422 2402 pugna
440 2334 495 2384 est.
531 2324 604 2387 Nam
625 2328 661 2388 de
681 2328 756 2387 omni
771 2328 891 2388 materia
911 2326 1010 2387 dicere
1031 2343 1094 2386 eam
1107 2325 1199 2386 laten·

195 2416 256 2477 tur;
285 2410 433 2487 propriam
458 2409 568 2470 hahere
594 2413 757 2488 materiam,
782 2413 847 2490 quia
869 2410 1058 2490 multiplicem
1083 2408 1198 2485 haheat,

195 2501 313 2569 negant.
352 2492 412 2553 Sed
437 2512 533 2573 neque
558 2496 666 2557 infinita
688 2506 748 2569 est,
777 2497 888 2558 etiamsi
912 2504 956 2555 est
979 2494 1145 2572 multiplex:
1171 2503 1199 2552 et

196 2575 271 2636 aliae
298 2593 415 2656 quoquc
439 2587 518 2639 artes
545 2582 672 2640 minores
698 2579 806 2640 hahent
829 2578 1017 2657 multiplicem
1038 2579 1196 2650 materiam,

195 2659 276 2721 velut
291 2660 535 2740 architectonice,
554 2682 676 2742 namque
690 2682 724 2724 ea
738 2665 767 2722 in
784 2661 930 2736 omnibus,
947 2677 1022 2739 quae
1038 2668 1103 2717 sunt
1118 2657 1196 2717 aedi·

196 2744 263 2804 licio
279 2745 374 2821 utilia,
391 2757 540 2823 uersatur,
559 2757 587 2807 et
603 2747 760 2822 caelatura,
779 2763 853 2825 quae
869 2761 949 2820 auro,
967 2749 1099 2819 argento,
1116 2759 1196 2815 aere,

171 2829 276 2895 9lerro
304 2846 394 2908 opera
419 2831 519 2891 ellicit.
570 2829 642 2891 Nam
668 2830 817 2908 sculptura
846 2831 931 2888 etiam
957 2826 1082 2903 lignum,
1115 2825 1196 2901 ebur,

195 2930 335 2989 marmor,
357 2915 476 2990 vitrum,
495 2933 641 2992 gemmas,
660 2922 814 2994 praeterea
831 2930 905 2991 quae
925 2909 1101 2989 supradixi,
1121 2927 1198 2970 com·

154 2997 343 3076 loplectitur.
380 2996 484 3078 Neque
505 3000 636 3077 protinus
652 3016 709 3059 nou
729 3005 774 3058 est
793 2997 913 3057 materia
929 2994 1109 3069 rhetorices,
1131 2995 1199 3052 siin

198 3080 299 3141 eadem
313 3091 447 3142 versatur
461 3091 491 3143 et
512 3082 595 3143 alius.
632 3082 704 3143 Nam
718 3084 743 3142 si
764 3098 915 3161 quaeram,
939 3097 1013 3158 quae
1028 3079 1065 3137 sit
1079 3079 1199 3137 materia

197 3167 344 3240 statuarii,
369 3165 482 3227 dicetur
496 3186 574 3235 cco,-
600 3169 626 3227 si
650 3184 803 3246 quaeram,
826 3182 900 3244 quae
921 3165 958 3223 sit
977 3164 1147 3237 excusoris‚
1171 3161 1199 3220 id

198 3256 244 3308 est
262 3247 392 3309 iahricae
414 3253 476 3310 eius
499 3268 582 3330 quam
598 3251 701 3312 Graeci
716 3241 909 3330 χαλκευτικὴν
928 3255 1050 3324 vocant,
1069 3245 1201 3306 similiter

197 3350 335 3393 arcesse
350 3335 557 3412 respondeant.
583 3336 672 3415 Atqui
688 3335 838 3414 plurimum
854 3334 955 3393 statuis
970 3331 1105 3392 differunt
1120 3347 1199 3391 vasa.

156 3425 186 3482 11
197 3412 261 3476 Nec
276 3415 418 3478 medicina
439 3419 507 3479 ideo
524 3436 583 3479 non
605 3421 660 3480 erit
681 3437 743 3504 ars,
765 3418 833 3496 quia
853 3418 951 3477 unctio
975 3425 1004 3476 et
1029 3415 1200 3476 exercitatio
