2566 4026
208 178 267 239 120
289 165 297 192 ⁸
522 191 558 239 rr.
574 189 653 239 ree.
669 190 889 251 Qummranr

202 346 279 405 milia
295 352 361 404 sunt
378 345 428 406 illa
444 362 510 406 meo
528 345 643 423 quidem
660 343 777 421 iudicio,
794 346 823 405 in
841 345 944 424 quibus
958 346 1050 408 rerba
1066 347 1207 411 decenter

203 429 322 508 pudoris
336 431 429 506 gratia
444 429 661 489 subtrahuntur:
869 428 887 461 ⁸

299 509 446 574 Nouimus
460 521 489 576 ct
503 515 557 591 qui
570 521 609 589 te,
625 521 806 574 transverso
822 513 974 574 tuentibus
987 514 1095 592 bircia,

303 592 345 657 Et
358 612 428 674 quo,
443 597 501 658 sed
514 597 625 675 faciles
640 592 800 676 Npmpbue
814 598 924 672 risere,
938 600 1063 661 sacello.

160 680 282 748 oollanc
297 679 411 758 quidam
426 681 614 758 aposiopesin
631 688 745 758 putant,
762 679 878 740 irustra.
909 679 997 757 Nam,
1014 682 1064 742 illa
1081 681 1148 761 qnid
1163 689 1206 741 ta·

203 773 283 839 ceat,
302 765 442 824 incertum
458 772 503 823 est
518 773 566 824 aut
588 772 668 823 certe
685 763 819 841 longiore
835 781 968 824 sermone
991 764 1204 844 explicandum,

202 847 349 908 biennum
368 846 489 907 verbum
512 857 542 908 et
562 847 743 907 manifestum
758 848 891 926 quidem,
912 848 1109 917 desideratum
1129 865 1205 927 qnae

202 933 226 991 si
243 931 428 1010 aposiopesis
445 939 506 1007 est,
526 931 595 991 nihil
612 947 686 1006 non,
705 933 733 990 in
748 947 806 1009 quo
821 931 906 991 deest
921 932 1044 1010 aliquid,
1064 933 1140 992 idem
1155 950 1205 1010 ap-

159 1013 367 1094 61pellabitur.
402 1013 465 1075 Nec
481 1032 538 1093 ego
554 1015 624 1075 illud
649 1014 762 1093 quidem
779 1013 967 1093 aposiopesin
983 1033 1099 1094 semper
1115 1032 1204 1088 voco,

203 1101 232 1158 iu
248 1115 305 1177 quo
324 1117 372 1159 res
389 1116 579 1178 quaecuuque
594 1098 765 1176 relinquitur
786 1098 990 1177 intelligenda,
1015 1108 1047 1159 ut
1067 1117 1162 1179 aeque
1177 1100 1206 1158 in

203 1182 337 1262 epistolis
348 1180 469 1243 Cicero:
484 1180 570 1245 Dato
582 1182 817 1260 Lupercalibus,
833 1198 893 1260 quo
904 1185 956 1245 die
964 1180 1114 1245 Antonius
1126 1181 1205 1245 Cuc-

201 1267 287 1335 sun‘,·
303 1283 360 1325 uon
376 1267 450 1326 enim
466 1265 585 1326 obticuit
599 1275 647 1327 aut
662 1266 740 1342 lusit,
757 1267 824 1344 quia
840 1266 909 1326 nihil
925 1267 972 1326 hio
990 1266 1066 1327 aliud
1079 1266 1204 1342 intelligi

160 1359 317 1429 bapoterat
340 1350 517 1429 quemme,
540 1351 687 1413 diademo
708 1350 859 1429 imposuit.
901 1350 1004 1410 Altera
1024 1359 1070 1410 est
1084 1368 1140 1428 per
1154 1349 1205 1409 de·

202 1435 373 1494 tractionem
394 1435 501 1513 ligura,
524 1434 561 1494 de
586 1452 641 1513 qua
664 1433 750 1493 modo
771 1434 895 1510 dictum,
919 1435 965 1494 oui
986 1435 1205 1494 coniunctiones

203 1519 372 1578 eximuntur.
405 1518 513 1594 Tertia,
533 1535 607 1597 quae
622 1517 726 1578 dicitur
742 1516 979 1597 συνεζευγμένον,
1002 1519 1031 1577 in
1048 1534 1104 1595 qua
1120 1534 1206 1577 unum

203 1602 238 1661 ad
254 1600 374 1660 verbum
389 1601 488 1680 plures
504 1603 664 1661 sententiae
679 1601 858 1676 referuntur,
881 1619 1000 1680 quarum
1014 1617 1205 1679 unaquaeque

203 1683 383 1745 desideraret
398 1685 480 1760 illud,
496 1687 520 1745 si
531 1685 595 1745 sola
610 1694 777 1763 poneretur.
808 1682 840 1744 ld
854 1686 960 1745 accidit
974 1693 1023 1745 aut
1033 1685 1206 1763 praeposito

202 1765 311 1844 verbo,
340 1768 375 1828 ad
397 1768 475 1847 quod
498 1769 611 1848 reliqua
634 1769 805 1847 respiciant:
832 1765 910 1830 Vicit
926 1770 1078 1847 pudorem
1098 1768 1205 1843 libido,

203 1852 339 1912 timorem
355 1853 504 1929 uuduciu,
523 1854 671 1913 rationem
685 1854 840 1920 ementior
862 1860 915 1913 aut
927 1851 1026 1928 illato,
1042 1869 1100 1931 quo
1122 1850 1206 1930 plura

204 1933 370 1995 cluduntur:
399 1932 506 2014 Neque
527 1938 606 1998 euim
629 1938 658 1997 is
679 1955 729 2014 eo,
751 1935 902 2012 Catilina,
926 1945 959 1996 ut
980 1945 1008 1996 te
1028 1943 1084 1997 out
1101 1936 1207 2014 pudor

202 2033 338 2096 uuquam
359 2039 380 2082 o
401 2020 591 2100 turpitudine
611 2028 666 2082 out
686 2028 783 2082 uetur
807 2038 827 2080 u
846 2020 988 2099 periculo
1008 2027 1062 2080 out
1082 2020 1207 2088 ratiou

161 2104 309 2184 dafurore
330 2104 531 2168 recocucecit.
569 2103 693 2164 Medium
718 2121 835 2183 quoque
856 2111 955 2181 potest
971 2120 1055 2178 esse,
1079 2102 1159 2181 quod
1177 2109 1207 2160 et

203 2185 348 2264 prioribus
371 2197 401 2248 et
415 2187 604 2267 sequentibus
618 2187 752 2247 sufficiat.
788 2186 882 2264 Iungit
903 2195 997 2246 autem
1021 2195 1049 2246 et
1071 2186 1206 2245 diversos

204 2288 312 2345 sexus,
336 2280 368 2331 ut
389 2290 452 2332 cum
467 2289 574 2332 marem
595 2272 787 2350 feminamque
802 2269 881 2348 filios
897 2270 1032 2345 dicimus,
1055 2277 1084 2328 et
1107 2271 1205 2346 singu·

161 2354 274 2416 illaria
289 2353 448 2432 pluralibus
464 2358 576 2417 miscet.
611 2354 671 2416 Sed
687 2355 761 2416 haec
776 2354 851 2414 adeo
867 2363 931 2412 sunt
947 2353 1088 2429 vulgaria,
1105 2360 1137 2412 ut
1152 2351 1206 2411 sibi

202 2447 293 2498 artem
309 2438 462 2515 figurarum
478 2457 613 2499 asserere
628 2455 685 2498 non
699 2439 821 2516 possint.
851 2436 926 2497 Illud
939 2437 1025 2515 plane
1040 2436 1133 2514 ligura
1149 2444 1205 2506 est,

204 2539 259 2600 qua
275 2521 390 2584 diversa
405 2525 547 2582 sermonis
563 2523 655 2582 forma
671 2522 867 2599 coniungitur:

534 2605 692 2667 —Sociis
708 2614 792 2681 tuuc,
808 2622 898 2666 urmu
914 2611 1089 2682 capessant,

330 2686 439 2766 Edico,
455 2697 484 2750 ct
499 2691 572 2752 dicu
588 2691 697 2751 bobum
714 2708 783 2750 cum
796 2697 886 2768 pente
897 2689 1078 2766 peccudum.

204 2773 341 2847 Quamvis
354 2773 428 2832 enim
440 2790 507 2850 pars
523 2775 602 2836 bello
615 2773 764 2852 posterior
778 2772 930 2850 participio
946 2771 1073 2829 insistat:
1090 2770 1206 2847 utrique

204 2857 339 2917 convenit
357 2855 427 2916 illud
443 2857 540 2919 edico.
577 2856 643 2916 Non
663 2857 763 2934 otique
783 2855 970 2915 detractionis
991 2854 1084 2931 gratia
1099 2851 1206 2911 iactam

204 2941 435 3000 coniunctionem
455 2941 657 3001 συνοικείωσιν
676 2948 798 3015 vocant,
820 2957 894 3018 quae
922 2935 992 2996 duas
1009 2955 1058 2996 res
1073 2936 1206 2996 diversas

205 3024 341 3101 colligat:
367 3023 441 3085 Tum
463 3025 684 3100 deminuere,
706 3025 788 3102 quod
802 3024 907 3098 babet,
933 3037 1025 3099 quum
1047 3019 1130 3097 quod
1145 3037 1206 3081 nou

161 3108 301 3169 bibubct.
336 3106 409 3167 lluic
429 3107 572 3168 diversam
592 3108 694 3168 volunt
715 3125 782 3168 esse
810 3106 1035 3179 distinctionem,
1059 3104 1106 3164 cui
1138 3102 1207 3163 dant

203 3207 308 3251 nomon
318 3186 571 3272 παραδιαστοιήν,
587 3195 654 3270 quia
665 3191 766 3251 similia
778 3190 992 3250 discernuntur:
1011 3185 1087 3248 Cum
1104 3196 1133 3250 te
1144 3204 1206 3265 pro

203 3280 303 3336 astuto
319 3277 487 3355 sapientem
501 3277 649 3354 appelles,
663 3294 722 3354 pro
739 3273 907 3352 confidente
921 3273 1048 3350 sortem,
1071 3289 1129 3350 pro
1144 3271 1205 3331 illi·

204 3357 303 3419 beruli
318 3359 501 3438 dilipeutem.
532 3358 616 3433 Quod
632 3368 721 3418 totum
736 3357 844 3437 pendet
862 3375 899 3416 ex
916 3357 1060 3430 linitione,
1077 3354 1205 3432 ideoque
1253 3426 1273 3438 .

204 3457 240 3500 an
254 3441 345 3519 ligura
361 3443 398 3502 sit
417 3441 526 3502 dubito.
558 3439 612 3502 Cui
627 3444 770 3503 contraria
788 3449 833 3502 est
848 3459 898 3516 eo,
921 3456 977 3517 qua
998 3439 1029 3498 lit
1045 3456 1083 3497 ex
1098 3439 1204 3498 ricinia
