2566 4026
382 207 819 274 msmonaronmmrma.
1082 203 1123 265 99

118 366 230 443 ltolio,
253 368 282 426 sl
302 367 399 428 omnia
421 365 616 444 respublica
634 367 856 443 stotoqootor:
876 367 917 426 tl.
938 368 1031 447 Tatta,
1048 373 1125 450 quid

118 453 209 531 opis?
238 450 314 511 lllud
327 449 464 509 audacius
476 467 585 526 genus:
611 447 698 521 Quae
712 458 820 527 tecum,
837 450 982 529 Catilina,
998 456 1044 515 oio
1060 459 1124 534 opit

118 546 147 600 et
165 537 387 614 quodammodo
400 536 497 595 tacito
511 535 664 611 loquitor:
687 531 810 595 Nullum
825 538 888 596 iant
904 538 1019 614 aliquot
1033 542 1124 601 onais

115 622 243 701 somnos
257 621 355 680 ectitt‘t
368 619 428 678 nial
437 636 497 698 per
512 626 550 680 te.
579 615 737 677 Commode
753 620 838 678 etiam
853 629 901 679 aut
915 621 1000 680 nobis
1012 621 1167 701 aliquasaa

119 713 184 765 ante
201 703 304 763 oculos
320 720 387 762 esse
403 720 515 778 rerum,
534 718 739 780 personarum,
758 719 862 763 vocum
884 705 1023 782 imagines
1042 706 1124 784 lingi-

117 807 190 864 mus‚
209 796 256 847 aut
272 786 374 846 eadem
390 787 565 846 adversariis
581 795 630 845 aut
651 785 793 846 iudicibus
816 798 873 847 non
890 789 1025 848 accidere
1040 793 1124 850 mira·

116 891 195 933 mur:
212 871 307 949 qualia
326 880 390 930 sunt
411 870 538 931 Videtur
552 871 636 947 mttt,
654 879 683 930 et
698 867 805 932 Nonne
819 873 943 933 uidetur
957 874 1032 935 tibi?
1065 875 1124 935 Sed
1189 880 1192 887 '

116 974 219 1034 magna
236 955 376 1033 quaedam
394 955 438 1013 vis
455 953 640 1032 eloquentiae
663 954 853 1016 desideratur.
894 955 981 1018 Falsa
1002 960 1076 1016 enim
1095 969 1125 1019 et

116 1039 298 1101 incredibilia
311 1047 412 1099 natura
430 1056 555 1099 neeesse
572 1047 677 1098 estant
692 1041 784 1116 magis
798 1050 944 1117 moveant,
958 1042 1025 1119 quia
1036 1060 1125 1121 supra

116 1143 187 1184 vera
210 1132 288 1190 sunt;
318 1132 366 1183 aut
387 1140 441 1201 pro
461 1123 542 1182 vanis
563 1123 758 1200 accipiantur,
785 1127 851 1202 quia
873 1143 944 1184 vera
967 1142 1024 1184 non
1048 1135 1122 1187 sunt.

116 1208 155 1269 Ut
170 1208 246 1268 dicta
261 1215 356 1267 autern
372 1206 512 1284 quaedam
527 1207 566 1267 ita
582 1207 691 1284 scripta
704 1224 821 1284 quoque
839 1209 908 1286 fingi
921 1210 1029 1287 solent,
1046 1211 1167 1288 quotae

116 1293 186 1352 lacit
203 1292 319 1351 Asinius
335 1307 389 1370 pro
405 1290 553 1350 Liburnia:
575 1288 678 1351 Mater
698 1309 785 1367 meo,
808 1309 889 1370 qnae
902 1294 975 1354 milti
989 1302 1051 1355 torn
1068 1315 1123 1355 oo-

116 1377 241 1438 rissimo
264 1386 325 1437 tam
346 1377 526 1437 dolcissimo
544 1375 621 1453 fait,
654 1391 795 1453 quaeqae
822 1378 894 1438 mttt
920 1379 997 1438 oluit
1017 1378 1124 1456 bisque

116 1464 221 1523 codem
234 1462 285 1524 dia
295 1462 388 1521 eitam
401 1461 486 1520 dedit
502 1467 531 1517 et
541 1459 668 1536 reliqua;
681 1459 785 1519 deinde
797 1462 927 1523 anderes
942 1472 1015 1527 aeto.
1043 1460 1124 1522 llaec

116 1563 252 1624 comper
273 1561 306 1603 se
322 1544 413 1620 ligura
434 1552 480 1602 est
495 1553 553 1602 tum
568 1542 747 1621 duplicatur,
770 1546 903 1622 quotiens
927 1547 1002 1605 sicut
1023 1547 1051 1605 in
1068 1546 1124 1606 hao

117 1648 204 1691 causa
224 1629 260 1690 ad
282 1629 467 1688 imitationem
488 1627 606 1687 alterius
632 1629 795 1705 scripturae
818 1632 1009 1709 componitur.
1051 1629 1165 1696 Names

119 1723 219 1775 contra
247 1712 426 1774 recitabatur
447 1720 663 1773 testamentum:
691 1711 725 1772 P.
748 1711 907 1777 Nooont‘ns
929 1714 1045 1791 Gallio,
1073 1715 1125 1776 oni

116 1817 172 1877 epo
186 1800 288 1860 omnio
302 1799 493 1859 meritissimo
507 1799 574 1860 oola
591 1805 620 1858 et
634 1798 730 1858 debeo
752 1816 811 1876 pro
826 1801 893 1860 eloe
912 1801 1008 1860 animi
1026 1801 1059 1860 in
1076 1818 1124 1859 mc

116 1900 235 1944 nonanto
255 1883 427 1958 volontate,
460 1890 490 1941 et
518 1882 640 1942 adiectis
662 1881 802 1962 deinceps
828 1884 910 1960 aliis,
938 1884 1028 1946 berae
1050 1892 1123 1946 cato.

114 1967 219 2045 Incipit
231 1984 298 2026 esse
313 1965 523 2044 quodammodo
535 1959 671 2050 παρῳδή,
688 1968 766 2044 quod
777 1985 882 2027 nomen
896 1968 1012 2028 ductum
1027 1985 1044 2027 a
1057 1985 1124 2027 can-

114 2053 182 2112 ticis
211 2052 245 2111 ad
275 2051 396 2110 aliorum
423 2051 633 2110 similitudinem
656 2050 809 2111 modulatis
834 2052 953 2112 abusive
985 2053 1070 2112 etiam
1095 2053 1124 2110 iu

115 2134 340 2196 versificationis
356 2152 392 2194 ac
408 2151 571 2194 sermonum
593 2136 750 2194 imitatione
767 2145 910 2196 servatur.
940 2136 1000 2196 Sed
1016 2136 1122 2194 formas
1130 2148 1166 2202 36

116 2237 233 2299 quoque
249 2219 381 2297 tingimus
396 2237 503 2297 saepe,
524 2227 555 2277 ut
573 2216 688 2277 Famam
703 2218 869 2294 Vergilius,
891 2228 922 2278 ut
936 2219 1124 2297 Voluptatem

114 2323 151 2365 ae
165 2304 307 2364 Virtutem
323 2301 576 2382 (quemadmodum
588 2320 604 2361 a
614 2300 809 2379 Xenophonte
822 2303 957 2380 traditur)
971 2301 1122 2376 Prodicus,

114 2398 147 2448 ut
161 2387 284 2448 Mortem
299 2405 334 2449 ac
350 2388 463 2463 Vitam,
488 2404 558 2465 quas
575 2385 785 2445 contendentes
802 2387 829 2444 in
845 2386 948 2446 Satura
964 2383 1051 2444 tradit
1065 2382 1122 2444 En-

114 2474 188 2532 nius.
221 2471 275 2533 Est
291 2481 320 2532 et
335 2473 464 2532 incertae
482 2487 627 2550 personae
644 2470 710 2529 licta
728 2471 837 2529 oratio:
864 2467 923 2529 Hic
936 2468 1060 2547 aliquis,
1080 2477 1120 2545 et,
1131 2480 1165 2537 37

113 2555 209 2618 Dicat
225 2557 349 2634 aliquis.
381 2555 434 2615 Est
455 2565 484 2615 et
497 2558 590 2616 iactus
606 2556 668 2615 sine
686 2571 813 2632 persona
832 2570 947 2613 sermo·

169 2640 228 2702 llic
241 2639 391 2720 Dolopum
404 2659 527 2715 monos,
550 2638 600 2699 bio
620 2657 734 2700 eomas
751 2638 895 2700 tendebat
908 2635 1052 2699 Acltt'llea.

115 2725 202 2800 Quod
224 2725 254 2785 lit
275 2726 397 2784 mixtura
412 2724 582 2801 figurarum,
599 2741 662 2783 cum
679 2723 904 2806 προσωποποιΐᾳ
925 2721 1040 2782 accedit
1059 2718 1121 2798 illa,

115 2828 191 2888 quae
219 2819 265 2869 est
290 2810 427 2869 orationis
454 2826 508 2887 per
527 2807 750 2875 detractionem
777 2807 936 2867 detractum
964 2814 1009 2866 est
1037 2805 1122 2880 euim,

116 2895 181 2972 quis
197 2894 318 2953 diceret.
349 2893 480 2952 Vertitur
494 2892 607 2951 interim
621 2895 845 2972 npooomonotlo
866 2890 1041 2969 inspeciem
1058 2905 1123 2947 uar-

115 2976 206 3038 randi.
238 2976 321 3036 Unde
342 2977 416 3055 apud
432 2977 588 3037 historicos
605 2977 788 3054 reperiuntur
811 2975 948 3052 obliquae
971 2973 1124 3033 allocutio·

115 3080 186 3121 nes:
202 3071 234 3121 ut
249 3063 278 3120 iu
293 3059 326 3120 Τ.
342 3060 413 3120 Liuii
430 3061 521 3139 primo
540 3061 635 3120 statim
658 3058 757 3123 Urbes
774 3076 895 3138 quoqne
913 3067 947 3119 nt
964 3065 1069 3119 cetero
1085 3073 1126 3118 ec

114 3145 217 3224 infimo
231 3146 340 3215 nosch
361 3147 489 3222 deinde,
512 3160 591 3223 qnos
605 3163 665 3206 nto
679 3146 778 3207 notos
797 3163 837 3206 oo
852 3143 1034 3216 ditionem,
1057 3158 1123 3201 mo-

113 3248 196 3312 pnos
213 3249 287 3309 opes
300 3229 360 3289 stat
374 3245 577 3309 maqnnmqne
591 3247 699 3291 nomen
713 3228 831 3308 facere.

203 3314 375 3374 Arersus
406 3331 523 3394 quoque
557 3331 573 3373 a
602 3313 727 3373 iudice
757 3328 902 3386 sermo,
941 3309 989 3388 qui
1021 3308 1168 3372 dicturae

116 3388 307 3477 ἀποστροφή,
330 3400 401 3458 mire
418 3407 532 3475 movet,
557 3399 619 3458 sive
642 3397 827 3458 adversarios
844 3393 1017 3454 invadimus:
1042 3390 1126 3466 Quid

116 3483 197 3546 onim
211 3491 281 3544 tons
294 3482 365 3560 ttte,
391 3481 526 3560 Tubero,
549 3483 582 3543 in
596 3483 665 3544 ocia
680 3479 886 3544 Pltoreolico?
907 3496 971 3620 que
991 3477 1027 3538 ad
1044 3477 1125 3536 invo-
