2566 4026
232 174 273 236 92
550 186 912 247 n.ssn.on1nn1n1sn1

233 350 262 402 et
276 343 431 404 revocatio
445 343 541 416 oerbi,
558 348 587 402 et
602 341 667 416 illa,
684 356 764 419 quoe
775 342 913 402 similiter
929 343 1074 403 desinunt
1089 346 1146 403 aut
1161 358 1236 422 quae

233 426 350 488 cadunt
367 426 505 486 sinsiltter
526 432 581 485 aut
608 442 688 502 quae
709 425 843 503 paribus
866 427 964 503 paria
983 427 1167 506 reseruntur
1186 433 1236 488 aut

189 524 313 586 siquae
326 518 397 570 sunt
409 511 491 571 inter
505 527 539 568 se
558 509 681 570 similia.
721 504 779 568 Est
800 509 892 570 etiam
912 510 1059 588 qradatio
1082 510 1237 587 quaedam

231 600 261 653 et
275 595 433 654 conversio
448 599 477 654 et
491 593 652 653 cuborum
668 593 820 653 concinno
835 594 1051 672 transprcssio,
1068 603 1098 654 et
1115 601 1235 656 contra·

230 680 312 739 rium
327 685 356 738 et
371 676 567 752 dissolutum,
585 681 615 737 et
629 673 795 736 declinatio
811 683 841 737 ct
857 677 1065 755 reprehensio,
1084 684 1115 738 et
1132 679 1235 740 eaelo·

230 761 323 820 matio
339 768 369 820 et
382 761 567 828 imminuta·
587 768 616 819 et
642 760 725 835 quod
744 760 777 819 in
794 758 897 820 multis
919 761 1044 821 casibus
1060 761 1192 839 ponitur
1211 767 1239 823 et

231 841 312 920 qaod
326 844 367 903 de
384 844 511 922 sinqulis
527 844 620 904 rebus
636 843 803 921 propositis
817 844 942 905 ductum
962 845 1099 923 refertur
1116 845 1163 905 ad
1175 846 1237 906 sin-

228 926 313 1007 qula,
330 935 360 988 et
376 929 420 988 ad
432 928 624 1006 propositum
637 927 777 988 subiecta
791 928 871 988 ratio
887 929 998 989 etitem
1014 929 1047 988 in
1065 927 1239 990 distributio

188 1012 392 1089 35supposita
417 1012 517 1080 rotio,·
538 1019 567 1072 et
587 1011 749 1089 permissio
771 1019 800 1071 et
819 1029 931 1072 rursus
952 1012 1019 1072 alia
1044 1012 1196 1074 dubitatio
1212 1019 1240 1073 et

230 1095 428 1172 improuisum
443 1093 616 1172 quiddam;
640 1102 670 1155 et
689 1095 893 1156 dinumeratio
916 1104 946 1156 et
961 1095 1026 1156 alia
1043 1097 1198 1158 correctio
1213 1102 1241 1156 et

231 1179 403 1257 dissipatio,
420 1189 449 1240 ct
463 1179 670 1240 continuatum
689 1186 718 1239 et
731 1179 952 1257 interruptum,
976 1187 1006 1240 et
1019 1179 1123 1258 imapo
1139 1188 1168 1240 et
1182 1179 1241 1241 sibi

229 1263 292 1340 ipsi
302 1265 471 1341 responsio,
488 1263 693 1324 etimmutatio
711 1270 739 1323 et
754 1262 927 1339 disiunctio,
944 1272 972 1324 ct
982 1261 1059 1324 ordo
1074 1269 1103 1323 ct
1118 1263 1239 1338 relatio,

189 1355 259 1418 nect
277 1348 427 1427 diqressio
443 1353 472 1408 et
486 1347 740 1422 circumscriptio.
770 1344 858 1407 Haec
877 1348 957 1407 enim
973 1355 1044 1407 sunt
1062 1346 1241 1426 [meatque

231 1431 338 1491 borum
352 1431 466 1492 similia
482 1433 532 1493 oel
542 1432 637 1508 plura
652 1432 744 1490 etiarn
754 1449 821 1491 esse
831 1427 970 1509 possunt,
989 1446 1069 1508 quae
1083 1430 1241 1492 sententiis

231 1515 400 1576 orationem
413 1514 639 1592 verborumque
654 1513 947 1592 conformationibus
960 1515 1139 1575 illuminent.

316 1596 426 1657 Eadem
454 1607 520 1656 sunt
549 1600 577 1656 in
598 1594 722 1656 Oratore
744 1597 866 1675 plurime
893 1615 952 1657 non
973 1599 1068 1657 omnia
1090 1606 1187 1657 tamen
1211 1605 1240 1656 et

231 1681 319 1759 paulo
335 1681 428 1758 magis
444 1681 589 1756 distincta,
614 1683 680 1757 quie
698 1689 765 1759 post
781 1683 920 1742 orationis
939 1690 968 1740 et
984 1682 1193 1741 sententiarum
1208 1681 1238 1740 fi·

230 1782 317 1840 goras
333 1765 448 1823 tertium
471 1763 614 1842 quendam
637 1763 760 1824 subiecit
784 1765 880 1826 locum
902 1766 937 1826 ad
955 1765 1039 1841 alies,
1062 1773 1093 1823 ut
1107 1767 1173 1843 ipse
1190 1765 1237 1840 ait,

189 1849 313 1924 37qnas1’
330 1848 451 1906 virtutes
469 1847 584 1907 dicendi
601 1849 809 1925 pertinentem:
837 1845 877 1909 Et
891 1850 1033 1926 reliquo,
1050 1865 1090 1908 ea
1105 1850 1238 1910 colloca·

231 1933 311 1992 tione
324 1931 488 1992 uerborum
503 1947 585 2009 quoe
598 1939 760 1992 sumuntur
775 1935 867 2009 quasi
880 1935 1007 2009 lumina,
1025 1951 1172 2010 acapnum
1190 1931 1238 2009 af-

228 2015 334 2093 ferunt
350 2024 495 2076 ornatum
518 2016 661 2078 orationi.
699 2015 779 2077 Sunt
793 2017 872 2078 enim
888 2018 1002 2078 similia
1016 2016 1093 2090 illis,
1110 2017 1239 2093 quaein

231 2099 332 2177 amplo
353 2107 464 2160 ornatu
484 2117 599 2161 scenae
618 2106 673 2160 aut
691 2101 754 2179 fori
780 2101 979 2179 appellantur
999 2101 1152 2178 insipnia,
1179 2117 1239 2160 nom

190 2184 305 2259 asquia
319 2185 386 2244 sola
401 2190 509 2245 ornent
522 2184 581 2246 sed
595 2182 677 2261 quod
691 2184 853 2247 excellant.
894 2181 1014 2245 Eadem
1029 2184 1111 2244 ratio
1126 2188 1172 2245 est
1186 2182 1239 2244 ho·

231 2285 310 2344 rum,
327 2282 408 2345 qaae
422 2275 492 2329 sunt
505 2270 654 2330 orationis
669 2269 786 2329 lumino
803 2277 831 2328 et
846 2267 979 2345 quodam
993 2266 1084 2328 modo
1093 2267 1238 2346 insipnio,

232 2371 302 2412 cum
316 2361 371 2413 aut
385 2351 585 2431 duplicantur
599 2355 812 2429 iteranturque
825 2353 922 2413 cerba
937 2359 992 2412 aut
1008 2350 1143 2412 breviter
1158 2367 1239 2411 com-

231 2443 349 2496 mutata
370 2443 543 2514 ponuntur,
572 2443 627 2497 aut
655 2437 695 2497 ab
721 2437 825 2497 eodem
850 2436 944 2495 oerbo
968 2435 1093 2495 duntur
1113 2434 1240 2512 saepius

232 2521 331 2579 oratio
353 2529 408 2580 aut
423 2522 456 2580 in
470 2522 551 2580 idem
574 2520 736 2581 coniicitur
756 2526 811 2580 aut
825 2526 1004 2596 utrumque,
1023 2526 1078 2578 aut
1094 2519 1238 2596 adiunqi-

232 2611 283 2662 tur
303 2605 385 2664 idem
406 2605 550 2665 iteratum
576 2611 630 2664 aut
648 2603 731 2663 idem
750 2603 795 2663 ad
818 2609 987 2663 extremum
1009 2600 1164 2679 refertur,
1186 2605 1240 2661 aut

234 2688 422 2748 continenter
435 2706 529 2748 unum
543 2686 671 2747 verbum
691 2704 752 2747 non
765 2685 798 2745 in
815 2686 923 2747 eadem
938 2685 1087 2745 sententia
1103 2685 1238 2762 ponitur,

190 2779 370 2836 stacteum
386 2772 527 2832 similiter
542 2771 592 2832 uel
606 2770 722 2831 cadunt
737 2769 835 2831 cerba
849 2770 899 2830 ael
916 2770 1079 2838 desinunt,·
1095 2768 1238 2828 autmul·

233 2855 272 2914 tis
288 2856 385 2916 modis
406 2856 571 2916 contrariis
595 2855 698 2916 relata
719 2854 895 2928 contraria,
918 2859 974 2912 aut
996 2870 1065 2912 cum
1080 2853 1240 2930 prodatim

232 2957 356 2999 sursum
370 2957 480 3000 versem
494 2940 633 3014 reditur,
650 2944 704 2998 aut
721 2938 847 2998 demotis
862 2935 1127 2997 coniunctionibus
1142 2935 1240 2995 disso-

232 3024 293 3083 lute
305 3023 401 3101 pluro
421 3023 582 3098 dicuntur,
602 3030 656 3083 aut
680 3040 749 3082 eum
769 3020 889 3097 aliquid
906 3024 1160 3098 praetereuntes,
1183 3035 1240 3079 cur

232 3104 267 3166 id
279 3106 446 3185 sociamus,
462 3107 657 3180 ostendimus,
675 3113 730 3165 cut
741 3122 810 3164 cum
822 3104 1004 3181 corripimus
1018 3104 1238 3180 nosmetipsos,

234 3190 326 3266 quasi
344 3188 618 3269 reprehendentes,
645 3194 700 3248 aut
727 3188 756 3247 si
782 3192 826 3247 est
850 3187 957 3263 aliqua
985 3186 1171 3248 exclamatio
1192 3185 1240 3247 cel

234 3273 450 3334 admirationis
466 3275 515 3335 cel
533 3271 770 3351 conquestionis,
794 3276 848 3330 aut
868 3289 937 3331 curn
959 3271 1094 3330 eiusdem
1110 3269 1240 3332 nominis

192 3363 328 3416 tocasus
360 3359 486 3435 saepius
521 3362 752 3418 commutantur.
803 3352 1030 3414 Sententiarum
1059 3359 1239 3416 ornamenta

235 3455 358 3500 raasora
387 3449 476 3509 sum,-
506 3439 616 3518 quibus
647 3439 720 3516 quio
748 3437 994 3515 frequentissime
1021 3435 1239 3499 Demosthenes
