2566 4026
160 175 219 239 198
479 185 845 245 urucoumrmmm

158 346 244 405 etiarn
262 341 464 419 dignitatibus,
487 349 518 399 ut
544 340 685 400 libertatis
712 348 829 399 nostrae
854 340 929 400 ratic
951 338 1106 416 reddatur,
1135 361 1177 404 ue

158 432 222 508 quis
237 445 291 487 ncs
307 434 355 486 aut
368 425 533 505 petulantes
548 426 577 483 in
598 423 747 484 laedendis
769 425 812 482 eis
834 431 882 482 aut
898 423 982 482 etiam
998 423 1176 485 ambitiosos

157 520 250 592 putet.
288 509 390 588 ltaque
409 506 533 584 Cicero,
557 526 718 586 quanquam
741 516 803 566 erat
820 509 849 566 in
867 504 980 566 Cottam
995 510 1174 583 gravissime

158 597 302 671 dicturus,
324 611 421 672 oeque
439 593 523 652 aliter
540 594 587 669 agi
605 592 635 652 P.
653 590 739 670 Oppii
758 609 845 651 causa
869 600 1000 669 poterat,
1021 592 1112 668 longa
1128 602 1172 654 ta-

116 690 222 745 tamen
236 678 419 758 praelatione
436 678 587 737 excusavit
602 676 693 735 cilicii
704 677 749 735 sui
761 677 978 735 necessitatem.
1001 674 1172 754 Aliquando

157 766 243 824 etiam
264 761 450 822 inferioribus
475 762 694 840 praecipueque
716 759 946 819 adolescentulis
970 776 1096 838 parcere
1122 770 1173 821 aut
1228 814 1231 818 ,

156 847 249 909 videri
264 847 360 907 decet.
392 845 486 905 Utitur
503 845 559 905 bac
574 845 773 904 moderatione
789 840 894 903 Cicero
911 860 965 922 pro
981 841 1082 902 Caelio
1099 862 1173 904 con·

156 942 200 991 tra
215 931 387 1006 Atratinum,
405 938 436 989 ut
451 948 516 988 eum
529 946 586 989 non
598 930 711 989 inimice
729 929 880 1006 corripere
896 927 949 988 sed
964 945 1058 1006 paene
1073 931 1173 1006 patrie

156 1032 275 1075 monere
295 1014 437 1074 videatur.
475 1013 548 1073 Nam
572 1023 601 1073 et
625 1013 730 1073 nobilis
753 1022 783 1073 et
801 1013 913 1073 iuvenis
938 1021 967 1071 et
988 1029 1046 1071 non
1060 1013 1170 1073 iniusto

156 1099 259 1160 dolore
275 1106 396 1159 venerat
412 1097 447 1158 ad
463 1098 665 1159 accusandum.

241 1181 300 1242 Sed
314 1184 343 1241 iu
360 1182 404 1241 his
420 1182 551 1260 quidem,
568 1181 715 1261 inquibus
732 1182 782 1241 vel
797 1181 885 1241 iudici
903 1181 952 1241 vel
972 1182 1057 1241 etiam
1072 1190 1171 1241 astan-

157 1267 232 1327 tibus
258 1267 331 1326 ratic
358 1275 477 1327 nostrae
499 1267 705 1326 moderationis
732 1266 850 1345 probari
872 1266 976 1341 debet,
1005 1265 1099 1324 minor
1123 1274 1172 1324 est

156 1350 255 1420 labor:
273 1350 335 1411 illic
353 1350 418 1428 plus
436 1351 630 1426 difficultatis,
649 1351 698 1410 ubi
712 1353 811 1429 ipsos,
829 1358 930 1410 contra
946 1366 1019 1428 quos
1034 1350 1170 1426 dicimus,

114 1439 147 1496 69
156 1453 291 1495 veremur
305 1435 464 1495 offendere.
492 1434 576 1495 Duae
590 1435 674 1495 simul
688 1434 850 1494 huiusmodi
865 1451 1011 1512 personae
1030 1430 1171 1492 Ciceroni

157 1537 210 1598 pro
226 1519 345 1579 Murena
360 1519 466 1579 dicenti
482 1519 665 1595 obstiterunt,
681 1518 719 1578 M.
734 1515 852 1578 Catonis
864 1519 1017 1596 Serviique
1034 1517 1170 1595 Sulpicii.

158 1602 249 1676 Quam
263 1603 404 1662 decenter
418 1612 512 1662 tamen
527 1603 674 1682 Sulpicio,
694 1621 757 1664 cum
772 1620 872 1662 omnes
891 1604 1091 1662 concessisset
1108 1604 1168 1660 vir-

156 1696 245 1762 tutes,
261 1687 410 1745 scientiam
428 1686 545 1764 petendi
563 1686 729 1746 consulatus
749 1684 876 1746 ademit?
907 1685 982 1759 Quid
998 1687 1073 1745 enim
1089 1685 1170 1746 aliud

157 1777 254 1845 esset,
282 1786 339 1846 quc
366 1787 398 1829 se
420 1772 527 1829 victum
548 1770 634 1830 bomo
663 1770 769 1830 nobilis
792 1781 821 1831 et
844 1772 914 1831 iuris
936 1771 1056 1830 antistes
1073 1772 1169 1846 magis

156 1850 268 1913 lcrret?
301 1852 340 1912 Ut
353 1870 425 1912 vero
442 1855 582 1913 rationem
599 1853 777 1915 defensionis
798 1872 869 1914 suae
888 1853 1029 1930 reddidit,
1054 1872 1118 1913 cum
1133 1872 1169 1912 se

157 1937 303 1995 studuisse
318 1937 449 2015 petitioni
461 1937 583 2015 Sulpicii
596 1947 697 1998 contra
708 1940 849 2000 honorem
861 1938 1009 2014 Murenae,
1021 1955 1079 1997 nco
1090 1938 1169 1996 idem

113 2027 148 2082 ’10
157 2019 266 2079 debere
292 2021 398 2080 actioni
426 2030 526 2080 contra
549 2031 652 2100 caput,
680 2020 813 2082 diceret?
857 2022 949 2096 Quam
969 2022 1051 2081 molli
1071 2030 1169 2082 autem

157 2104 279 2164 articulo
295 2106 429 2165 tractavit
445 2102 606 2166 Catonem?
635 2108 716 2167 cuius
737 2116 866 2167 naturam
885 2124 994 2166 summe
1011 2106 1167 2165 admiratus

155 2204 213 2247 non
227 2189 318 2266 ipsius
333 2190 403 2249 vitio
420 2189 472 2249 sed
488 2191 606 2251 Stoicae
621 2200 721 2252 sectae
736 2191 906 2270 quibusdam
920 2193 949 2250 in
960 2191 1047 2250 rebus
1060 2190 1168 2249 iactam

156 2273 302 2332 duriorem
318 2273 411 2333 videri
428 2273 562 2344 volebat3
584 2285 615 2334 ut
635 2277 711 2335 inter
730 2293 783 2335 ecs
803 2291 861 2334 non
879 2275 1027 2334 sorensem
1045 2281 1165 2333 conten-

113 2364 147 2420 71
154 2358 261 2416 tionem
272 2357 326 2417 sed
344 2359 502 2419 studiosam
517 2358 737 2438 disputationem
753 2358 892 2419 crederes
908 2358 1054 2418 incidisse.
1082 2356 1166 2416 Haec

156 2449 201 2500 est
217 2441 352 2519 proiecto
367 2443 457 2518 ratic,
481 2452 510 2502 et
532 2445 721 2502 certissimum
736 2451 961 2522 praeceptorum
975 2459 1068 2519 genus
1086 2440 1165 2499 illius

154 2525 209 2583 viri
224 2524 410 2600 observatio,
431 2536 478 2602 ut,
502 2545 566 2586 cum
580 2526 687 2605 aliquid
703 2527 857 2587 detrahere
873 2527 954 2587 salva
968 2528 1061 2603 gratia
1077 2522 1165 2600 velis,

155 2608 301 2669 concedas
317 2608 373 2669 alia
389 2611 499 2669 omnia:
522 2611 551 2669 io
570 2610 627 2669 boc
644 2610 709 2670 sclc
723 2610 772 2670 vel
786 2611 877 2668 minus
893 2613 1016 2688 peritum
1035 2626 1120 2688 quam
1136 2610 1166 2667 in

155 2693 279 2768 ceteris,
298 2692 426 2769 adiecta,
449 2695 473 2752 si
494 2695 602 2772 poterit
618 2694 698 2770 lieri,
721 2696 807 2754 etiam
823 2712 925 2770 causa,
945 2712 996 2753 cur
1013 2693 1041 2752 id
1057 2695 1096 2752 ita
1114 2693 1163 2767 sit,

153 2775 202 2835 vel
217 2776 305 2854 paulo
321 2778 544 2855 pertinaciorem
559 2777 607 2837 vel
628 2777 775 2837 credulum
791 2777 841 2836 vel
856 2780 974 2853 iratum,
996 2777 1045 2836 vel
1061 2776 1164 2854 impul·

111 2865 214 2920 itsum
230 2860 265 2919 ab
287 2859 360 2919 aliis.
393 2860 457 2920 Hoc
474 2861 531 2921 illis
554 2878 703 2922 commune
721 2862 879 2924 remedium
902 2870 964 2937 est,
985 2863 1040 2919 nisi
1057 2862 1085 2918 in
1101 2868 1164 2920 tota

153 2945 268 3004 actione
284 2944 447 3022 aequaliter
463 2954 604 3024 appareat
627 2962 685 3004 non
705 2945 800 3005 honor
813 2945 899 3005 modo
916 2944 969 3004 sed
986 2946 1071 3004 etiarn
1089 2945 1163 3002 cari-

153 3035 207 3086 tas.
251 3028 409 3089 Praeterea
431 3046 519 3089 causa
539 3031 577 3088 sit
597 3029 680 3090 uobis
701 3031 776 3090 iusta
796 3031 840 3089 sic
862 3029 993 3106 dicendi,
1014 3045 1110 3105 neque
1134 3028 1164 3087 id

111 3111 302 3174 i3moderate
323 3120 430 3173 tantum
452 3113 590 3174 iaciamus
612 3113 665 3174 sed
687 3115 772 3175 etiam
792 3115 972 3173 necessario.
1008 3112 1163 3172 Diversum

153 3195 188 3254 ab
210 3195 268 3255 hcc
288 3196 341 3257 sed
364 3198 496 3274 facilius,
524 3215 588 3257 cum
609 3197 754 3257 hominurn
775 3207 823 3258 aut
842 3197 951 3275 alioqui
976 3197 1099 3274 turpium
1114 3203 1164 3254 aut

152 3277 236 3337 nobis
258 3281 415 3340 invisorum
436 3281 576 3361 quaedam
600 3282 677 3342 lacta
698 3281 840 3342 laudanda
861 3291 937 3340 sunt.
967 3280 1063 3339 Decet
1086 3279 1162 3338 enim

152 3379 214 3420 rem
228 3363 320 3439 ipsam
335 3365 461 3442 probare
476 3367 505 3424 in
521 3365 712 3445 qualicunque
727 3383 863 3444 persona.
891 3366 971 3425 Dixit
987 3362 1092 3424 Cicero
1107 3380 1163 3440 pro

153 3441 273 3505 Gabinio
290 3455 319 3505 et
336 3447 366 3507 P.
382 3448 508 3527 Vatinio,
525 3451 726 3510 inimicissimis
741 3460 824 3510 antea
840 3449 895 3509 sibi
909 3447 1069 3509 bominibus
1087 3455 1116 3505 et
1135 3447 1164 3504 in
