2566 4026
157 172 218 234 234
471 184 833 244 m.van.ou1nr1n1nn1

155 341 302 401 versarius
319 339 407 406 dicat;
423 347 517 398 tamen
532 338 612 398 velut
627 338 693 399 hnic
709 339 881 399 simulationi
898 341 1052 401 oblivionis
1070 343 1152 419 igno·

156 441 245 484 scam.
280 422 377 483 Debet
397 424 471 482 enim
497 423 590 481 bonus
606 422 763 485 advocatus
785 440 838 502 pro
859 424 904 482 rei
925 423 1019 484 salute
1035 424 1154 485 brevem

155 507 353 585 negligentiae
372 506 631 584 reprehensionem
645 524 702 565 non
718 509 937 585 pertimescere.

114 604 145 655 ll
239 591 401 651 Videndum
427 593 526 666 etiam,
550 591 658 650 simul
680 591 763 651 nobis
785 591 868 669 plura
884 591 1082 668 aggredienda
1098 593 1153 652 sint

155 694 190 735 an
206 674 369 735 amolienda
387 673 547 752 singula.
584 674 669 734 Plura
691 674 774 735 simul
798 675 972 751 invadimus,
994 676 1018 735 si
1034 684 1083 734 aut
1097 685 1154 736 tam

154 760 263 819 infirma
279 766 354 833 sunt,
370 767 401 817 ut
419 759 528 837 pariter
544 758 654 836 impelli
670 759 802 837 possint,
827 767 875 819 aut
890 768 947 818 tarn
962 759 1101 835 molesta,
1125 768 1156 818 ut

155 843 260 921 pedem
285 842 420 902 conferre
442 860 505 904 cum
522 842 643 919 singulis
658 859 716 902 non
732 842 882 921 expediat:
909 851 968 902 tum
994 846 1070 902 enim
1092 851 1155 902 toto

156 943 282 1005 corpore
304 925 490 986 obnitendum
510 935 556 1002 et,
579 935 610 985 ut
631 927 674 985 sic
699 925 836 1001 dixerim,
866 925 976 986 directa
991 927 1088 986 fronte
1104 944 1156 1005 pu·

114 1011 297 1088 regnandum
313 1018 367 1071 est.
409 1009 540 1086 Interim,
567 1011 591 1068 si
614 1009 767 1069 resolvere
787 1029 824 1069 ex
842 1019 925 1087 parte
943 1009 1058 1069 diversa
1079 1010 1156 1070 diota

154 1094 300 1156 difficilius
316 1095 390 1169 erit,
412 1102 512 1154 nostra
534 1102 701 1171 argumenta
723 1112 786 1153 cum
813 1094 1045 1154 adversariorum
1071 1111 1157 1170 argu·

153 1179 256 1238 mentis
280 1178 482 1253 conferemus,
514 1179 538 1236 si
567 1177 653 1237 modo
674 1178 748 1237 baec
771 1187 801 1236 ut
821 1177 982 1237 valentiora
1005 1177 1158 1237 videantur

155 1262 231 1323 ellici
247 1263 364 1340 poterit.
404 1262 486 1335 Quae
506 1278 578 1322 vero
599 1261 681 1321 turba
697 1261 851 1335 valebunt,
876 1262 1037 1323 diducenda
1062 1269 1156 1336 erunt,

154 1355 194 1422 ut,
210 1347 287 1423 quod
303 1346 390 1424 paulo
406 1354 473 1404 ante
498 1345 571 1406 dixi:
595 1343 694 1406 Heres
714 1363 788 1406 eros
809 1355 837 1405 et
849 1362 973 1424 pauper
995 1353 1024 1406 et
1042 1362 1158 1423 mopaa

151 1432 285 1508 pecunia
300 1430 511 1508 appellabaris
526 1449 547 1490 a
562 1429 767 1491 creditoribus
783 1437 811 1490 et
825 1428 999 1511 offenderas
1013 1436 1043 1489 et
1056 1434 1157 1488 muto·

113 1521 253 1577 13tcrom
274 1513 397 1574 tutator
420 1514 592 1574 testamenti
610 1514 742 1574 sciebas.
777 1511 868 1572 Urent
888 1513 1031 1573 universa.
1072 1510 1112 1571 At
1132 1510 1158 1570 si

154 1596 267 1674 singula
291 1613 425 1674 quaeque
448 1595 636 1671 dissolveris,
660 1597 716 1655 iam
734 1595 784 1656 illa
803 1596 930 1672 damma,
953 1613 1028 1674 quae
1051 1611 1157 1672 magna

155 1680 294 1756 congerie
314 1678 511 1755 convaluerat,
528 1679 650 1739 diductis
667 1679 770 1757 quibus
787 1680 929 1753 alebatur,
949 1679 1096 1751 concidet,
1114 1686 1155 1751 ut,

154 1765 178 1822 si
195 1762 244 1821 vel
260 1763 380 1822 maxima
396 1762 510 1823 flumina
528 1764 556 1822 in
571 1764 650 1823 rivos
666 1764 845 1838 diducantur,
862 1762 991 1841 qnalibet
1006 1763 1156 1821 transitum

76 1855 90 1863 ‘
153 1846 303 1925 praebent.
332 1845 433 1923 ltaque
454 1847 617 1925 propositio
639 1864 755 1926 quoque
776 1846 933 1907 secundnm
953 1846 1027 1906 hano
1050 1844 1154 1905 utilita-

153 1939 211 1990 tem
227 1929 500 2006 accommodabitur,
519 1939 549 1990 ut
564 1948 639 1989 nunc
657 1930 769 2007 singula
787 1930 971 1989 ostendamus
987 1947 1062 1987 nnnc
1079 1944 1156 1988 com-

112 2021 146 2076 14
154 2015 316 2093 plectamur
331 2015 476 2072 universa.
512 2013 585 2073 Nam
602 2015 714 2073 interim
731 2014 808 2092 qnod
823 2014 953 2091 pluribus
970 2012 1093 2089 collegit
1108 2011 1155 2071 ad-

153 2098 315 2173 versarius,
341 2106 387 2156 sat
412 2106 457 2157 est
482 2097 574 2157 semel
601 2114 782 2176 proponere;
811 2107 858 2172 ut,
885 2099 908 2155 si
930 2096 1034 2156 multas
1053 2111 1156 2156 causas

154 2181 295 2256 faciendi,
317 2180 421 2258 quibus
443 2183 537 2258 arguit
558 2198 654 2255 reum,
678 2182 756 2242 dicet
784 2189 938 2240 accusator
959 2179 1067 2238 fuisse:
1091 2194 1156 2254 nos,

154 2281 211 2323 non
227 2265 400 2325 enumeratis
418 2265 549 2342 singulis,
566 2264 658 2324 semel
674 2264 731 2324 boc
746 2263 911 2324 intuendum
926 2279 1076 2340 negemus,
1090 2264 1157 2340 quia

154 2366 228 2423 non,
251 2349 380 2427 quisquis
404 2366 519 2408 causam
542 2347 666 2408 faciendi
689 2347 812 2408 sceleris
839 2346 956 2423 babuit,
984 2354 1014 2406 et
1039 2346 1154 2405 iecerit.

112 2439 145 2492 15
154 2433 277 2510 Saepius
295 2441 390 2491 tamen
405 2433 570 2492 accusatori
588 2449 751 2508 congerere
769 2439 955 2508 argumenta,
980 2446 1032 2488 reo
1051 2427 1156 2489 dissol-

152 2534 223 2576 vere
240 2517 387 2594 expediet.

237 2599 270 2660 ld
285 2609 395 2675 autem,
419 2598 497 2677 quod
515 2601 569 2658 erit
586 2598 622 2658 ab
644 2598 812 2658 adversario
828 2598 948 2672 dictum,
974 2596 1154 2674 quomodo

153 2683 272 2743 refutari
289 2682 411 2758 debeat,
436 2680 601 2742 intuendum
616 2690 670 2741 est.
709 2679 780 2740 Nam
806 2682 830 2739 si
853 2683 908 2739 erit
926 2679 1021 2758 palam
1040 2679 1153 2753 falsum,

153 2785 262 2844 negare
279 2768 348 2826 satis
367 2775 427 2841 cst,
444 2776 475 2825 ut
490 2782 543 2843 pro
561 2763 695 2825 Cluentio
713 2762 818 2824 (licero
836 2782 919 2839 eum,
939 2780 1025 2840 quem
1042 2763 1155 2822 dixerat

154 2858 307 2911 accusator
319 2858 407 2927 epoto
420 2848 527 2928 poculo
540 2849 714 2922 concidisse,
726 2857 815 2924 negat
827 2847 930 2907 eodem
943 2846 989 2905 die
1002 2854 1152 2905 mortuum.

113 2933 248 2998 thalam
264 2934 348 2994 etiam
364 2933 507 2993 contraria
528 2941 557 2992 et
573 2949 754 3010 supervacua
779 2940 808 2989 et
832 2930 919 2990 stulta
937 2928 1155 3007 reprehendere

152 3017 259 3077 nullius
277 3025 323 3076 est
344 3017 430 3093 artis,
452 3017 579 3095 ideoque
602 3033 657 3075 noc
677 3017 804 3075 rationes
826 3031 927 3073 eorum
947 3031 1002 3072 nec
1021 3011 1155 3090 exempla

153 3100 269 3161 tradere
284 3118 408 3160 necesse
431 3109 484 3160 est.
521 3099 554 3159 ld
570 3116 703 3178 quoquc,
725 3098 825 3177 (quod
839 3099 1002 3159 abacorum
1027 3097 1154 3174 vocant)

154 3184 231 3262 quod
247 3193 363 3243 secreto
381 3192 410 3243 et
425 3186 487 3243 sine
505 3191 582 3242 teste
598 3191 646 3243 aut
661 3190 830 3260 argumento
847 3181 950 3241 dicitur
965 3179 1089 3255 lactum,
1109 3197 1154 3238 sa·

154 3269 190 3325 tis
205 3276 305 3327 natura
322 3284 374 3327 sua
388 3267 528 3327 infirmum
547 3274 606 3335 est;
628 3265 735 3325 suflicit
758 3265 847 3339 enim,
873 3263 950 3341 quod
969 3263 1155 3322 adversarius

113 3357 211 3413 ltnon
226 3348 342 3428 probat;
361 3352 430 3410 item
446 3352 470 3409 si
487 3350 522 3410 ad
542 3366 657 3408 oausam
673 3365 729 3407 non
745 3349 880 3427 pertinet.
910 3345 964 3406 Est
977 3355 1072 3406 tamen
1089 3363 1153 3406 ora·

153 3434 225 3493 toris
248 3434 361 3493 interim
384 3433 520 3510 efficere,
550 3440 580 3491 ut
609 3430 676 3510 quid
699 3441 747 3492 aut
768 3430 942 3492 contrarium
970 3446 1038 3488 esse
1064 3437 1114 3490 aut
1136 3444 1155 3490 a
