2566 4026
232 188 293 251 236
564 199 928 260 nomannorum

233 374 308 434 quae
323 356 475 416 transferri
490 373 548 415 non
564 363 713 433 poterant,
734 373 834 414 manus
849 356 959 415 iactare
977 366 1010 417 et
1027 359 1144 422 dulces
1161 362 1245 423 excla-

231 442 372 500 mationes
386 440 492 499 theatri
508 456 596 499 causa
610 440 775 518 producere
792 448 821 498 ot
835 438 1032 516 ingrediendo
1044 455 1177 506 ventum
1188 465 1243 508 con·

232 525 332 602 cipere
358 532 442 583 veste
470 532 500 583 et
524 539 725 601 nonnunquam
751 522 854 582 dextro
883 523 978 584 latere
1004 526 1119 589 lacere
1141 539 1243 608 gestus,

231 607 310 685 quod
325 609 467 666 neminem
485 607 571 667 alium
586 608 639 666 nisi
654 606 832 667 Demetrium
850 608 961 678 decuit;
981 627 1121 691 namque
1137 616 1168 674 in
1182 615 1244 674 haec

174 692 325 757 [soomnia
346 699 456 751 statura
478 700 507 750 et
527 692 598 751 mira
623 692 724 769 specie
746 690 949 760 adiuvabatur;
977 693 1067 755 illurn
1092 715 1201 760 cursus
1221 705 1243 757 et

231 775 346 852 agilitas
369 784 398 834 et
418 775 467 835 vel
485 793 585 853 parurn
604 776 779 835 conveniens
797 793 943 854 personae
961 778 1059 855 risus,
1089 799 1182 859 quem
1196 799 1242 841 non

229 860 349 936 ignarus
366 860 485 919 rationis
500 859 612 938 populo
630 858 732 935 dabat,
758 868 787 918 et
810 868 957 920 contracta
975 863 1067 922 etiam
1087 865 1241 925 cervicula.

231 941 377 1021 Quidquid
390 944 492 1003 horum
505 943 580 1003 alter
593 942 725 1020 lecisset,
742 942 940 1003 foedissimum
951 944 1124 1007 videretur.
1154 948 1242 1023 Quare

231 1027 307 1086 norit
323 1044 356 1085 se
372 1029 512 1105 quisque,
534 1045 589 1086 nec
604 1035 712 1086 tantum
727 1045 765 1086 ex
783 1026 980 1087 communibus
996 1034 1182 1111 praeceptis
1199 1032 1242 1092 sed

231 1112 316 1170 etiam
343 1129 382 1170 ex
406 1120 507 1170 natura
532 1128 584 1170 sua
611 1112 706 1188 capiat
733 1111 884 1171 consilium
909 1111 1087 1174 formandae
1112 1117 1241 1177 actionis.

172 1193 333 1273 181Neque
354 1193 426 1255 illud
446 1204 542 1254 tamen
558 1202 603 1253 est
620 1195 718 1270 nelos,
743 1203 774 1254 ut
789 1195 914 1272 aliquem
931 1195 980 1255 vel
998 1201 1102 1259 omnia
1119 1201 1172 1260 vel
1187 1201 1241 1279 plu-

228 1279 299 1337 rima
314 1278 448 1339 deceant.
475 1277 565 1338 Huius
581 1296 699 1357 quoque
714 1279 773 1339 loci
788 1279 917 1339 clausula
931 1281 967 1339 sit
980 1281 1101 1358 eadem,
1120 1302 1242 1344 necesse

229 1371 285 1439 est,
302 1380 378 1440 quae
394 1371 560 1424 ceterorum
575 1371 630 1439 est,
646 1381 771 1441 regnare
786 1364 909 1422 maxime
924 1364 1051 1424 modum.
1083 1366 1157 1426 Non
1174 1370 1242 1428 enin

230 1447 401 1507 comoedum
423 1465 491 1507 esse
509 1446 562 1506 sed
583 1455 729 1507 oratorem
749 1447 828 1507 volo.
867 1446 965 1521 Quare
987 1466 1091 1527 neque
1115 1453 1147 1510 in
1162 1461 1243 1530 gestu

228 1548 441 1608 persequemur
456 1549 557 1591 omnes
573 1532 700 1608 argutias
714 1549 770 1590 nec
784 1533 813 1590 in
827 1530 973 1609 loquendo
990 1531 1242 1612 distinctionibus,

169 1615 419 1692 lgptemporibus,
438 1614 639 1675 allectionibus
654 1615 780 1676 moleste
796 1623 917 1675 utemur.
950 1613 988 1691 Ut
1003 1617 1030 1674 si
1048 1619 1090 1678 sit
1108 1621 1140 1680 in
1156 1636 1242 1681 scena

228 1697 395 1758 dicendum:

292 1779 376 1854 Quid
389 1783 484 1860 igitar
495 1783 636 1862 sociam?
660 1801 721 1843 non
735 1801 819 1856 cam,
836 1801 873 1844 ne
887 1801 972 1843 anno
987 1785 1131 1865 quidem,

292 1863 367 1926 Com
383 1884 528 1927 arcessor
549 1867 649 1928 altro?
675 1884 717 1926 cn
737 1868 840 1943 potine
860 1867 905 1927 ito
919 1885 967 1927 me
983 1886 1183 1950 comparem,

290 1946 359 2010 Non
371 1951 492 2028 perpeti
506 1951 701 2012 meretricum
716 1951 936 2012 contumeliosi

311 2031 365 2093 llic
378 2035 453 2093 enim
468 2032 652 2094 dubitationis
667 2051 776 2112 moras,
791 2035 873 2094 vocis
889 2033 993 2111 flexus,
1008 2038 1111 2098 varias
1126 2058 1239 2118 manus,

228 2115 362 2177 diversos
385 2126 470 2182 nutus
490 2128 573 2179 actor
593 2117 750 2179 adhibebit.
784 2116 872 2179 Aliud
891 2119 984 2177 oratio
1006 2122 1086 2199 sapit
1103 2142 1164 2184 nec
1180 2125 1240 2185 vult

227 2201 341 2261 nimium
360 2221 428 2262 esse
446 2203 571 2264 condita.
601 2203 726 2262 Actione
744 2204 818 2262 enim
841 2211 953 2262 constat
979 2219 1038 2263 non
1061 2206 1237 2269 imitatione.

170 2293 220 2350 183
228 2283 325 2358 Quare
347 2305 405 2347 non
426 2289 567 2348 immerito
585 2286 807 2365 reprehenditur
826 2288 1020 2364 pronuntiatio
1045 2297 1076 2348 et
1098 2291 1239 2355 vultuosa

227 2377 257 2427 et
271 2371 542 2446 gesticulationibus
565 2372 689 2432 molesta
707 2380 736 2430 et
755 2371 838 2430 vocis
853 2370 1058 2430 mutationibus
1074 2375 1236 2436 resultans.

225 2451 289 2512 Nec
306 2454 444 2515 inutiliter
464 2475 501 2517 ex
519 2454 639 2517 Graecis
661 2463 779 2514 veteres
803 2453 1023 2532 transtulerunt,
1048 2458 1133 2534 quod
1148 2459 1187 2520 ab
1204 2460 1236 2519 iis

227 2547 369 2615 sumptum
384 2538 496 2600 Laenas
511 2540 640 2619 Popilius
656 2539 770 2616 posuit,
794 2556 861 2598 esse
879 2538 953 2598 hanc
966 2541 1126 2601 inotiosam
1145 2546 1235 2604 aetio·

170 2621 300 2680 184nem.
332 2621 446 2700 Optime
468 2625 555 2701 igitur
576 2623 668 2698 idem,
694 2623 742 2701 qui
765 2624 873 2698 omnia,
898 2619 1005 2683 Cicero
1022 2635 1235 2707 praeceperat,
1279 2674 1281 2681 .

226 2721 302 2781 quae
318 2723 406 2785 supra
425 2725 462 2766 ex
478 2716 595 2767 oratore
613 2707 715 2785 posui;
743 2705 845 2784 quibus
863 2706 966 2766 slmilia
983 2709 1012 2766 in
1031 2706 1125 2770 Bruto
1142 2711 1181 2771 de
1197 2709 1235 2770 ll.

224 2786 351 2849 Antonio
371 2789 449 2850 dicit.
483 2791 542 2852 Sed
565 2792 620 2851 iam
642 2798 763 2868 recepta
779 2799 824 2849 est
845 2791 920 2850 actio
942 2791 1030 2869 paulo
1047 2795 1191 2868 agitatior
1208 2800 1237 2853 et

225 2873 351 2949 exigitur
373 2883 402 2933 et
425 2874 594 2953 quibusdam
615 2873 744 2953 partibus
767 2875 918 2950 convenit,
944 2876 983 2934 ita
1004 2884 1103 2936 tamen
1123 2887 1234 2958 tempe·

223 2956 328 3033 randa,
346 2976 399 3034 ne,
416 2959 481 3019 dum
499 2961 606 3019 actoris
628 2967 775 3037 captamus
794 2959 984 3036 elegantiam,
1001 2960 1162 3038 perdamus
1180 2960 1234 3022 viri

223 3036 293 3099 boni
308 3049 336 3100 et
351 3043 448 3118 gravis
465 3045 674 3104 auctoritatem.

627 3271 814 3282 ...Μ
