2566 4026
393 204 462 249 mn.
477 198 772 269 x1,³.x11,1—1o.
1027 200 1103 248 xvn

10 406 14 445 3
57 364 155 425 Bamb.
168 378 223 418 sec.
236 379 270 417 m.
286 377 309 416 c.
326 360 408 418 Codd.
423 365 489 431 optt.
503 360 671 424 memoriae;
688 359 720 415 Z.
733 375 786 414 om.
806 388 848 398 -
872 363 934 418 133.
946 358 1106 416 inotiosam.

56 448 155 506 Bomb.
168 463 192 502 c.
206 446 288 502 Codd.
300 450 360 501 vett.
373 460 526 500 mocosam.

465 581 613 638 LIBER
642 582 701 638 XII.

144 696 190 753 Ga
197 715 225 769 p.
250 698 269 751 I.
314 703 340 756 3.
359 697 406 767 qui
422 697 467 752 sit.
489 695 589 753 Bamd.
602 711 629 752 c.
640 695 739 760 Flor.,·
758 696 791 756 Z.
807 699 894 753 incer.
905 697 983 754 mihi.
1002 728 1045 738 -
1061 706 1104 758 11.

56 784 127 840 Nam
138 781 203 852 hoc.
217 781 316 836 Bamb.
326 797 351 837 c.
363 781 461 844 Flor.,·
471 780 503 836 Z.
517 796 569 836 om.
580 779 645 838 hoc.
673 810 709 820 -
732 785 776 839 20.
788 781 909 853 tastIgio.
931 782 1032 839 Bamd.
1048 797 1104 838 sec.

56 885 91 923 m.
103 881 128 921 c.
143 865 225 921 Codd.
239 870 302 936 optt.
309 886 320 928 ,-
331 865 364 920 Z.
377 865 464 936 adjic.
477 863 665 935 eloquentiae.
684 892 727 903 —-
743 881 808 920 nam
820 871 847 920 et
858 867 927 921 iere.
938 866 1038 924 Bamb.
1048 881 1104 922 sec.

56 969 91 1008 m.
103 965 128 1005 c.
139 949 222 1006 Codri.
230 955 294 1020 optt.
301 970 312 1010 ,·
324 949 354 1004 Z.
368 966 421 1005 cm.
434 954 470 1004 et.
484 979 522 990 -
534 953 577 1007 23.
590 949 659 1004 Nec.
670 947 754 1005 codd.
762 955 829 1020 optt.
835 972 846 1013 ;
858 949 891 1006 Z.
904 951 929 1006 N
931 968 976 1006 am
988 968 1049 1007 nec.
1062 979 1104 992 -

56 1039 99 1093 31.
119 1049 218 1089 omnes
237 1038 352 1088 aetates.
374 1032 474 1089 Bamh.
486 1048 541 1088 sec.
556 1050 593 1089 m.
608 1048 634 1088 c.
652 1031 735 1088 codd.
754 1038 836 1105 opti,-
858 1033 890 1090 Z.
910 1036 1000 1090 omnis
1018 1040 1104 1092 aetas.

56 1147 99 1156 -
120 1121 165 1176 32.
180 1116 349 1173 sufficerent.
363 1117 516 1174 Cocidvett.
537 1116 570 1174 Z.
590 1115 762 1175 suffecerim.
781 1145 824 1156 —-
844 1120 952 1189 procul.
964 1118 1064 1176 Bamb.
1079 1135 1104 1175 c.

57 1200 142 1258 Codri.
154 1217 226 1257 omn.
235 1224 244 1263 ,·
254 1201 286 1256 Z.
300 1202 333 1256 dc
347 1201 421 1272 conj.
437 1200 518 1272 Repii
527 1216 655 1273 prorsus.
666 1229 709 1241 -
719 1204 763 1259 43.
775 1206 866 1272 atque.
881 1202 1103 1258 Bamb.c.Codd.

56 1291 135 1347 νοέω
148 1285 181 1340 Ζ.
194 1285 228 1340 de
238 1285 314 1357 conj.
331 1284 427 1356 Spatd.
441 1284 534 1356 idque.

142 1367 187 1423 Ca
194 1386 223 1440 p.
240 1369 274 1424 11.
318 1375 345 1428 3.
365 1385 501 1441 quaeque.
523 1367 622 1425 Bomd.
641 1381 697 1425 sec.
717 1384 752 1424 m.
758 1390 769 1431 ,-
787 1367 818 1424 Ζ.
831 1385 913 1440 quac.
931 1399 974 1408 —
994 1385 1103 1441 parum.

56 1452 102 1508 Sic
113 1452 213 1508 Bomh
221 1469 272 1525 pr.
287 1471 323 1508 m.
336 1470 360 1509 c.
373 1453 458 1510 Codd.
466 1458 548 1524 poelt.
556 1475 567 1516 ,·
587 1451 688 1508 Bamb.
706 1465 763 1508 sec.
780 1469 817 1509 m.
835 1468 859 1510 c.
879 1459 939 1510 vett.
961 1453 1043 1509 Codri.
1056 1469 1104 1524 pa·

57 1553 170 1602 vorem;
188 1537 219 1597 Z.
229 1538 263 1592 de
273 1539 348 1610 conj.
361 1535 459 1608 Spold.
470 1553 600 1609 parvum.
612 1538 714 1594 -’17.
727 1540 754 1589 et
765 1535 850 1607 quod.
864 1537 989 1610 Conjecit
1005 1535 1103 1609 Spald.

62 1621 148 1693 Vulpo
160 1621 222 1677 sed.
235 1621 267 1676 Z.
281 1651 323 1660 —-
340 1625 383 1681 26.
398 1621 509 1677 ducant.
523 1620 605 1676 Codd.
618 1625 678 1678 vett.
685 1643 695 1682 ,·
705 1618 737 1675 Z.
752 1618 864 1676 ducunt.
887 1649 930 1660 —
950 1625 994 1680 31.
1007 1621 1104 1693 cogni·

56 1704 89 1759 tis
100 1735 139 1744 -
148 1704 297 1776 adquierit.
310 1706 344 1760 de
357 1706 432 1778 conj.
440 1727 450 1768 ,·
472 1705 555 1764 Codd.
568 1709 630 1762 cett.
639 1703 704 1776 sere
715 1710 821 1760 tantum
835 1705 911 1777 quod
922 1722 978 1761 non
991 1707 1102 1778 ecgnoti

45 1788 126 1844 :side
139 1790 216 1844 ribus
230 1789 337 1845 adveri.
360 1790 392 1846 Z.
405 1791 439 1845 de
450 1795 500 1847 vet.
511 1789 615 1847 emend.
635 1789 808 1860 Tantumque
832 1806 889 1844 non
907 1791 1034 1862 cognatis
1047 1788 1077 1845 id
1091 1807 1105 1845 e

55 1875 139 1929 rebus
156 1872 302 1928 admoneri
314 1875 391 1929 sciet.

141 1955 219 2029 Gap.
239 1958 288 2017 IV.
332 1964 360 2015 2.
377 1963 424 2013 aut
440 1957 638 2029 judicatorum.
659 1956 759 2012 Bamb.
771 1972 827 2013 sec.
844 1975 880 2014 m.
891 1974 915 2017 c.
927 1958 1011 2016 Codd.
1024 1962 1106 2031 optt.;

54 2041 84 2096 Z.
99 2043 185 2096 inser.
200 2042 292 2097 eham.

140 2124 217 2196 Cap.
242 2127 288 2181 VI.
333 2133 358 2185 l.
380 2125 599 2181 Demosthenen.
622 2122 739 2187 Bamd.;
759 2124 790 2179 Z.
811 2125 1037 2182 Demosthenem.
1062 2153 1105 2166 -

53 2215 78 2267 2.
93 2210 260 2280 ubicunque.
279 2210 377 2266 Bamb.
390 2223 445 2265 sec.
461 2226 497 2268 m.
512 2223 537 2265 c.
551 2207 632 2264 Codd.
649 2212 714 2277 optt.
723 2229 732 2268 ,·
748 2208 780 2263 Z.
794 2209 905 2281 ubique.
921 2238 965 2250 —
981 2214 1008 2269 3.
1021 2208 1104 2264 venia

54 2299 90 2349 ct.
101 2293 201 2349 Bamb.
218 2310 241 2349 c.
255 2294 338 2350 Oodd.
351 2309 440 2355 omn.,·
456 2292 488 2348 Z.
500 2292 534 2346 dc
544 2291 619 2361 conj.
631 2289 738 2346 Bocota·
747 2291 848 2347 veniae
862 2310 938 2363 spes.
958 2321 999 2334 —-
1023 2297 1048 2351 6.
1065 2293 1101 2346 in·

54 2378 149 2448 cipere
163 2394 255 2449 quam.
267 2377 367 2433 Bomb.
380 2393 405 2434 c.
419 2377 513 2446 eodo„
525 2381 556 2430 ut
569 2374 683 2443 videtur,
698 2389 769 2432 omn.
779 2397 789 2437 ,·
799 2374 831 2431 Z.
844 2377 928 2431 incer.
943 2392 969 2432 a.

139 2460 183 2517 Ga
191 2479 219 2533 p.
243 2462 303 2517 VII.
347 2462 373 2518 7.
393 2463 417 2516 N
420 2478 464 2516 am
477 2461 505 2514 in
515 2459 570 2515 hoc
582 2457 743 2513 maximum.
763 2458 862 2514 Bamb.
872 2475 920 2529 pr.
932 2475 968 2513 m.
981 2474 1005 2514 c.
1019 2458 1102 2515 codd.

54 2562 128 2601 omn.
152 2547 318 2613 niaxImum,
338 2560 392 2603 sec.
411 2564 447 2601 m.
460 2561 512 2601 om.
529 2550 556 2599 et
568 2547 635 2614 port
650 2540 736 2611 Nam,
753 2543 832 2615 quod.
852 2543 886 2598 Z.
905 2542 1017 2598 retInuit
1035 2544 1104 2598 sicut

54 2646 196 2701 magnum.

140 2713 217 2785 Cep.
241 2714 313 2768 VIII.
357 2720 384 2772 5.
396 2712 568 2768 mutandum.
584 2710 684 2766 Bamb.
696 2725 720 2766 e.
734 2711 816 2768 Codd.
831 2716 896 2784 optt.
910 2728 962 2767 om.
974 2727 1018 2778 ve,
1031 2710 1104 2782 quod

53 2797 85 2853 Z.
98 2798 211 2870 adjecit.
229 2828 264 2837 —
282 2803 326 2856 13.
340 2815 442 2856 ceram.
455 2797 489 2852 dc
499 2797 575 2868 conj.
588 2794 726 2852 salmasii.
746 2795 828 2852 Oodd.
841 2801 902 2853 vett.
911 2795 975 2868 sere
993 2796 1101 2849 turbata

55 2899 117 2936 cere
132 2884 175 2938 vel
185 2887 269 2938 certe.

140 2966 216 3038 Cap.
239 2966 285 3021 IX.
329 2970 355 3023 4.
384 2965 583 3037 cupidissimis.
609 2964 707 3020 Bamb.
727 2979 751 3022 o.
769 2964 853 3021 Codd.
869 2963 934 3036 sere
950 2979 1039 3024 omn.,·
1067 2962 1098 3017 Z.

53 3053 146 3106 minus
160 3050 281 3121 cupidis.

140 3135 218 3204 Cap.
241 3135 276 3189 X.
320 3139 363 3196 37.
384 3136 515 3191 feramur.
541 3133 641 3192 Bomb.
658 3148 714 3188 ccc.
731 3149 785 3195 m.,·
803 3131 834 3188 Z.
853 3133 983 3187 feremur.
996 3159 1038 3172 —
1053 3132 1096 3187 39.

10 3236 12 3257 =
53 3236 119 3290 quo.
142 3217 241 3275 Bamb.
256 3235 306 3290 pr.
324 3236 360 3276 m.
380 3235 404 3275 c.
425 3219 507 3277 codd.
522 3223 623 3289 postt.;
644 3217 676 3274 Z.
694 3216 778 3289 quod.
800 3245 842 3255 -
862 3221 905 3273 40.
920 3215 1042 3288 nihilque
1062 3219 1097 3269 et.

52 3301 153 3358 Bamb.
164 3315 219 3357 sec.
232 3319 267 3358 m.
279 3317 305 3358 c.
318 3302 400 3359 Codri.
419 3308 471 3360 cett
486 3325 496 3365 ;
514 3302 545 3356 Z.
558 3318 608 3357 om.
629 3307 664 3356 et.
685 3328 728 3342 -
746 3305 789 3359 44.
804 3306 830 3354 et
842 3300 917 3356 idem
927 3303 1096 3356 -servaut

54 3387 211 3457 Cocidoptt.
217 3387 282 3457 fere
293 3392 319 3439 et
331 3386 404 3441 idem
417 3387 524 3441 omines
537 3387 605 3441 alter
618 3385 718 3440 decere
727 3386 880 3440 allocantur
895 3389 921 3438 et
934 3385 1053 3439 salvant.
1063 3381 1095 3440 Z.

53 3499 95 3511 --
112 3475 156 3529 46.
176 3487 267 3543 neque
291 3469 364 3524 enim
383 3485 448 3527 non.
477 3468 604 3526 Additum
622 3477 728 3524 estnon
740 3469 773 3523 dc
792 3471 865 3541 conj.
878 3469 1047 3525 Buttmanni.
1064 3466 1100 3524 Ζ.

95 3572 124 3609 u.
139 3572 162 3609 r.
180 3571 292 3619 oumrrr.
305 3554 339 3611 II.
871 3555 888 3608 b
