2566 4026
374 188 464 236 mor.
479 187 629 235 onnron.
642 137 712 234 nm:
724 188 774 249 111,
786 186 812 240 o.
831 186 857 241 r.
1062 178 1119 241 131

113 345 223 406 redire
239 346 350 410 liccam
372 343 461 404 heres
474 362 551 406 sum.
594 341 673 401 Idem
688 351 790 419 status,
807 346 855 422 qui
872 347 901 404 in
915 347 1056 424 petitione
1070 347 1120 407 ab·

113 430 219 496 dicati;
257 429 404 506 quaeritur
426 427 517 501 eninr,
550 445 593 486 aa
614 428 711 504 poscit
734 445 801 488 esse
826 429 916 490 heres
945 432 1119 493 addicatur.

115 511 260 572 Obiicitur
280 513 468 570 communiter
494 528 510 570 a
535 509 663 585 duobus,
692 509 809 573 Redire
831 513 885 573 titt
903 515 935 573 in
954 515 1104 591 familiam
1112 528 1164 580 tot

113 616 176 658 nou
193 598 273 671 licet,
289 614 351 656 oon
365 596 444 656 enim
459 603 553 673 poter
566 596 633 655 one
646 594 753 655 liberis
767 596 908 657 decessit.
945 598 1004 658 Sed
1019 600 1048 657 in
1063 599 1121 660 hoc

115 682 237 759 propria
254 682 378 757 quisque
394 696 493 738 eorum
511 680 683 756 quaestione
698 680 813 738 nitetur.
846 677 931 740 Alter
943 683 1017 740 enim
1031 682 1119 759 dicet,

115 764 281 824 abdicatum
302 781 419 841 quoque
440 765 516 822 inter
532 762 643 823 liberos
661 780 746 837 esse,
770 772 799 822 et
822 775 1019 840 argumentum
1034 765 1121 826 ducet

114 867 155 908 ex
170 850 251 926 ipsa,
269 866 325 926 qua
340 846 509 925 repellitur,
529 846 612 923 lege;
630 864 840 924 sapervacuum
856 850 930 907 enirn
946 849 1037 908 luisse
1053 867 1120 928 pro-

114 932 210 992 hiberi
227 934 317 1010 patris
338 932 422 991 bonis
445 930 625 1005 abdicatum,
650 932 675 989 si
700 940 782 990 esset
804 950 923 992 numero
946 933 1120 1002 alienorum;

115 1034 193 1076 nunc
209 1017 276 1095 quia
291 1014 342 1075 lilii
358 1017 420 1074 iure
437 1015 550 1074 futurus
572 1014 658 1073 fuerit
679 1016 807 1075 intestati
828 1015 933 1092 heres,
956 1020 1122 1096 oppositam

116 1118 186 1160 esse
202 1100 317 1177 legem,
340 1117 414 1176 quae
434 1108 530 1158 tamen
547 1115 604 1157 non
619 1099 648 1158 id
664 1098 787 1175 efficiat,
809 1118 845 1159 ne
864 1100 940 1160 lilius
956 1103 994 1160 sit
1015 1102 1120 1162 sedne

115 1185 215 1244 heres.
247 1185 344 1243 Status
362 1184 498 1258 finitivus,
516 1181 598 1256 Quid
612 1185 653 1244 sit
663 1183 768 1260 lilios?
799 1181 910 1242 Rursus
926 1185 1031 1245 nothus
1049 1187 1164 1248 eis-103

116 1268 183 1327 dem
199 1267 312 1345 colligit
327 1269 520 1344 argumentis,
547 1284 605 1326 non
620 1269 683 1325 sine
699 1266 799 1326 liberis
815 1277 925 1345 patrem
943 1269 1121 1344 decessisse,

117 1351 221 1430 quihus
237 1354 266 1411 in
282 1353 422 1429 petitione
438 1369 507 1411 usus
526 1361 581 1427 est,
597 1359 628 1410 ut
645 1350 784 1428 probaret
801 1370 915 1412 essese
930 1353 1027 1412 filium.
1058 1353 1121 1427 Nisi

116 1437 194 1496 forte
211 1445 240 1494 et
255 1435 303 1496 hic
321 1436 477 1495 linitionem
493 1445 607 1508 movet,
629 1433 678 1495 Aa
697 1436 788 1496 liberi
807 1437 867 1496 mat
888 1439 978 1498 etiam
998 1456 1059 1498 oca
1078 1440 1121 1499 le-

114 1521 213 1598 pitimi
219 1521 234 1578 1²
266 1515 377 1579 Cadent
400 1536 473 1597 ergo
495 1522 524 1579 in
547 1537 631 1579 unam
647 1521 875 1579 controversiam
889 1521 938 1580 vel
953 1521 1122 1598 specialiter

117 1605 175 1664 duo
204 1603 325 1680 legitimi
352 1613 442 1663 status
470 1606 570 1682 scripti
597 1613 627 1662 et
652 1604 808 1663 voluntatis
831 1612 861 1664 et
882 1604 1070 1682 syllogismos
1093 1615 1123 1665 et

118 1697 272 1765 praeterea
287 1687 388 1762 linitio,
406 1687 455 1747 vel
471 1697 532 1747 tres
546 1686 600 1761 illi,
618 1689 667 1766 qut
682 1697 782 1748 natura
794 1688 850 1748 soli
861 1698 936 1764 sunt,
954 1692 1122 1749 coniectura

117 1773 271 1849 inscripto
288 1780 318 1831 et
335 1771 497 1847 voluntate,
518 1772 641 1850 qualitas
658 1774 686 1831 in
702 1772 894 1848 syllogismo,
912 1781 957 1848 et,
975 1791 1050 1851 quae
1068 1792 1121 1852 per

119 1873 151 1913 se
168 1864 213 1914 est
230 1864 348 1932 aperta,
367 1856 468 1914 linitio.

204 1937 298 1998 Causa
311 1956 428 2017 quoque
444 1948 474 1998 et
487 1939 624 2000 iudicatio
641 1949 670 1999 et
684 1942 834 2000 continens
858 1949 902 1999 est
918 1941 946 1998 in
962 1942 1037 2000 omni
1052 1958 1103 2016 ge·
1112 1949 1165 2004 104

117 2041 188 2084 nere
204 2040 363 2083 causarum.
395 2022 472 2082 Nihil
490 2025 565 2082 enim
576 2025 690 2100 dicitur,
709 2026 755 2084 cui
769 2041 827 2083 non
841 2025 908 2083 insit
924 2026 997 2083 ratio
1017 2033 1046 2083 et
1064 2040 1120 2102 quo

117 2106 251 2168 iudicium
267 2106 411 2166 referatur
427 2116 456 2166 et
472 2107 550 2185 quod
571 2125 632 2166 rem
649 2111 771 2168 maxime
788 2110 943 2168 contineat.
980 2108 1040 2168 Sed
1055 2109 1121 2185 quia

118 2194 209 2269 magis
234 2190 308 2251 haec
336 2193 483 2250 variantur
503 2192 532 2250 in
556 2190 652 2251 litibus
678 2202 707 2251 et
728 2193 792 2252 lere
811 2192 915 2253 tradita
933 2202 998 2252 sunt
1020 2192 1120 2268 abiis,

118 2277 166 2353 qui
182 2275 219 2334 de
236 2274 418 2336 iudicialibus
435 2277 530 2334 causis
549 2275 646 2352 aliqua
663 2285 898 2355 composuerunt,
917 2277 946 2334 in
961 2277 1040 2338 illam
1055 2294 1121 2354 par-

118 2368 175 2418 tem
195 2359 372 2418 differantur.
405 2357 498 2434 Nunc,
521 2360 586 2436 quia
602 2361 630 2417 in
646 2361 699 2417 tria
714 2377 824 2436 genera
841 2376 946 2419 causas
959 2361 1055 2434 divisi,
1075 2375 1120 2418 or-

118 2442 213 2502 dinem
229 2460 345 2519 sequar.

356 2595 399 2644 ltu
418 2595 529 2645 LAUDE
549 2595 589 2642 ET
609 2592 882 2647 VlTUPERATIONE.

201 2692 265 2753 Vll.
297 2691 341 2751 Ac
358 2693 537 2770 potissimum
552 2691 686 2768 incipiam
703 2690 738 2750 ab
756 2709 807 2764 ea,
825 2707 899 2769 quae
916 2697 1029 2748 constat
1045 2688 1122 2748 lau-

118 2775 158 2834 de
181 2794 216 2836 ac
241 2777 537 2854 vituperatione.
576 2772 661 2847 Quod
688 2793 781 2851 genus
809 2773 923 2834 ridetur
943 2772 1122 2832 Aristoteles

117 2869 205 2938 atque
227 2878 292 2918 eum
312 2868 430 2919 secutus
449 2857 669 2936 Theophrastus
688 2867 803 2936 aparte
819 2857 976 2935 negotiali,
1000 2856 1058 2916 hoc
1077 2866 1122 2916 est

116 2947 316 3025 πραγματικῇ,
324 2943 488 3003 removisse
499 2950 647 3020 totamque
656 2941 692 3001 ad
704 2942 786 3002 solos
798 2944 945 3004 auditores
957 2940 1121 3018 relegasse,

119 3037 148 3086 et
168 3027 196 3086 ld
218 3029 280 3087 eius
298 3029 438 3102 nominis,
463 3028 540 3105 quod
562 3026 598 3086 ab
617 3029 811 3087 ostentatione
826 3025 949 3100 ducitur,
973 3026 1122 3103 proprium

117 3120 171 3171 est.
205 3111 264 3171 Sed
285 3129 348 3170 mos
366 3109 513 3171 Romanus
536 3113 621 3171 etiam
643 3112 769 3188 negotiis
791 3111 849 3171 hoc
869 3127 969 3169 munus
989 3111 1149 3170 inseruit.2

115 3193 188 3254 Nam
211 3204 239 3254 et
263 3194 402 3254 funebres
425 3194 606 3255 laudationes
627 3197 755 3274 pendent
776 3194 946 3273 frequenter
966 3211 1004 3253 ex
1022 3193 1120 3273 aliquo

115 3277 236 3357 publico
252 3279 351 3339 ollicio
368 3289 455 3357 atque
472 3296 510 3339 ex
525 3279 778 3340 senatusconsulto
798 3277 1013 3356 magistratibus
1030 3295 1122 3356 saepe

114 3362 302 3440 mandantur,
319 3371 349 3423 et
365 3362 484 3423 laudare
501 3372 605 3424 testem
619 3363 668 3423 rel
685 3371 785 3423 contra
803 3363 930 3441 pertinet
945 3362 981 3424 ad
994 3379 1121 3422 momen-

115 3454 176 3506 tum
199 3446 387 3524 iudiciorum,
410 3455 439 3505 et
454 3447 524 3524 ipsis
542 3449 626 3507 etiam
643 3448 702 3506 reis
719 3446 788 3506 dare
805 3445 972 3590 laudatogep
989 3445 1075 3517 licet,
1091 3453 1122 3505 et
