2566 4026
212 181 270 244 tm
445 183 450 193 '
520 193 903 253 m.mmommmmm

208 349 349 426 mirabor,
366 349 482 409 latinos
495 349 586 424 magis
603 347 757 408 indulsisse
774 349 977 427 compositioni
995 366 1079 426 quam
1090 346 1220 426 Atticos,

122 483 125 488 .
151 442 202 500 146
210 452 266 513 quo
283 436 374 493 minus
392 435 420 492 in
435 432 533 492 verbis
551 431 675 491 habeant
688 432 836 490 varietatis
853 440 883 490 et
898 435 1025 509 gratiam
1044 450 1100 491 nec
1119 433 1219 492 vitium

210 519 348 593 dixerim,
365 519 389 577 si
405 515 510 577 Cicero
528 534 543 575 a
558 515 758 575 Demosthene
774 514 890 593 paulum
906 518 933 574 in
949 517 1003 576 hae
1020 524 1104 595 parte
1123 515 1220 576 desci-

209 603 259 660 vit.
305 602 364 662 Sed
380 619 454 679 quae
470 597 683 660 sit'dillerentia
698 601 790 657 nostri
807 597 970 679 Graecique
984 601 1144 675 sermonis,
1170 617 1218 658 ex·

209 684 329 763 plicabit
345 702 469 744 summus
484 683 568 744 liber.

293 767 473 846 Compositio
487 768 566 846 (nam
578 768 663 827 linem
673 768 823 845 imponere
836 784 959 844 egresso
971 768 1144 828 destinatum
1159 786 1219 829 mo·

210 853 276 912 dum
296 853 433 912 volumini
456 852 579 931 festino)
598 849 687 910 debet
705 868 773 910 esse
795 850 935 927 honesta,
963 851 1103 927 iucunda,
1127 855 1218 912 varia.

151 935 279 999 latitius
297 945 357 996 tres
373 945 471 1014 partes
488 935 578 1011 ordo,
596 936 777 1011 coniunctio,
800 953 945 995 numerus.
991 936 1076 995 Ratio
1094 938 1123 995 in
1140 937 1218 997 adie-

209 1021 322 1097 ctione,
342 1019 540 1096 detractione,
557 1021 729 1088 mutatione;
750 1037 819 1078 usus
833 1037 887 1098 pro
904 1029 1003 1080 natura
1017 1038 1130 1096 rerum,
1147 1039 1219 1098 quas

208 1103 343 1163 dicimus:
367 1122 436 1164 cura
452 1121 571 1180 magna,
588 1112 619 1162 ut
633 1103 776 1164 sentiendi
794 1112 880 1181 atque
895 1105 1052 1183 eloquendi
1069 1105 1150 1182 prior
1166 1106 1218 1173 sit;

193 1186 398 1247 dissimulatio
418 1206 505 1248 curae
522 1184 696 1265 praecipua,
717 1196 748 1247 ut
768 1190 878 1246 numeri
894 1197 998 1266 sponte
1017 1188 1137 1247 duxisse
1160 1205 1218 1247 non

209 1273 342 1330 arcessiti
360 1280 388 1331 et
404 1273 499 1332 coacti
515 1288 582 1330 esse
602 1271 763 1331 videantur.
809 1278 812 1283 ’

565 1475 839 1484 ffl——a

553 1629 757 1694 ‘LIBER
796 1630 841 1694 X.

207 1760 283 1810 Libro
302 1760 399 1810 decimo
418 1760 480 1811 haec
499 1761 670 1810 continentur:
691 1761 729 1810 De
741 1761 816 1825 eopia
827 1759 972 1812 verborum.
1011 1758 1081 1817 Quae
1095 1758 1216 1825 legenda.

241 1827 289 1886 Qui
308 1827 461 1879 Graecorum
484 1830 595 1880 maxime
618 1829 730 1894 legendi.
772 1828 820 1887 Qui
841 1829 1022 1878 Romanorum.
1069 1828 1107 1877 De
1131 1828 1216 1878 imita-

240 1896 320 1950 tione.
347 1897 478 1956 Quomodo
497 1897 668 1950 scribendum.
699 1897 830 1955 Quomodo
849 1896 1043 1947 emendandum.
1075 1895 1146 1954 Quae
1164 1911 1218 1947 mc-

165 2000 168 2004 -
241 1965 310 2014 xime
327 1965 470 2018 scribenda.
506 1967 543 2016 De
561 1968 723 2032 cogitatione.
760 1966 891 2026 Quomodo
910 1963 1091 2030 extemporalis
1106 1964 1217 2016 facilites

241 2040 346 2099 paretur
363 2041 388 2085 et
407 2036 572 2086 contineatur.

469 2162 475 2171 '
530 2188 573 2238 nu
594 2186 691 2238 corun
708 2184 899 2239 vunoonuu.

269 2302 292 2362 Ι.
315 2283 377 2364 Seu
396 2300 470 2360 haec
492 2300 648 2378 eloquendi
670 2307 847 2378 praecepta,
875 2298 950 2356 siout
975 2297 1133 2373 cognitioni
1154 2305 1218 2356 sunt

208 2386 390 2461 necessaria,
409 2384 447 2443 ita
464 2386 602 2445 nonsatis
615 2384 650 2443 ad
662 2385 719 2442 vim
735 2381 849 2442 dicendi
864 2381 978 2457 valent,
995 2382 1049 2440 nisi
1065 2380 1123 2439 illis
1139 2380 1218 2440 firma

207 2471 346 2549 quaedam
359 2467 501 2543 facilitas,
519 2486 594 2545 quae
610 2467 686 2545 apud
702 2465 831 2527 Graecus
848 2461 905 2538 ἕξις
920 2465 1098 2539 nominatur,
1115 2481 1216 2525 acees-

207 2555 292 2622 serit;
327 2554 362 2614 ad
384 2569 469 2630 quam
491 2550 647 2611 scribendo
668 2550 734 2629 plus
753 2567 789 2608 an
804 2549 930 2626 legendo
953 2566 989 2608 an
1004 2547 1128 2608 diceudo
1150 2565 1217 2608 con·

206 2637 331 2712 feratur,
352 2635 451 2696 solere
467 2636 567 2714 quaeri
583 2637 656 2694 scio.
703 2632 788 2707 Quod
807 2641 887 2692 esset
902 2631 1034 2709 diligenti
1048 2630 1133 2690 nobis
1151 2650 1219 2692 exa-

105 2722 107 2728 '
206 2720 369 2780 minandum
390 2737 474 2794 eura,
495 2720 519 2778 si
538 2719 668 2796 qualibet
684 2735 783 2777 earum
798 2734 895 2776 rerum
910 2733 1064 2793 possemus
1078 2734 1135 2776 una
1152 2732 1219 2775 esse

178 2806 345 2866 icontenti.
388 2800 498 2862 Verum
523 2804 562 2863 ita
593 2811 658 2862 sunt
686 2804 761 2860 inter
783 2820 816 2861 se
847 2817 979 2860 connexa
1006 2809 1035 2860 et
1062 2799 1220 2860 indiscreta

207 2889 318 2966 omnia,
334 2896 381 2963 ut,
397 2889 422 2946 si
438 2887 505 2964 quid
521 2905 558 2946 ex
572 2887 616 2946 his
633 2886 774 2961 deluerit,
794 2885 901 2945 frustra
916 2885 954 2943 sit
968 2885 997 2943 iu
1013 2884 1120 2943 ceteris
1138 2882 1220 2943 labo·

205 2980 306 3031 ratum.
352 2969 424 3030 Nam
447 2989 543 3048 neque
558 2971 653 3032 solida
670 2979 757 3048 atque
773 2969 893 3029 robusta
910 2968 997 3028 fuerit
1018 2984 1142 3046 unquam
1159 2966 1207 3027 elo

207 3057 343 3134 quentia,
369 3055 424 3113 nisi
447 3055 536 3115 multo
558 3057 626 3115 stilo
649 3056 727 3114 vires
747 3054 909 3131 acceperit;
938 3062 967 3112 et
992 3053 1063 3111 citra
1084 3050 1220 3110 lectionis

208 3139 372 3218 exemplum
391 3137 475 3199 labor
498 3139 549 3199 ille
575 3157 679 3199 carens
704 3147 821 3198 rectore
836 3137 906 3196 duit.
946 3134 1001 3209 Qui
1018 3143 1114 3195 autem
1134 3136 1219 3210 sciet,

208 3239 265 3300 quo
282 3241 415 3302 quaeque
437 3223 493 3282 siut
507 3223 594 3282 modo
610 3222 749 3297 dicenda,
772 3223 826 3281 nisi
842 3230 937 3281 tamen
956 3220 985 3278 in
1001 3219 1155 3298 procinctu
1170 3236 1219 3297 pa·

208 3314 355 3384 ratamque
371 3307 407 3366 ad
423 3323 524 3366 omnes
548 3324 633 3366 casus
655 3305 787 3365 hahuerit
805 3305 1016 3384 eloquentiam,
1039 3302 1121 3362 uelut
1142 3302 1220 3363 clau·

177 3389 247 3449 θεῖε
264 3389 408 3449 thesauris
422 3388 579 3450 incubabit.
617 3389 682 3449 Nun
696 3397 792 3448 autem
806 3398 837 3448 ut
853 3388 979 3468 quidque
995 3388 1155 3467 praecipue
1170 3404 1220 3446 ue·

208 3474 367 3534 cessarium
384 3483 445 3550 est,
470 3475 514 3535 sio
536 3474 571 3534 ad
588 3473 771 3533 efficiendum
787 3482 932 3533 oratorem
952 3472 1067 3531 maximi
1088 3472 1221 3550 protinus
