<?xml version="1.0" encoding="UTF-8"?>
<!DOCTYPE html PUBLIC "-//W3C//DTD XHTML 1.0 Transitional//EN"
    "http://www.w3.org/TR/xhtml1/DTD/xhtml1-transitional.dtd">
<html xmlns="http://www.w3.org/1999/xhtml" xml:lang="en" lang="en">
 <head>
  <title>
</title>
<meta http-equiv="Content-Type" content="text/html;charset=utf-8" />
  <meta name='ocr-system' content='tesseract 3.04.00' />
  <meta name='ocr-capabilities' content='ocr_page ocr_carea ocr_par ocr_line ocrx_word'/>
</head>
<body>
  <div class='ocr_page' id='page_1' title='image "./mfabiiquintilia00bonngoog/mfabiiquintilia00bonngoog_0517.png"; bbox 0 0 2566 4026; ppageno 0'>
   <div class='ocr_carea' id='block_1_1' title="bbox 215 187 898 256">
    <p class='ocr_par' dir='ltr' id='par_1_1' title="bbox 215 187 898 256">
     <span class='ocr_line' id='line_1_1' title="bbox 215 187 898 256; baseline -0.009 -7"><span class='ocrx_word' id='word_1_1' title='bbox 215 187 274 249; x_wconf 81' lang='lat'>180</span> <span class='ocrx_word' id='word_1_2' title='bbox 530 199 566 245; x_wconf 89' lang='lat' dir='ltr'>u.</span> <span class='ocrx_word' id='word_1_3' title='bbox 582 197 660 244; x_wconf 79' lang='lat' dir='ltr'>uns.</span> <span class='ocrx_word' id='word_1_4' title='bbox 678 196 898 256; x_wconf 83' lang='lat' dir='ltr'>quruurnmur</span> 
     </span>
    </p>
   </div>
   <div class='ocr_carea' id='block_1_2' title="bbox 172 351 1230 3528">
    <p class='ocr_par' dir='ltr' id='par_1_2' title="bbox 172 351 1225 1185">
     <span class='ocr_line' id='line_1_2' title="bbox 215 351 1220 431; baseline -0.002 -17"><span class='ocrx_word' id='word_1_5' title='bbox 215 364 244 415; x_wconf 89' lang='lat' dir='ltr'>et</span> <span class='ocrx_word' id='word_1_6' title='bbox 265 355 347 431; x_wconf 83' lang='lat' dir='ltr'><strong>quasi</strong></span> <span class='ocrx_word' id='word_1_7' title='bbox 368 352 522 411; x_wconf 82' lang='lat' dir='ltr'><strong>militantes</strong></span> <span class='ocrx_word' id='word_1_8' title='bbox 547 351 640 411; x_wconf 83' lang='lat' dir='ltr'>reficit</span> <span class='ocrx_word' id='word_1_9' title='bbox 665 369 700 411; x_wconf 89' lang='lat' dir='ltr'>ac</span> <span class='ocrx_word' id='word_1_10' title='bbox 720 362 837 429; x_wconf 90' lang='lat' dir='ltr'>reparat</span> <span class='ocrx_word' id='word_1_11' title='bbox 862 351 936 411; x_wconf 89' lang='lat' dir='ltr'>baec</span> <span class='ocrx_word' id='word_1_12' title='bbox 957 353 1038 412; x_wconf 88' lang='lat' dir='ltr'>velut</span> <span class='ocrx_word' id='word_1_13' title='bbox 1060 355 1160 430; x_wconf 84' lang='lat' dir='ltr'>sagina</span> <span class='ocrx_word' id='word_1_14' title='bbox 1179 355 1220 413; x_wconf 85' lang='lat' dir='ltr'>di-</span> 
     </span>
     <span class='ocr_line' id='line_1_3' title="bbox 216 435 1221 498; baseline -0.002 0"><span class='ocrx_word' id='word_1_15' title='bbox 216 438 314 498; x_wconf 90' lang='lat' dir='ltr'>cendi:</span> <span class='ocrx_word' id='word_1_16' title='bbox 343 438 386 496; x_wconf 92' lang='lat' dir='ltr'>sic</span> <span class='ocrx_word' id='word_1_17' title='bbox 410 436 615 495; x_wconf 66' lang='lat' dir='ltr'>adolescentes</span> <span class='ocrx_word' id='word_1_18' title='bbox 640 452 696 495; x_wconf 95' lang='lat' dir='ltr'>non</span> <span class='ocrx_word' id='word_1_19' title='bbox 719 435 825 495; x_wconf 93' lang='lat' dir='ltr'>debent</span> <span class='ocrx_word' id='word_1_20' title='bbox 845 435 960 496; x_wconf 91' lang='lat' dir='ltr'>nimium</span> <span class='ocrx_word' id='word_1_21' title='bbox 982 438 1009 495; x_wconf 95' lang='lat' dir='ltr'>in</span> <span class='ocrx_word' id='word_1_22' title='bbox 1032 437 1105 497; x_wconf 90' lang='lat' dir='ltr'>falsa</span> <span class='ocrx_word' id='word_1_23' title='bbox 1122 456 1221 496; x_wconf 92' lang='lat' dir='ltr'>rerum</span> 
     </span>
     <span class='ocr_line' id='line_1_4' title="bbox 214 518 1221 598; baseline -0.001 -17"><span class='ocrx_word' id='word_1_24' title='bbox 214 523 338 598; x_wconf 82' lang='lat' dir='ltr'>imagine</span> <span class='ocrx_word' id='word_1_25' title='bbox 351 521 472 580; x_wconf 79' lang='lat' dir='ltr'>detineri</span> <span class='ocrx_word' id='word_1_26' title='bbox 486 528 514 578; x_wconf 87' lang='lat' dir='ltr'>et</span> <span class='ocrx_word' id='word_1_27' title='bbox 525 518 655 578; x_wconf 87' lang='lat' dir='ltr'>inanibus</span> <span class='ocrx_word' id='word_1_28' title='bbox 668 537 700 578; x_wconf 90' lang='lat' dir='ltr'>se</span> <span class='ocrx_word' id='word_1_29' title='bbox 712 519 872 578; x_wconf 81' lang='lat' dir='ltr'>simulacris</span> <span class='ocrx_word' id='word_1_30' title='bbox 888 538 981 598; x_wconf 93' lang='lat' dir='ltr'>usque</span> <span class='ocrx_word' id='word_1_31' title='bbox 994 521 1079 596; x_wconf 91' lang='lat' dir='ltr'>adeo,</span> <span class='ocrx_word' id='word_1_32' title='bbox 1097 530 1128 580; x_wconf 90' lang='lat' dir='ltr'>ut</span> <span class='ocrx_word' id='word_1_33' title='bbox 1145 521 1221 580; x_wconf 88' lang='lat' dir='ltr'>difli-</span> 
     </span>
     <span class='ocr_line' id='line_1_5' title="bbox 215 602 1222 683; baseline 0 -18"><span class='ocrx_word' id='word_1_34' title='bbox 215 605 278 665; x_wconf 92' lang='lat' dir='ltr'>cilis</span> <span class='ocrx_word' id='word_1_35' title='bbox 295 605 329 665; x_wconf 92' lang='lat' dir='ltr'>ab</span> <span class='ocrx_word' id='word_1_36' title='bbox 346 604 390 664; x_wconf 92' lang='lat' dir='ltr'>bis</span> <span class='ocrx_word' id='word_1_37' title='bbox 402 605 551 681; x_wconf 79' lang='lat' dir='ltr'>digressus</span> <span class='ocrx_word' id='word_1_38' title='bbox 568 604 614 678; x_wconf 93' lang='lat' dir='ltr'>sit,</span> <span class='ocrx_word' id='word_1_39' title='bbox 632 602 830 679; x_wconf 81' lang='lat' dir='ltr'>assuefacere,</span> <span class='ocrx_word' id='word_1_40' title='bbox 846 622 883 662; x_wconf 91' lang='lat' dir='ltr'>ne</span> <span class='ocrx_word' id='word_1_41' title='bbox 896 603 931 663; x_wconf 89' lang='lat' dir='ltr'>ab</span> <span class='ocrx_word' id='word_1_42' title='bbox 944 604 1005 680; x_wconf 91' lang='lat' dir='ltr'>illa,</span> <span class='ocrx_word' id='word_1_43' title='bbox 1021 606 1114 683; x_wconf 93' lang='lat' dir='ltr'>inqua</span> <span class='ocrx_word' id='word_1_44' title='bbox 1125 622 1222 683; x_wconf 87' lang='lat' dir='ltr'>prope</span> 
     </span>
     <span class='ocr_line' id='line_1_6' title="bbox 215 686 1222 766; baseline -0.001 -18"><span class='ocrx_word' id='word_1_45' title='bbox 215 689 435 763; x_wconf 79' lang='lat' dir='ltr'>consenuerint,</span> <span class='ocrx_word' id='word_1_46' title='bbox 460 686 558 746; x_wconf 91' lang='lat' dir='ltr'>umbra</span> <span class='ocrx_word' id='word_1_47' title='bbox 581 704 651 746; x_wconf 88' lang='lat' dir='ltr'>vera</span> <span class='ocrx_word' id='word_1_48' title='bbox 676 686 838 745; x_wconf 90' lang='lat' dir='ltr'>discrimina</span> <span class='ocrx_word' id='word_1_49' title='bbox 859 687 939 746; x_wconf 89' lang='lat' dir='ltr'>velut</span> <span class='ocrx_word' id='word_1_50' title='bbox 962 688 1103 766; x_wconf 87' lang='lat' dir='ltr'>quendam</span> <span class='ocrx_word' id='word_1_51' title='bbox 1127 690 1222 747; x_wconf 89' lang='lat' dir='ltr'>solem</span> 
     </span>
     <span class='ocr_line' id='line_1_7' title="bbox 172 769 1222 850; baseline -0.002 -18"><span class='ocrx_word' id='word_1_52' title='bbox 172 772 411 842; x_wconf 78' lang='lat' dir='ltr'>18reformident.</span> <span class='ocrx_word' id='word_1_53' title='bbox 456 770 540 844; x_wconf 83' lang='lat' dir='ltr'>Quod</span> <span class='ocrx_word' id='word_1_54' title='bbox 564 770 707 830; x_wconf 87' lang='lat' dir='ltr'>accidisse</span> <span class='ocrx_word' id='word_1_55' title='bbox 724 772 807 828; x_wconf 89' lang='lat' dir='ltr'>etiam</span> <span class='ocrx_word' id='word_1_56' title='bbox 822 769 926 830; x_wconf 89' lang='lat' dir='ltr'>Porcio</span> <span class='ocrx_word' id='word_1_57' title='bbox 942 770 1075 847; x_wconf 77' lang='lat' dir='ltr'>Latroni,</span> <span class='ocrx_word' id='word_1_58' title='bbox 1099 775 1146 849; x_wconf 92' lang='lat' dir='ltr'>qui</span> <span class='ocrx_word' id='word_1_59' title='bbox 1163 774 1222 850; x_wconf 92' lang='lat' dir='ltr'>pri-</span> 
     </span>
     <span class='ocr_line' id='line_1_8' title="bbox 214 853 1222 932; baseline -0.001 -17"><span class='ocrx_word' id='word_1_60' title='bbox 214 875 277 916; x_wconf 93' lang='lat' dir='ltr'>mus</span> <span class='ocrx_word' id='word_1_61' title='bbox 294 856 365 915; x_wconf 86' lang='lat' dir='ltr'>clari</span> <span class='ocrx_word' id='word_1_62' title='bbox 386 856 507 915; x_wconf 91' lang='lat' dir='ltr'>nominis</span> <span class='ocrx_word' id='word_1_63' title='bbox 529 853 683 932; x_wconf 88' lang='lat' dir='ltr'>professor</span> <span class='ocrx_word' id='word_1_64' title='bbox 706 853 773 927; x_wconf 85' lang='lat' dir='ltr'>fuit,</span> <span class='ocrx_word' id='word_1_65' title='bbox 797 856 933 930; x_wconf 87' lang='lat' dir='ltr'>traditur,</span> <span class='ocrx_word' id='word_1_66' title='bbox 956 864 1003 931; x_wconf 93' lang='lat' dir='ltr'>ut,</span> <span class='ocrx_word' id='word_1_67' title='bbox 1021 873 1085 915; x_wconf 90' lang='lat' dir='ltr'>cum</span> <span class='ocrx_word' id='word_1_68' title='bbox 1100 858 1128 914; x_wconf 88' lang='lat' dir='ltr'>ei</span> <span class='ocrx_word' id='word_1_69' title='bbox 1146 874 1222 914; x_wconf 94' lang='lat' dir='ltr'>sum-</span> 
     </span>
     <span class='ocr_line' id='line_1_9' title="bbox 213 937 1223 1016; baseline 0 -17"><span class='ocrx_word' id='word_1_70' title='bbox 213 959 288 1000; x_wconf 90' lang='lat' dir='ltr'>mam</span> <span class='ocrx_word' id='word_1_71' title='bbox 299 942 327 998; x_wconf 94' lang='lat' dir='ltr'>in</span> <span class='ocrx_word' id='word_1_72' title='bbox 338 938 447 999; x_wconf 86' lang='lat' dir='ltr'>scholis</span> <span class='ocrx_word' id='word_1_73' title='bbox 459 938 623 1016; x_wconf 91' lang='lat' dir='ltr'>opinionem</span> <span class='ocrx_word' id='word_1_74' title='bbox 636 937 775 997; x_wconf 91' lang='lat' dir='ltr'>obtinenti</span> <span class='ocrx_word' id='word_1_75' title='bbox 784 956 871 998; x_wconf 90' lang='lat' dir='ltr'>causa</span> <span class='ocrx_word' id='word_1_76' title='bbox 881 938 909 997; x_wconf 95' lang='lat' dir='ltr'>in</span> <span class='ocrx_word' id='word_1_77' title='bbox 924 939 989 998; x_wconf 90' lang='lat' dir='ltr'>foro</span> <span class='ocrx_word' id='word_1_78' title='bbox 1007 948 1087 999; x_wconf 89' lang='lat' dir='ltr'>esset</span> <span class='ocrx_word' id='word_1_79' title='bbox 1102 940 1223 1014; x_wconf 81' lang='lat' dir='ltr'>oranda,</span> 
     </span>
     <span class='ocr_line' id='line_1_10' title="bbox 215 1018 1224 1102; baseline 0 -20"><span class='ocrx_word' id='word_1_80' title='bbox 215 1026 345 1102; x_wconf 89' lang='lat' dir='ltr'>impense</span> <span class='ocrx_word' id='word_1_81' title='bbox 357 1024 483 1101; x_wconf 91' lang='lat' dir='ltr'>petierit,</span> <span class='ocrx_word' id='word_1_82' title='bbox 499 1023 539 1081; x_wconf 90' lang='lat' dir='ltr'>uti</span> <span class='ocrx_word' id='word_1_83' title='bbox 558 1021 696 1081; x_wconf 91' lang='lat' dir='ltr'>subsellia</span> <span class='ocrx_word' id='word_1_84' title='bbox 711 1023 738 1080; x_wconf 95' lang='lat' dir='ltr'>in</span> <span class='ocrx_word' id='word_1_85' title='bbox 750 1018 899 1081; x_wconf 81' lang='lat' dir='ltr'>basilicam</span> <span class='ocrx_word' id='word_1_86' title='bbox 910 1024 1145 1083; x_wconf 81' lang='lat' dir='ltr'>transferrentur.</span> <span class='ocrx_word' id='word_1_87' title='bbox 1182 1022 1224 1082; x_wconf 89' lang='lat' dir='ltr'>lta</span> 
     </span>
     <span class='ocr_line' id='line_1_11' title="bbox 214 1106 1225 1185; baseline -0.002 -19"><span class='ocrx_word' id='word_1_88' title='bbox 214 1107 257 1166; x_wconf 93' lang='lat' dir='ltr'>illi</span> <span class='ocrx_word' id='word_1_89' title='bbox 279 1107 393 1167; x_wconf 89' lang='lat' dir='ltr'>coelum</span> <span class='ocrx_word' id='word_1_90' title='bbox 416 1123 522 1165; x_wconf 91' lang='lat' dir='ltr'>novum</span> <span class='ocrx_word' id='word_1_91' title='bbox 548 1106 616 1181; x_wconf 91' lang='lat' dir='ltr'>fuit,</span> <span class='ocrx_word' id='word_1_92' title='bbox 637 1115 668 1165; x_wconf 90' lang='lat' dir='ltr'>ut</span> <span class='ocrx_word' id='word_1_93' title='bbox 693 1107 784 1164; x_wconf 94' lang='lat' dir='ltr'>omnis</span> <span class='ocrx_word' id='word_1_94' title='bbox 807 1106 869 1164; x_wconf 90' lang='lat' dir='ltr'>eius</span> <span class='ocrx_word' id='word_1_95' title='bbox 892 1106 1060 1185; x_wconf 88' lang='lat' dir='ltr'>eloquentia</span> <span class='ocrx_word' id='word_1_96' title='bbox 1082 1108 1225 1166; x_wconf 91' lang='lat' dir='ltr'>contineri</span> 
     </span>
    </p>

    <p class='ocr_par' dir='ltr' id='par_1_3' title="bbox 175 1188 1228 1688">
     <span class='ocr_line' id='line_1_12' title="bbox 175 1188 1225 1269; baseline -0.002 -19"><span class='ocrx_word' id='word_1_97' title='bbox 175 1205 208 1259; x_wconf 84' lang='lat'>19</span> <span class='ocrx_word' id='word_1_98' title='bbox 217 1199 296 1252; x_wconf 86' lang='lat' dir='ltr'>tecto</span> <span class='ocrx_word' id='word_1_99' title='bbox 313 1209 348 1251; x_wconf 89' lang='lat' dir='ltr'>ac</span> <span class='ocrx_word' id='word_1_100' title='bbox 364 1189 522 1268; x_wconf 89' lang='lat' dir='ltr'>parietibus</span> <span class='ocrx_word' id='word_1_101' title='bbox 547 1189 704 1248; x_wconf 85' lang='lat' dir='ltr'>videretur.</span> <span class='ocrx_word' id='word_1_102' title='bbox 740 1188 836 1262; x_wconf 80' lang='lat' dir='ltr'>Quare</span> <span class='ocrx_word' id='word_1_103' title='bbox 859 1191 988 1266; x_wconf 87' lang='lat' dir='ltr'>iuvenis,</span> <span class='ocrx_word' id='word_1_104' title='bbox 1014 1192 1062 1269; x_wconf 91' lang='lat' dir='ltr'>qui</span> <span class='ocrx_word' id='word_1_105' title='bbox 1082 1193 1225 1250; x_wconf 91' lang='lat' dir='ltr'>rationem</span> 
     </span>
     <span class='ocr_line' id='line_1_13' title="bbox 215 1273 1225 1352; baseline -0.003 -17"><span class='ocrx_word' id='word_1_106' title='bbox 215 1275 380 1335; x_wconf 86' lang='lat' dir='ltr'>inveniendi</span> <span class='ocrx_word' id='word_1_107' title='bbox 397 1274 611 1352; x_wconf 87' lang='lat' dir='ltr'>eloquendique</span> <span class='ocrx_word' id='word_1_108' title='bbox 628 1273 900 1351; x_wconf 90' lang='lat' dir='ltr'>apraeceptoribus</span> <span class='ocrx_word' id='word_1_109' title='bbox 923 1274 1078 1351; x_wconf 86' lang='lat' dir='ltr'>diligenter</span> <span class='ocrx_word' id='word_1_110' title='bbox 1099 1291 1225 1352; x_wconf 88' lang='lat' dir='ltr'>accepe-</span> 
     </span>
     <span class='ocr_line' id='line_1_14' title="bbox 215 1356 1224 1438; baseline -0.003 -20"><span class='ocrx_word' id='word_1_111' title='bbox 215 1359 266 1427; x_wconf 89' lang='lat' dir='ltr'>rit;</span> <span class='ocrx_word' id='word_1_112' title='bbox 283 1358 361 1438; x_wconf 95' lang='lat' dir='ltr'>quod</span> <span class='ocrx_word' id='word_1_113' title='bbox 377 1375 433 1418; x_wconf 94' lang='lat' dir='ltr'>non</span> <span class='ocrx_word' id='word_1_114' title='bbox 449 1366 495 1417; x_wconf 88' lang='lat' dir='ltr'>est</span> <span class='ocrx_word' id='word_1_115' title='bbox 509 1357 609 1417; x_wconf 84' lang='lat' dir='ltr'>inimiti</span> <span class='ocrx_word' id='word_1_116' title='bbox 627 1359 743 1435; x_wconf 89' lang='lat' dir='ltr'>operis,</span> <span class='ocrx_word' id='word_1_117' title='bbox 769 1358 794 1416; x_wconf 90' lang='lat' dir='ltr'>si</span> <span class='ocrx_word' id='word_1_118' title='bbox 815 1356 923 1417; x_wconf 90' lang='lat' dir='ltr'>docere</span> <span class='ocrx_word' id='word_1_119' title='bbox 945 1359 1037 1417; x_wconf 92' lang='lat' dir='ltr'>sciant</span> <span class='ocrx_word' id='word_1_120' title='bbox 1062 1367 1091 1416; x_wconf 93' lang='lat' dir='ltr'>et</span> <span class='ocrx_word' id='word_1_121' title='bbox 1117 1359 1224 1424; x_wconf 87' lang='lat' dir='ltr'>velint;</span> 
     </span>
     <span class='ocr_line' id='line_1_15' title="bbox 218 1440 1226 1520; baseline -0.004 -18"><span class='ocrx_word' id='word_1_122' title='bbox 218 1443 457 1503; x_wconf 84' lang='lat' dir='ltr'>exercitationem</span> <span class='ocrx_word' id='word_1_123' title='bbox 475 1457 591 1520; x_wconf 93' lang='lat' dir='ltr'>quoque</span> <span class='ocrx_word' id='word_1_124' title='bbox 607 1441 749 1501; x_wconf 90' lang='lat' dir='ltr'>modicam</span> <span class='ocrx_word' id='word_1_125' title='bbox 765 1440 853 1500; x_wconf 90' lang='lat' dir='ltr'>fuerit</span> <span class='ocrx_word' id='word_1_126' title='bbox 869 1450 1063 1517; x_wconf 90' lang='lat' dir='ltr'>consecutus,</span> <span class='ocrx_word' id='word_1_127' title='bbox 1080 1451 1226 1501; x_wconf 90' lang='lat' dir='ltr'>oratorem</span> 
     </span>
     <span class='ocr_line' id='line_1_16' title="bbox 217 1523 1227 1606; baseline -0.005 -19"><span class='ocrx_word' id='word_1_128' title='bbox 217 1528 271 1587; x_wconf 91' lang='lat' dir='ltr'>sibi</span> <span class='ocrx_word' id='word_1_129' title='bbox 287 1527 425 1606; x_wconf 87' lang='lat' dir='ltr'>aliquem,</span> <span class='ocrx_word' id='word_1_130' title='bbox 442 1524 519 1603; x_wconf 93' lang='lat' dir='ltr'>quod</span> <span class='ocrx_word' id='word_1_131' title='bbox 540 1524 616 1603; x_wconf 90' lang='lat' dir='ltr'>apud</span> <span class='ocrx_word' id='word_1_132' title='bbox 631 1525 757 1584; x_wconf 91' lang='lat' dir='ltr'>maiores</span> <span class='ocrx_word' id='word_1_133' title='bbox 773 1524 836 1583; x_wconf 89' lang='lat' dir='ltr'>lieri</span> <span class='ocrx_word' id='word_1_134' title='bbox 851 1523 981 1600; x_wconf 91' lang='lat' dir='ltr'>solebat,</span> <span class='ocrx_word' id='word_1_135' title='bbox 999 1525 1119 1601; x_wconf 85' lang='lat' dir='ltr'>deligat,</span> <span class='ocrx_word' id='word_1_136' title='bbox 1141 1541 1227 1602; x_wconf 90' lang='lat' dir='ltr'>quem</span> 
     </span>
     <span class='ocr_line' id='line_1_17' title="bbox 218 1608 1228 1688; baseline -0.003 -19"><span class='ocrx_word' id='word_1_137' title='bbox 218 1620 366 1688; x_wconf 82' lang='lat' dir='ltr'>sequatur,</span> <span class='ocrx_word' id='word_1_138' title='bbox 387 1627 472 1688; x_wconf 89' lang='lat' dir='ltr'>quem</span> <span class='ocrx_word' id='word_1_139' title='bbox 487 1609 626 1676; x_wconf 91' lang='lat' dir='ltr'>imitetur;</span> <span class='ocrx_word' id='word_1_140' title='bbox 643 1609 754 1668; x_wconf 91' lang='lat' dir='ltr'>iudiciis</span> <span class='ocrx_word' id='word_1_141' title='bbox 769 1609 883 1667; x_wconf 91' lang='lat' dir='ltr'>intersit</span> <span class='ocrx_word' id='word_1_142' title='bbox 899 1626 984 1687; x_wconf 91' lang='lat' dir='ltr'>quam</span> <span class='ocrx_word' id='word_1_143' title='bbox 999 1608 1129 1687; x_wconf 92' lang='lat' dir='ltr'>plurimis</span> <span class='ocrx_word' id='word_1_144' title='bbox 1144 1618 1172 1667; x_wconf 92' lang='lat' dir='ltr'>et</span> <span class='ocrx_word' id='word_1_145' title='bbox 1191 1610 1228 1666; x_wconf 93' lang='lat' dir='ltr'>sit</span> 
     </span>
    </p>

    <p class='ocr_par' dir='ltr' id='par_1_4' title="bbox 174 1690 1230 2357">
     <span class='ocr_line' id='line_1_18' title="bbox 174 1690 1227 1771; baseline -0.005 -17"><span class='ocrx_word' id='word_1_146' title='bbox 174 1695 397 1769; x_wconf 71' lang='lat' dir='ltr'>nocertaminis,</span> <span class='ocrx_word' id='word_1_147' title='bbox 422 1694 467 1752; x_wconf 91' lang='lat' dir='ltr'>cui</span> <span class='ocrx_word' id='word_1_148' title='bbox 485 1692 657 1767; x_wconf 90' lang='lat' dir='ltr'>destinatur,</span> <span class='ocrx_word' id='word_1_149' title='bbox 674 1692 811 1770; x_wconf 88' lang='lat' dir='ltr'>frequens</span> <span class='ocrx_word' id='word_1_150' title='bbox 828 1701 987 1771; x_wconf 89' lang='lat' dir='ltr'>spectator.</span> <span class='ocrx_word' id='word_1_151' title='bbox 1026 1690 1097 1751; x_wconf 85' lang='lat' dir='ltr'>&#39;lum</span> <span class='ocrx_word' id='word_1_152' title='bbox 1124 1710 1227 1751; x_wconf 88' lang='lat' dir='ltr'>causas</span> 
     </span>
     <span class='ocr_line' id='line_1_19' title="bbox 216 1774 1229 1855; baseline -0.004 -18"><span class='ocrx_word' id='word_1_153' title='bbox 216 1777 266 1837; x_wconf 86' lang='lat' dir='ltr'>vel</span> <span class='ocrx_word' id='word_1_154' title='bbox 282 1777 414 1852; x_wconf 87' lang='lat' dir='ltr'>easdem,</span> <span class='ocrx_word' id='word_1_155' title='bbox 440 1793 511 1855; x_wconf 92' lang='lat' dir='ltr'>quas</span> <span class='ocrx_word' id='word_1_156' title='bbox 533 1776 580 1852; x_wconf 80' lang='lat' dir='ltr'>agi</span> <span class='ocrx_word' id='word_1_157' title='bbox 598 1774 734 1851; x_wconf 85' lang='lat' dir='ltr'>audierit,</span> <span class='ocrx_word' id='word_1_158' title='bbox 758 1776 824 1837; x_wconf 91' lang='lat' dir='ltr'>stilo</span> <span class='ocrx_word' id='word_1_159' title='bbox 847 1777 961 1854; x_wconf 90' lang='lat' dir='ltr'>etipse</span> <span class='ocrx_word' id='word_1_160' title='bbox 984 1785 1154 1854; x_wconf 90' lang='lat' dir='ltr'>componat,</span> <span class='ocrx_word' id='word_1_161' title='bbox 1179 1774 1229 1834; x_wconf 90' lang='lat' dir='ltr'>vel</span> 
     </span>
     <span class='ocr_line' id='line_1_20' title="bbox 218 1858 1228 1938; baseline -0.002 -18"><span class='ocrx_word' id='word_1_162' title='bbox 218 1863 303 1920; x_wconf 90' lang='lat' dir='ltr'>etiam</span> <span class='ocrx_word' id='word_1_163' title='bbox 319 1859 389 1920; x_wconf 89' lang='lat' dir='ltr'>alias</span> <span class='ocrx_word' id='word_1_164' title='bbox 405 1877 491 1919; x_wconf 90' lang='lat' dir='ltr'>veras</span> <span class='ocrx_word' id='word_1_165' title='bbox 508 1858 593 1919; x_wconf 92' lang='lat' dir='ltr'>modo</span> <span class='ocrx_word' id='word_1_166' title='bbox 611 1868 640 1918; x_wconf 90' lang='lat' dir='ltr'>et</span> <span class='ocrx_word' id='word_1_167' title='bbox 658 1861 791 1938; x_wconf 91' lang='lat' dir='ltr'>utrinque</span> <span class='ocrx_word' id='word_1_168' title='bbox 814 1868 936 1936; x_wconf 90' lang='lat' dir='ltr'>tractet,</span> <span class='ocrx_word' id='word_1_169' title='bbox 961 1869 1006 1937; x_wconf 92' lang='lat' dir='ltr'>et,</span> <span class='ocrx_word' id='word_1_170' title='bbox 1028 1860 1106 1938; x_wconf 92' lang='lat' dir='ltr'>quod</span> <span class='ocrx_word' id='word_1_171' title='bbox 1122 1860 1151 1918; x_wconf 93' lang='lat' dir='ltr'>in</span> <span class='ocrx_word' id='word_1_172' title='bbox 1166 1859 1228 1936; x_wconf 83' lang='lat' dir='ltr'>gla-</span> 
     </span>
     <span class='ocr_line' id='line_1_21' title="bbox 218 1943 1230 2020; baseline -0.005 -15"><span class='ocrx_word' id='word_1_173' title='bbox 218 1944 375 2005; x_wconf 90' lang='lat' dir='ltr'>diatoribus</span> <span class='ocrx_word' id='word_1_174' title='bbox 398 1945 460 2003; x_wconf 92' lang='lat' dir='ltr'>fieri</span> <span class='ocrx_word' id='word_1_175' title='bbox 485 1943 631 2017; x_wconf 88' lang='lat' dir='ltr'>videmus,</span> <span class='ocrx_word' id='word_1_176' title='bbox 654 1943 825 2002; x_wconf 89' lang='lat' dir='ltr'>decretoriis</span> <span class='ocrx_word' id='word_1_177' title='bbox 851 1952 1040 2020; x_wconf 87' lang='lat' dir='ltr'>exerceatur,</span> <span class='ocrx_word' id='word_1_178' title='bbox 1066 1953 1097 2003; x_wconf 92' lang='lat' dir='ltr'>ut</span> <span class='ocrx_word' id='word_1_179' title='bbox 1119 1943 1230 2002; x_wconf 89' lang='lat' dir='ltr'>fecisse</span> 
     </span>
     <span class='ocr_line' id='line_1_22' title="bbox 218 2024 1229 2106; baseline -0.004 -18"><span class='ocrx_word' id='word_1_180' title='bbox 218 2027 335 2088; x_wconf 89' lang='lat' dir='ltr'>Brutum</span> <span class='ocrx_word' id='word_1_181' title='bbox 353 2029 474 2087; x_wconf 85' lang='lat' dir='ltr'>diximus</span> <span class='ocrx_word' id='word_1_182' title='bbox 490 2045 543 2105; x_wconf 91' lang='lat' dir='ltr'>pro</span> <span class='ocrx_word' id='word_1_183' title='bbox 559 2024 678 2086; x_wconf 89' lang='lat' dir='ltr'>blilone.</span> <span class='ocrx_word' id='word_1_184' title='bbox 708 2026 811 2086; x_wconf 86' lang='lat' dir='ltr'>Melius</span> <span class='ocrx_word' id='word_1_185' title='bbox 823 2027 881 2086; x_wconf 90' lang='lat' dir='ltr'>hoc</span> <span class='ocrx_word' id='word_1_186' title='bbox 897 2046 982 2106; x_wconf 91' lang='lat' dir='ltr'>quam</span> <span class='ocrx_word' id='word_1_187' title='bbox 997 2026 1163 2086; x_wconf 87' lang='lat' dir='ltr'>rescribere</span> <span class='ocrx_word' id='word_1_188' title='bbox 1178 2045 1229 2084; x_wconf 91' lang='lat' dir='ltr'>ve·</span> 
     </span>
     <span class='ocr_line' id='line_1_23' title="bbox 218 2109 1228 2187; baseline -0.002 -17"><span class='ocrx_word' id='word_1_189' title='bbox 218 2111 330 2170; x_wconf 90' lang='lat' dir='ltr'>teribus</span> <span class='ocrx_word' id='word_1_190' title='bbox 346 2110 542 2187; x_wconf 85' lang='lat' dir='ltr'>orationibus,</span> <span class='ocrx_word' id='word_1_191' title='bbox 566 2119 596 2169; x_wconf 88' lang='lat' dir='ltr'>ut</span> <span class='ocrx_word' id='word_1_192' title='bbox 617 2112 687 2171; x_wconf 87' lang='lat' dir='ltr'>fecit</span> <span class='ocrx_word' id='word_1_193' title='bbox 705 2109 819 2170; x_wconf 79' lang='lat' dir='ltr'>Cestius</span> <span class='ocrx_word' id='word_1_194' title='bbox 840 2121 941 2170; x_wconf 90' lang='lat' dir='ltr'>contra</span> <span class='ocrx_word' id='word_1_195' title='bbox 958 2109 1110 2171; x_wconf 81' lang='lat' dir='ltr'>Ciceronis</span> <span class='ocrx_word' id='word_1_196' title='bbox 1138 2111 1228 2169; x_wconf 91' lang='lat' dir='ltr'>actio-</span> 
     </span>
     <span class='ocr_line' id='line_1_24' title="bbox 215 2193 1229 2274; baseline -0.003 -20"><span class='ocrx_word' id='word_1_197' title='bbox 215 2213 282 2254; x_wconf 92' lang='lat' dir='ltr'>nem</span> <span class='ocrx_word' id='word_1_198' title='bbox 302 2193 427 2254; x_wconf 90' lang='lat' dir='ltr'>habitam</span> <span class='ocrx_word' id='word_1_199' title='bbox 449 2212 504 2273; x_wconf 93' lang='lat' dir='ltr'>pro</span> <span class='ocrx_word' id='word_1_200' title='bbox 528 2194 646 2271; x_wconf 91' lang='lat' dir='ltr'>eodem,</span> <span class='ocrx_word' id='word_1_201' title='bbox 679 2213 741 2254; x_wconf 93' lang='lat' dir='ltr'>cum</span> <span class='ocrx_word' id='word_1_202' title='bbox 767 2193 888 2254; x_wconf 88' lang='lat' dir='ltr'>alteram</span> <span class='ocrx_word' id='word_1_203' title='bbox 910 2203 1023 2274; x_wconf 90' lang='lat' dir='ltr'>partem</span> <span class='ocrx_word' id='word_1_204' title='bbox 1048 2195 1117 2253; x_wconf 92' lang='lat' dir='ltr'>satis</span> <span class='ocrx_word' id='word_1_205' title='bbox 1139 2210 1229 2252; x_wconf 91' lang='lat' dir='ltr'>nosse</span> 
     </span>
     <span class='ocr_line' id='line_1_25' title="bbox 216 2277 723 2357; baseline -0.008 -18"><span class='ocrx_word' id='word_1_206' title='bbox 216 2296 274 2339; x_wconf 89' lang='lat' dir='ltr'>non</span> <span class='ocrx_word' id='word_1_207' title='bbox 292 2287 395 2357; x_wconf 91' lang='lat' dir='ltr'>posset</span> <span class='ocrx_word' id='word_1_208' title='bbox 411 2297 448 2337; x_wconf 87' lang='lat' dir='ltr'>ex</span> <span class='ocrx_word' id='word_1_209' title='bbox 463 2277 527 2338; x_wconf 93' lang='lat' dir='ltr'>sola</span> <span class='ocrx_word' id='word_1_210' title='bbox 543 2278 723 2338; x_wconf 91' lang='lat' dir='ltr'>defensione.</span> 
     </span>
    </p>

    <p class='ocr_par' dir='ltr' id='par_1_5' title="bbox 174 2359 1230 2856">
     <span class='ocr_line' id='line_1_26' title="bbox 174 2359 1229 2439; baseline -0.002 -18"><span class='ocrx_word' id='word_1_211' title='bbox 174 2378 209 2432; x_wconf 76' lang='lat'>21</span> <span class='ocrx_word' id='word_1_212' title='bbox 303 2359 393 2422; x_wconf 83' lang='lat' dir='ltr'>Citius</span> <span class='ocrx_word' id='word_1_213' title='bbox 409 2370 503 2422; x_wconf 91' lang='lat' dir='ltr'>autem</span> <span class='ocrx_word' id='word_1_214' title='bbox 517 2363 640 2421; x_wconf 92' lang='lat' dir='ltr'>idoneus</span> <span class='ocrx_word' id='word_1_215' title='bbox 657 2362 711 2421; x_wconf 91' lang='lat' dir='ltr'>erit</span> <span class='ocrx_word' id='word_1_216' title='bbox 726 2361 849 2437; x_wconf 86' lang='lat' dir='ltr'>iuvenis,</span> <span class='ocrx_word' id='word_1_217' title='bbox 867 2378 952 2439; x_wconf 90' lang='lat' dir='ltr'>quem</span> <span class='ocrx_word' id='word_1_218' title='bbox 964 2369 1143 2439; x_wconf 87' lang='lat' dir='ltr'>praeceptor</span> <span class='ocrx_word' id='word_1_219' title='bbox 1159 2377 1229 2420; x_wconf 89' lang='lat' dir='ltr'>coe·</span> 
     </span>
     <span class='ocr_line' id='line_1_27' title="bbox 214 2445 1230 2524; baseline -0.003 -18"><span class='ocrx_word' id='word_1_220' title='bbox 214 2447 292 2524; x_wconf 85' lang='lat' dir='ltr'>gerit</span> <span class='ocrx_word' id='word_1_221' title='bbox 313 2448 341 2504; x_wconf 95' lang='lat' dir='ltr'>in</span> <span class='ocrx_word' id='word_1_222' title='bbox 363 2446 552 2506; x_wconf 89' lang='lat' dir='ltr'>declamando</span> <span class='ocrx_word' id='word_1_223' title='bbox 580 2463 663 2523; x_wconf 91' lang='lat' dir='ltr'>quam</span> <span class='ocrx_word' id='word_1_224' title='bbox 688 2445 859 2504; x_wconf 90' lang='lat' dir='ltr'>simillimum</span> <span class='ocrx_word' id='word_1_225' title='bbox 883 2462 951 2504; x_wconf 89' lang='lat' dir='ltr'>esse</span> <span class='ocrx_word' id='word_1_226' title='bbox 976 2445 1092 2505; x_wconf 91' lang='lat' dir='ltr'>veritati</span> <span class='ocrx_word' id='word_1_227' title='bbox 1119 2452 1149 2503; x_wconf 90' lang='lat' dir='ltr'>et</span> <span class='ocrx_word' id='word_1_228' title='bbox 1174 2462 1230 2522; x_wconf 89' lang='lat' dir='ltr'>per</span> 
     </span>
     <span class='ocr_line' id='line_1_28' title="bbox 216 2526 1228 2606; baseline -0.002 -18"><span class='ocrx_word' id='word_1_229' title='bbox 216 2539 291 2590; x_wconf 91' lang='lat' dir='ltr'>totas</span> <span class='ocrx_word' id='word_1_230' title='bbox 308 2531 351 2588; x_wconf 91' lang='lat' dir='ltr'>ire</span> <span class='ocrx_word' id='word_1_231' title='bbox 367 2531 518 2604; x_wconf 88' lang='lat' dir='ltr'>materias,</span> <span class='ocrx_word' id='word_1_232' title='bbox 542 2545 661 2606; x_wconf 91' lang='lat' dir='ltr'>quarum</span> <span class='ocrx_word' id='word_1_233' title='bbox 679 2546 754 2587; x_wconf 87' lang='lat' dir='ltr'>nunc</span> <span class='ocrx_word' id='word_1_234' title='bbox 774 2527 912 2588; x_wconf 88' lang='lat' dir='ltr'>facillima</span> <span class='ocrx_word' id='word_1_235' title='bbox 933 2536 981 2586; x_wconf 92' lang='lat' dir='ltr'>aut</span> <span class='ocrx_word' id='word_1_236' title='bbox 1003 2529 1131 2588; x_wconf 84' lang='lat' dir='ltr'>maxime</span> <span class='ocrx_word' id='word_1_237' title='bbox 1146 2526 1228 2587; x_wconf 89' lang='lat' dir='ltr'>favo·</span> 
     </span>
     <span class='ocr_line' id='line_1_29' title="bbox 215 2609 1227 2691; baseline -0.003 -19"><span class='ocrx_word' id='word_1_238' title='bbox 215 2613 316 2672; x_wconf 92' lang='lat' dir='ltr'>rabilia</span> <span class='ocrx_word' id='word_1_239' title='bbox 332 2614 502 2691; x_wconf 88' lang='lat' dir='ltr'>decerpunt.</span> <span class='ocrx_word' id='word_1_240' title='bbox 536 2609 658 2671; x_wconf 90' lang='lat' dir='ltr'>Obstant</span> <span class='ocrx_word' id='word_1_241' title='bbox 678 2611 761 2686; x_wconf 89' lang='lat' dir='ltr'>huic,</span> <span class='ocrx_word' id='word_1_242' title='bbox 787 2612 865 2690; x_wconf 91' lang='lat' dir='ltr'>quod</span> <span class='ocrx_word' id='word_1_243' title='bbox 887 2611 1016 2671; x_wconf 90' lang='lat' dir='ltr'>secundo</span> <span class='ocrx_word' id='word_1_244' title='bbox 1039 2612 1106 2671; x_wconf 95' lang='lat' dir='ltr'>loco</span> <span class='ocrx_word' id='word_1_245' title='bbox 1129 2613 1227 2688; x_wconf 92' lang='lat' dir='ltr'>posui,</span> 
     </span>
     <span class='ocr_line' id='line_1_30' title="bbox 215 2692 1227 2774; baseline -0.003 -18"><span class='ocrx_word' id='word_1_246' title='bbox 215 2698 278 2757; x_wconf 88' lang='lat' dir='ltr'>fere</span> <span class='ocrx_word' id='word_1_247' title='bbox 297 2696 379 2756; x_wconf 91' lang='lat' dir='ltr'>turba</span> <span class='ocrx_word' id='word_1_248' title='bbox 400 2695 608 2774; x_wconf 91' lang='lat' dir='ltr'>discipulorum</span> <span class='ocrx_word' id='word_1_249' title='bbox 623 2703 653 2754; x_wconf 90' lang='lat' dir='ltr'>et</span> <span class='ocrx_word' id='word_1_250' title='bbox 669 2693 849 2754; x_wconf 92' lang='lat' dir='ltr'>consuetudo</span> <span class='ocrx_word' id='word_1_251' title='bbox 866 2695 1002 2754; x_wconf 92' lang='lat' dir='ltr'>classium</span> <span class='ocrx_word' id='word_1_252' title='bbox 1019 2696 1106 2755; x_wconf 86' lang='lat' dir='ltr'>certis</span> <span class='ocrx_word' id='word_1_253' title='bbox 1123 2692 1227 2754; x_wconf 90' lang='lat' dir='ltr'>diebus</span> 
     </span>
     <span class='ocr_line' id='line_1_31' title="bbox 216 2779 1227 2856; baseline -0.005 -16"><span class='ocrx_word' id='word_1_254' title='bbox 216 2780 436 2855; x_wconf 89' lang='lat' dir='ltr'>audiendarum,</span> <span class='ocrx_word' id='word_1_255' title='bbox 457 2779 584 2839; x_wconf 91' lang='lat' dir='ltr'>nonnibil</span> <span class='ocrx_word' id='word_1_256' title='bbox 607 2779 692 2838; x_wconf 92' lang='lat' dir='ltr'>etiam</span> <span class='ocrx_word' id='word_1_257' title='bbox 713 2779 866 2856; x_wconf 89' lang='lat' dir='ltr'>persuasio</span> <span class='ocrx_word' id='word_1_258' title='bbox 890 2786 1002 2856; x_wconf 90' lang='lat' dir='ltr'>patrum</span> <span class='ocrx_word' id='word_1_259' title='bbox 1019 2779 1227 2839; x_wconf 90' lang='lat' dir='ltr'>numerantium</span> 
     </span>
    </p>

    <p class='ocr_par' dir='ltr' id='par_1_6' title="bbox 173 2861 1227 3360">
     <span class='ocr_line' id='line_1_32' title="bbox 173 2861 1227 2943; baseline -0.008 -16"><span class='ocrx_word' id='word_1_260' title='bbox 173 2864 312 2943; x_wconf 73' lang='lat' dir='ltr'>asperius</span> <span class='ocrx_word' id='word_1_261' title='bbox 337 2863 563 2923; x_wconf 91' lang='lat' dir='ltr'>declamationes</span> <span class='ocrx_word' id='word_1_262' title='bbox 589 2880 674 2941; x_wconf 91' lang='lat' dir='ltr'>quam</span> <span class='ocrx_word' id='word_1_263' title='bbox 697 2863 915 2922; x_wconf 89' lang='lat' dir='ltr'>aestimantium.</span> <span class='ocrx_word' id='word_1_264' title='bbox 958 2863 1034 2937; x_wconf 88' lang='lat' dir='ltr'>Sed,</span> <span class='ocrx_word' id='word_1_265' title='bbox 1065 2861 1143 2940; x_wconf 94' lang='lat' dir='ltr'>quod</span> <span class='ocrx_word' id='word_1_266' title='bbox 1168 2861 1227 2920; x_wconf 95' lang='lat' dir='ltr'>dixi</span> 
     </span>
     <span class='ocr_line' id='line_1_33' title="bbox 215 2944 1226 3027; baseline -0.005 -19"><span class='ocrx_word' id='word_1_267' title='bbox 215 2948 326 3027; x_wconf 91' lang='lat' dir='ltr'>primo,</span> <span class='ocrx_word' id='word_1_268' title='bbox 349 2956 379 3006; x_wconf 90' lang='lat' dir='ltr'>ut</span> <span class='ocrx_word' id='word_1_269' title='bbox 394 2947 535 3024; x_wconf 90' lang='lat' dir='ltr'>arbitror,</span> <span class='ocrx_word' id='word_1_270' title='bbox 562 2946 656 3022; x_wconf 91' lang='lat' dir='ltr'>libro,</span> <span class='ocrx_word' id='word_1_271' title='bbox 677 2964 733 3006; x_wconf 93' lang='lat' dir='ltr'>nec</span> <span class='ocrx_word' id='word_1_272' title='bbox 749 2946 848 3006; x_wconf 92' lang='lat' dir='ltr'>illese</span> <span class='ocrx_word' id='word_1_273' title='bbox 864 2944 958 3005; x_wconf 90' lang='lat' dir='ltr'>bonus</span> <span class='ocrx_word' id='word_1_274' title='bbox 974 2954 1152 3024; x_wconf 89' lang='lat' dir='ltr'>praeceptor</span> <span class='ocrx_word' id='word_1_275' title='bbox 1166 2962 1226 3004; x_wconf 88' lang='lat' dir='ltr'>ma·</span> 
     </span>
     <span class='ocr_line' id='line_1_34' title="bbox 215 3029 1225 3109; baseline -0.003 -19"><span class='ocrx_word' id='word_1_276' title='bbox 215 3032 279 3091; x_wconf 90' lang='lat' dir='ltr'>iore</span> <span class='ocrx_word' id='word_1_277' title='bbox 297 3047 416 3091; x_wconf 87' lang='lat' dir='ltr'>numero</span> <span class='ocrx_word' id='word_1_278' title='bbox 435 3049 519 3109; x_wconf 90' lang='lat' dir='ltr'>quam</span> <span class='ocrx_word' id='word_1_279' title='bbox 541 3031 684 3090; x_wconf 89' lang='lat' dir='ltr'>sustinere</span> <span class='ocrx_word' id='word_1_280' title='bbox 707 3032 801 3108; x_wconf 89' lang='lat' dir='ltr'>possit</span> <span class='ocrx_word' id='word_1_281' title='bbox 823 3030 971 3106; x_wconf 90' lang='lat' dir='ltr'>onerabit,</span> <span class='ocrx_word' id='word_1_282' title='bbox 997 3037 1026 3088; x_wconf 90' lang='lat' dir='ltr'>et</span> <span class='ocrx_word' id='word_1_283' title='bbox 1047 3031 1159 3088; x_wconf 89' lang='lat' dir='ltr'>inanem</span> <span class='ocrx_word' id='word_1_284' title='bbox 1181 3029 1225 3087; x_wconf 92' lang='lat' dir='ltr'>lo·</span> 
     </span>
     <span class='ocr_line' id='line_1_35' title="bbox 217 3114 1224 3193; baseline -0.004 -19"><span class='ocrx_word' id='word_1_285' title='bbox 217 3114 391 3193; x_wconf 88' lang='lat' dir='ltr'>quacitatem</span> <span class='ocrx_word' id='word_1_286' title='bbox 406 3116 533 3190; x_wconf 88' lang='lat' dir='ltr'>recidet,</span> <span class='ocrx_word' id='word_1_287' title='bbox 560 3123 590 3173; x_wconf 92' lang='lat' dir='ltr'>ut</span> <span class='ocrx_word' id='word_1_288' title='bbox 607 3116 700 3174; x_wconf 88' lang='lat' dir='ltr'>omnia</span> <span class='ocrx_word' id='word_1_289' title='bbox 717 3123 870 3192; x_wconf 91' lang='lat' dir='ltr'>quaesunt</span> <span class='ocrx_word' id='word_1_290' title='bbox 885 3115 914 3172; x_wconf 94' lang='lat' dir='ltr'>in</span> <span class='ocrx_word' id='word_1_291' title='bbox 930 3114 1140 3188; x_wconf 86' lang='lat' dir='ltr'>controversia,</span> <span class='ocrx_word' id='word_1_292' title='bbox 1156 3129 1224 3187; x_wconf 91' lang='lat' dir='ltr'>uon,</span> 
     </span>
     <span class='ocr_line' id='line_1_36' title="bbox 215 3195 1224 3276; baseline -0.001 -20"><span class='ocrx_word' id='word_1_293' title='bbox 215 3205 247 3256; x_wconf 95' lang='lat' dir='ltr'>ut</span> <span class='ocrx_word' id='word_1_294' title='bbox 264 3198 378 3275; x_wconf 94' lang='lat' dir='ltr'>quidem</span> <span class='ocrx_word' id='word_1_295' title='bbox 392 3198 502 3274; x_wconf 86' lang='lat' dir='ltr'>volunt,</span> <span class='ocrx_word' id='word_1_296' title='bbox 521 3216 595 3276; x_wconf 90' lang='lat' dir='ltr'>quae</span> <span class='ocrx_word' id='word_1_297' title='bbox 611 3199 639 3256; x_wconf 95' lang='lat' dir='ltr'>in</span> <span class='ocrx_word' id='word_1_298' title='bbox 654 3217 750 3257; x_wconf 89' lang='lat' dir='ltr'>rerum</span> <span class='ocrx_word' id='word_1_299' title='bbox 762 3206 872 3273; x_wconf 86' lang='lat' dir='ltr'>natura,</span> <span class='ocrx_word' id='word_1_300' title='bbox 889 3197 1034 3265; x_wconf 89' lang='lat' dir='ltr'>dicantur;</span> <span class='ocrx_word' id='word_1_301' title='bbox 1053 3205 1082 3255; x_wconf 92' lang='lat' dir='ltr'>et</span> <span class='ocrx_word' id='word_1_302' title='bbox 1097 3195 1145 3255; x_wconf 85' lang='lat' dir='ltr'>vel</span> <span class='ocrx_word' id='word_1_303' title='bbox 1162 3195 1224 3255; x_wconf 93' lang='lat' dir='ltr'>lon·</span> 
     </span>
     <span class='ocr_line' id='line_1_37' title="bbox 215 3279 1224 3360; baseline 0 -22"><span class='ocrx_word' id='word_1_304' title='bbox 215 3282 300 3356; x_wconf 81' lang='lat' dir='ltr'>giore</span> <span class='ocrx_word' id='word_1_305' title='bbox 314 3284 411 3360; x_wconf 93' lang='lat' dir='ltr'>potius</span> <span class='ocrx_word' id='word_1_306' title='bbox 429 3281 540 3342; x_wconf 92' lang='lat' dir='ltr'>dierum</span> <span class='ocrx_word' id='word_1_307' title='bbox 564 3284 658 3360; x_wconf 90' lang='lat' dir='ltr'>spatio</span> <span class='ocrx_word' id='word_1_308' title='bbox 680 3281 789 3341; x_wconf 92' lang='lat' dir='ltr'>laxabit</span> <span class='ocrx_word' id='word_1_309' title='bbox 813 3281 927 3341; x_wconf 90' lang='lat' dir='ltr'>dicendi</span> <span class='ocrx_word' id='word_1_310' title='bbox 948 3282 1154 3341; x_wconf 90' lang='lat' dir='ltr'>necessitatem</span> <span class='ocrx_word' id='word_1_311' title='bbox 1176 3279 1224 3339; x_wconf 85' lang='lat' dir='ltr'>vel</span> 
     </span>
    </p>

    <p class='ocr_par' dir='ltr' id='par_1_7' title="bbox 173 3364 1224 3528">
     <span class='ocr_line' id='line_1_38' title="bbox 173 3364 1224 3444; baseline -0.004 -19"><span class='ocrx_word' id='word_1_312' title='bbox 173 3366 349 3427; x_wconf 77' lang='lat' dir='ltr'>23materias</span> <span class='ocrx_word' id='word_1_313' title='bbox 366 3366 495 3425; x_wconf 87' lang='lat' dir='ltr'>dividere</span> <span class='ocrx_word' id='word_1_314' title='bbox 511 3367 665 3444; x_wconf 89' lang='lat' dir='ltr'>permittet.</span> <span class='ocrx_word' id='word_1_315' title='bbox 692 3365 755 3425; x_wconf 92' lang='lat' dir='ltr'>Una</span> <span class='ocrx_word' id='word_1_316' title='bbox 772 3366 845 3425; x_wconf 92' lang='lat' dir='ltr'>enim</span> <span class='ocrx_word' id='word_1_317' title='bbox 865 3364 1020 3442; x_wconf 84' lang='lat' dir='ltr'>diligenter</span> <span class='ocrx_word' id='word_1_318' title='bbox 1036 3364 1142 3424; x_wconf 86' lang='lat' dir='ltr'>effecta</span> <span class='ocrx_word' id='word_1_319' title='bbox 1157 3364 1224 3440; x_wconf 92' lang='lat' dir='ltr'>plus</span> 
     </span>
     <span class='ocr_line' id='line_1_39' title="bbox 216 3446 1223 3528; baseline 0 -22"><span class='ocrx_word' id='word_1_320' title='bbox 216 3447 347 3525; x_wconf 87' lang='lat' dir='ltr'>proderit</span> <span class='ocrx_word' id='word_1_321' title='bbox 369 3450 574 3528; x_wconf 90' lang='lat' dir='ltr'>quamplures</span> <span class='ocrx_word' id='word_1_322' title='bbox 598 3448 749 3509; x_wconf 88' lang='lat' dir='ltr'>inchoatae</span> <span class='ocrx_word' id='word_1_323' title='bbox 773 3457 802 3508; x_wconf 91' lang='lat' dir='ltr'>et</span> <span class='ocrx_word' id='word_1_324' title='bbox 827 3449 909 3527; x_wconf 89' lang='lat' dir='ltr'>quasi</span> <span class='ocrx_word' id='word_1_325' title='bbox 933 3448 1113 3526; x_wconf 80' lang='lat' dir='ltr'>degustatae.</span> <span class='ocrx_word' id='word_1_326' title='bbox 1152 3446 1223 3506; x_wconf 88' lang='lat' dir='ltr'>Pro·</span> 
     </span>
    </p>
   </div>
   <div class='ocr_carea' id='block_1_3' title="bbox 0 0 1300 4026">
    <p class='ocr_par' dir='ltr' id='par_1_8' title="bbox 0 0 1300 4026">
     <span class='ocr_line' id='line_1_40' title="bbox 0 0 1300 4026; baseline 0 0"><span class='ocrx_word' id='word_1_327' title='bbox 0 0 1300 4026; x_wconf 95' lang='lat' dir='ltr'> </span> 
     </span>
    </p>
   </div>
  </div>
 </body>
</html>
