2566 4026
154 124 196 186 bd
466 136 502 182 u.
525 133 605 182 nnn.
629 132 850 192 omnrrnrnm

155 293 193 352 sit
213 291 307 352 facies
331 289 472 365 dicentis,
495 307 532 349 ue
555 288 637 349 labra
654 289 906 368 distorqueamur,
929 308 966 349 ue
990 292 1162 353 immodicus

154 377 248 436 hiatus
271 377 375 434 rictum
401 373 558 450 discindat,
587 391 623 432 ne
646 376 764 451 supinus
787 372 901 448 vultus,
932 393 968 434 ne
1000 375 1107 436 deiecti
1133 380 1163 437 in

154 470 262 520 terram
285 459 379 535 oculi,
403 458 539 518 inclinata
561 457 700 517 utrolibet
719 459 829 516 cervix.
874 457 947 518 Nam
969 461 1050 519 frons
1073 460 1162 539 pluri·

112 545 207 608 10bus
231 543 388 621 generibus
413 551 528 621 peccat.
572 541 639 602 Vidi
661 541 784 619 multos,
810 559 931 621 quorum
952 545 1111 622 supercilia
1128 546 1163 606 ad

155 629 287 706 singulos
318 629 401 688 vocis
438 636 558 687 conatus
589 626 801 702 allevarentur,
837 626 959 687 aliorum
992 631 1162 707 constricta,

155 713 277 773 aliorum
305 713 391 772 etiam
411 711 594 787 dissidentia,
619 729 683 770 cum
705 711 826 771 alterum
847 712 876 769 in
898 715 1040 772 verticem
1061 713 1163 775 tende·

113 807 233 874 lirent,
264 797 358 857 altero
385 814 480 875 paene
501 795 604 855 oculus
625 797 689 874 ipse
713 804 904 872 premeretur.
949 795 1091 856 inlinitum
1115 816 1163 857 au-

155 891 224 957 tem,
243 890 274 940 ut
291 898 360 940 mox
382 880 521 956 dicemus,
545 882 574 939 in
595 879 640 938 bis
663 896 780 957 quoque
802 879 890 939 rebus
913 891 1088 940 momentum
1102 892 1162 952 est;

155 976 185 1026 et
205 965 276 1026 nihil
302 973 401 1044 potest
422 964 543 1042 placere
567 963 644 1041 quod
665 980 722 1022 non
742 964 837 1024 decet.

112 1061 146 1114 12
237 1049 335 1109 Debet
359 1050 444 1108 etiam
470 1047 579 1107 docere
608 1046 783 1124 comoedus,
810 1049 956 1125 quomodo
978 1051 1163 1128 narrandum,

156 1135 267 1213 quasit
290 1135 462 1194 auctoritate
487 1131 680 1207 suadendum,
705 1149 761 1208 qua
786 1135 982 1193 concitatione
1006 1143 1165 1213 consurgat

154 1221 214 1293 ira,
242 1219 290 1296 qui
311 1217 405 1277 flexus
426 1216 531 1276 deceat
550 1217 775 1276 miserationem.
822 1215 907 1289 Quod
930 1220 970 1279 ita
991 1221 1099 1298 optime
1122 1219 1164 1279 fa-

156 1303 230 1376 ciet,
257 1303 281 1360 si
305 1310 403 1361 certos
428 1319 467 1360 ex
484 1301 642 1361 comoediis
661 1299 785 1377 elegerit
805 1299 890 1359 locos
912 1311 941 1360 et
968 1302 1003 1362 ad
1025 1301 1082 1362 hoc
1104 1321 1163 1363 ma·

113 1388 230 1451 13xime
258 1386 399 1462 idoneos,
433 1385 461 1444 id
491 1393 552 1461 est,
582 1385 744 1444 actionibus
772 1385 891 1445 similes.
942 1385 1033 1446 Iidem
1069 1395 1165 1448 autem

155 1486 213 1529 nou
235 1468 271 1528 ad
292 1468 533 1547 pronuntiandum
552 1468 638 1528 modo
657 1469 802 1529 utilissimi
822 1487 924 1529 verum
945 1470 981 1530 ad
1004 1470 1166 1548 augendam

113 1563 272 1631 14quoque
296 1553 493 1631 eloquentiam
509 1553 632 1611 maxime
650 1553 861 1613 accommodati
880 1563 972 1612 erunt.
1018 1553 1056 1614 Et
1078 1553 1164 1632 haec,

156 1637 222 1697 dum
243 1636 354 1697 infirma
376 1645 457 1696 aetas
486 1638 595 1696 maiora
621 1653 679 1694 non
709 1638 820 1715 capiet;
853 1647 997 1714 ceterum,
1029 1657 1093 1697 cum
1123 1639 1165 1699 le·

156 1738 229 1798 gere
249 1723 397 1781 orationes
421 1718 584 1798 oportebit,
610 1739 673 1779 cum
695 1724 817 1780 virtutes
842 1740 940 1782 earum
962 1723 1017 1781 iam
1038 1724 1165 1782 sentiet:

156 1815 215 1865 tum
236 1805 304 1864 mihi
326 1805 451 1882 diligens
476 1805 580 1883 aliquis
603 1823 637 1864 ac
662 1807 773 1884 peritus
789 1808 923 1882 assistat,
952 1824 1047 1885 neque
1071 1807 1165 1867 solum

156 1889 314 1950 lectionem
340 1889 446 1949 formet
470 1907 570 1948 verum
600 1889 734 1948 ediscere
759 1891 844 1949 etiam
868 1891 965 1950 electa
987 1909 1024 1950 ex
1046 1891 1090 1951 bis
1115 1909 1151 1951 co

157 1984 206 2051 gat
219 1983 248 2033 et
268 1991 304 2033 ea
321 1974 421 2034 dicere
433 1983 557 2033 stantem
575 1973 655 2033 clare
669 1982 697 2032 et
714 1973 953 2052 quemadmodum
971 1993 1061 2052 agere
1078 1993 1152 2054 opor

156 2057 245 2133 tebit,
269 2066 300 2117 ut
320 2059 452 2137 protinus
474 2059 754 2137 pronuntiationem,
780 2076 901 2135 vocem,
924 2062 1091 2119 memoriam
1115 2077 1165 2118 ex·

157 2150 267 2201 eraeat.

116 2236 148 2288 15
243 2223 289 2284 Ne
300 2225 369 2286 illos
385 2225 501 2305 quidem
516 2224 775 2303 reprehendendos
791 2236 872 2306 puto,
889 2228 938 2306 qui
949 2227 1065 2307 paulum
1080 2230 1166 2288 etiam

160 2309 346 2388 palaestricis
370 2319 557 2370 vacaverunt.
602 2309 668 2369 Non
691 2310 727 2370 de
753 2310 798 2371 his
820 2311 942 2390 loquor,
970 2313 1074 2392 quibus
1097 2331 1165 2392 pars

159 2395 237 2454 vitae
258 2395 288 2452 in
311 2393 397 2471 oleo,
421 2412 489 2473 pars
512 2397 541 2453 in
561 2396 629 2454 vino
650 2399 836 2473 consumitur,
859 2399 907 2475 qui
927 2413 1082 2477 corporum
1098 2415 1167 2456 cura

156 2486 282 2537 mentem
302 2477 470 2554 obruerunt,
494 2479 549 2540 hos
564 2482 640 2540 enim
655 2479 762 2540 abesse
781 2479 816 2540 ab
835 2497 871 2539 eo
889 2499 975 2558 quem
993 2483 1166 2540 instituimus

115 2571 241 2641 16quam
263 2562 434 2640 longissime
455 2564 557 2633 velim;
580 2564 633 2623 sed
655 2581 760 2623 nomen
780 2573 824 2622 est
847 2563 923 2623 idem
946 2566 998 2637 iis,
1022 2582 1039 2622 a
1062 2563 1165 2640 quibus

157 2656 259 2724 gestus
282 2656 436 2726 motusque
458 2647 632 2707 formantur:
660 2656 692 2706 ut
715 2657 797 2707 recta
819 2647 874 2705 sint
896 2644 1032 2720 brachia,
1060 2663 1096 2704 ne
1124 2647 1165 2705 in·

157 2730 264 2791 doctae
283 2733 449 2791 rusticaeve
474 2749 590 2806 manus,
622 2748 658 2790 ne
683 2739 775 2790 status
796 2729 969 2804 indecorus,
999 2746 1036 2787 ne
1059 2730 1166 2808 quain

158 2815 343 2892 proferendis
367 2815 489 2894 pedibus
513 2816 637 2890 inscitia,
661 2833 697 2873 ne
721 2822 807 2893 caput
822 2813 958 2891 oculique
974 2812 1010 2872 ab
1027 2813 1083 2873 alia
1101 2830 1166 2872 cor-

116 2906 149 2962 17
157 2901 238 2976 poris
257 2898 443 2960 inclinatione
463 2899 630 2959 dissideant.
663 2897 736 2957 Nam
747 2915 842 2976 neque
857 2895 931 2957 baec
949 2915 1016 2956 esse
1035 2900 1065 2957 in
1083 2907 1167 2977 parte

160 2984 401 3060 pronuntiationis
427 2985 577 3060 negaverit
601 2983 768 3061 quisquam,
795 3000 892 3060 neque
919 2983 1013 3060 ipsam
1041 3000 1165 3062 pronun·

158 3065 309 3125 liationem
327 3068 363 3127 ab
383 3076 501 3128 oratore
520 3075 671 3140 secernet,
695 3076 725 3125 et
744 3076 841 3143 certe,
864 3066 942 3145 quod
960 3066 1060 3126 iacere
1079 3084 1166 3146 opor·

158 3157 235 3225 teat,
263 3167 321 3209 non
340 3151 544 3230 indignandum
569 3161 614 3211 est
642 3149 775 3226 discere,
807 3170 871 3211 curn
899 3153 1071 3231 praesertim
1093 3151 1168 3211 haec

160 3232 355 3309 chironomia,
375 3254 450 3313 quae
471 3245 535 3311 est,
556 3244 587 3295 ut
609 3237 724 3295 nomine
744 3237 811 3314 ipso
830 3235 1014 3311 declaratur,
1038 3238 1090 3297 lea
1112 3255 1168 3314 qe·

158 3324 241 3396 etus,
266 3326 295 3378 et
317 3318 430 3381 abillis
451 3319 631 3399 temporibus
654 3319 783 3380 beroicis
807 3329 870 3380 orta
892 3322 930 3380 sit
954 3329 983 3379 et
1009 3337 1025 3378 a
1051 3322 1167 3380 summis

160 3399 301 3462 Graeciae
319 3404 388 3463 viris
408 3414 495 3484 atque
516 3406 582 3483 ipso
600 3405 686 3465 etiam
703 3405 826 3465 Socrate
847 3404 986 3484 probata,
1012 3421 1028 3463 a
1047 3404 1169 3465 Platone
