2566 4026
320 187 410 235 rnsr.
424 186 573 237 cnnron.
587 187 657 236 nvn.
670 190 705 257 V,
715 186 741 242 9.
754 190 797 241 ιο.
997 179 1058 243 203

57 356 89 406 et
105 342 241 405 venalicii
257 350 287 402 et
303 341 472 421 cruditatis)
496 352 524 402 et
546 343 649 403 vulnus
672 345 701 403 in
722 354 845 423 pectore
861 364 913 407 sua
928 366 1011 409 manu
1031 358 1060 409 et

57 429 154 492 aliena
173 428 289 505 perisse
312 424 490 502 dicentibus,
512 428 545 486 in
570 445 627 505 quo
644 436 698 488 est.
744 428 825 490 llaec
840 430 962 511 proinde
978 432 1059 493 lirma

57 512 200 575 habentur
214 520 301 587 atque
322 511 504 569 extrinsecus
521 511 697 571 adiuvantur.

142 595 251 658 Eorum
268 602 378 669 antem,
399 611 473 672 quae
489 595 571 672 signa
587 605 652 655 sunt
670 594 784 673 quidem
799 596 852 658 sed
867 614 924 658 non
940 600 1102 669 sintne-12

54 681 203 754 cessaria,
227 695 321 755 genus
342 676 538 756 Hermagoras
560 687 655 757 putat,
684 696 753 738 non
774 697 860 741 esse
882 684 1061 759 virginem

56 764 284 837 Atalantam,
307 761 391 839 quia
412 779 487 821 cum
508 762 703 822 iuvenibus
727 780 792 841 per
813 765 932 826 silvas
948 784 1059 844 vage·

53 859 125 910 tur.
157 845 242 920 Quod
257 846 282 905 si
297 847 512 924 receperimus,
528 863 651 922 vereor,
667 864 704 906 ne
725 849 818 909 omnia
836 867 911 927 quae
928 868 965 909 ex
981 850 1060 911 lacto

56 934 216 1007 ducuntur,
239 930 323 1006 signa
344 929 492 989 iaciamus.
531 929 642 990 Eadem
664 940 759 991 tamen
781 934 894 994 ratione
907 951 963 1012 qua
978 934 1060 1012 signa

54 1023 226 1076 tractantur.
253 1011 317 1073 Nec
328 1012 396 1072 milri
408 1013 542 1073 videntur
553 1012 765 1093 Areopagitae,
783 1035 847 1077 cum
864 1016 1061 1078 damnaverint
1070 1032 1103 1085 13

54 1117 178 1180 puerum
196 1097 374 1157 coturnicum
390 1097 494 1157 oculos
510 1108 675 1176 eruentem,
697 1099 774 1160 aliud
792 1101 953 1177 indicasse,
977 1120 1061 1180 qnam
1116 1146 1121 1155 .

55 1184 85 1245 id
107 1184 220 1261 signum
241 1198 309 1241 esse
331 1182 596 1259 perniciosissimae
615 1184 718 1242 mentis
739 1183 894 1263 multisque
914 1185 991 1245 malo
1018 1186 1060 1245 iu·

54 1278 155 1343 turae,
180 1267 205 1325 si
226 1263 414 1326 adolevisset.
454 1264 538 1326 Unde
561 1268 657 1344 Spurii
680 1264 778 1328 llaelii
795 1266 945 1348 Marcique
962 1267 1059 1329 Manlii

55 1351 237 1431 popularitas
260 1350 372 1427 signnm
393 1349 520 1409 affectati
537 1352 620 1427 regni
637 1359 683 1409 est
701 1353 902 1412 existimatum.
936 1354 994 1413 Sed
1009 1366 1104 1419 vela

54 1453 141 1511 reor,
164 1451 201 1493 ne
223 1433 312 1511 longe
334 1433 448 1492 nimium
469 1450 522 1492 nos
541 1434 626 1494 ducat
641 1432 715 1494 haec
729 1437 787 1495 via.
829 1435 902 1496 Nam
919 1439 944 1497 si
962 1445 1008 1497 est
1023 1438 1060 1496 si·

56 1537 144 1597 gnum
160 1517 310 1578 adulterae
328 1516 418 1576 lavari
434 1535 499 1576 cum
516 1519 603 1577 viris:
623 1519 677 1577 erit
695 1528 724 1578 et
741 1521 897 1580 convivere
915 1539 979 1581 cum
991 1522 1060 1582 ado·

56 1600 252 1676 lescentibus,
274 1600 379 1681 deinde
405 1601 490 1660 etiam
512 1601 689 1662 familiariter
710 1603 831 1664 alicuius
853 1606 977 1664 amicitia
1003 1607 1059 1674 uti;

55 1696 104 1747 aut
119 1687 246 1746 iortasse
264 1702 371 1763 corpus
393 1683 523 1760 vulsum,
545 1686 667 1746 fractum
687 1688 848 1763 incessum,
870 1698 983 1748 vestem
999 1707 1061 1747 mu-

55 1770 179 1831 liebrem
201 1770 308 1830 dixerit
328 1768 425 1828 mollis
449 1779 478 1828 et
503 1786 603 1847 parum
628 1772 682 1829 viri
698 1773 797 1850 signa,
820 1775 844 1832 si
863 1774 908 1832 cui
926 1772 1007 1851 (cum
1023 1774 1060 1831 si-

55 1873 143 1933 gnum
153 1853 181 1914 id
194 1854 313 1931 proprie
326 1854 373 1929 sit,
391 1852 467 1931 quod
484 1871 521 1912 ex
537 1870 584 1930 eo,
598 1854 634 1914 de
651 1857 879 1937 qucquaeritur,
901 1866 996 1916 natum
1007 1854 1060 1915 sub

56 1939 161 1999 oculos
188 1938 287 2016 venit)
313 1946 343 1996 ut
368 1938 486 2015 sanguis
509 1956 524 1998 a
548 1939 657 2016 caede,
687 1940 726 1998 ita
748 1940 799 2000 illa
823 1958 861 2000 ex
884 1939 1061 2018 impudicitia

55 2024 147 2083 liuere
171 2022 331 2082 videantur.
379 2020 422 2080 Ea
441 2038 557 2099 quoqne
576 2039 665 2100 quae,
684 2025 749 2101 quia
769 2024 941 2103 plerumque
960 2023 1103 2091 obser-15
1196 2072 1203 2079 ..
1216 2030 1263 2107 qu

55 2117 122 2168 vata
140 2115 221 2183 sunt,
242 2105 333 2182 vulgo
357 2107 438 2183 signa
460 2106 630 2183 creduntur,
653 2115 683 2166 ut
704 2109 911 2185 prognostica.
941 2107 1060 2168 Vento
1087 2076 1209 2215 Ml·

55 2189 163 2251 rubet
184 2207 296 2250 aurea
317 2188 467 2249 Phoebe
491 2198 519 2248 et
538 2187 800 2269 Cornixplena
817 2191 978 2270 pluviam
997 2208 1060 2251 vo-

56 2283 115 2336 cat
139 2273 306 2352 improba
327 2290 437 2347 voce,
460 2273 484 2331 si
507 2291 611 2332 causas
634 2291 671 2332 ex
688 2273 825 2350 qualitate
843 2275 920 2335 coeli
934 2277 1059 2349 trahunt,

56 2377 127 2419 sane
139 2360 180 2418 ita
192 2356 387 2436 appellentur.
418 2355 490 2415 Nam
505 2358 530 2415 si
545 2364 634 2415 vento
651 2355 736 2416 rubet
752 2357 835 2418 luna:
853 2361 967 2435 signum
981 2359 1061 2416 venti
1070 2370 1103 2426 16

57 2452 102 2503 est
119 2441 218 2502 rubor.
252 2440 345 2517 Etsi,
368 2450 398 2501 ut
426 2440 501 2499 idem
524 2448 613 2518 poeta
636 2438 760 2517 colligit,
782 2440 918 2501 densatus
939 2450 968 2501 et
983 2441 1061 2500 laxa-

56 2536 102 2586 tus
118 2544 169 2587 aer
186 2525 267 2602 iacit,
286 2534 316 2584 ut
331 2527 367 2585 sit
383 2523 449 2584 inde
468 2523 520 2583 ille
542 2525 637 2582 avium
660 2532 837 2584 concentus:
861 2524 937 2583 idem
954 2526 1061 2584 sentie-

57 2629 129 2670 mus.
170 2610 242 2669 Sunt
260 2618 355 2669 autem
371 2610 453 2685 signa
470 2609 555 2667 etiarn
571 2624 661 2685 parva
676 2624 860 2685 magnorum,
879 2616 910 2667 ut
925 2608 974 2667 vel
989 2606 1063 2668 haec

56 2695 120 2773 ipsa
137 2695 254 2760 cornix;
273 2711 337 2753 nam
354 2694 464 2752 maiora
478 2693 619 2750 minorum
635 2708 718 2769 esse,
736 2707 821 2751 nemo
837 2693 963 2752 miratur.

416 2845 461 2894 DE
485 2843 707 2896 ARGUdlENTlS.

140 2940 178 3002 Χ.
209 2940 293 3002 Nunc
310 2942 346 3001 de
363 2943 601 3018 argumentis.
634 2940 698 3001 Hoc
716 2942 791 3000 enim
803 2942 919 3000 nomine
935 2939 1063 3016 comple·

58 3028 160 3085 ctimnr
175 3027 286 3101 omnia,
309 3043 384 3104 qnae
398 3024 501 3085 Graeci
521 3019 733 3104 ἐνθυμήματα,
750 3018 973 3105 ἐπιχειρήματα,
991 3018 1063 3083 davo-

58 3110 158 3184 δείξεις
176 3119 294 3186 vocant,
317 3126 478 3188 quanquam
499 3109 575 3188 apud
595 3109 663 3169 illos
680 3117 726 3168 est
743 3108 839 3186 aliqua
858 3108 960 3168 horum
975 3109 1064 3167 nomi·

56 3212 123 3253 num
135 3193 307 3269 differentia,
325 3194 436 3254 etiarnsi
451 3194 496 3252 vis
512 3193 617 3253 eodem
632 3193 696 3253 iere
709 3192 809 3252 tendit.
841 3190 914 3252 Nam
935 3192 1064 3268 enthy-

56 3295 167 3338 mema
194 3278 294 3356 (quod
324 3296 377 3342 nas
409 3285 604 3339 commentam
626 3295 696 3337 sane
718 3285 766 3337 aut
789 3278 1065 3339 commentationem

56 3361 292 3441 interpretemur,
311 3364 378 3441 quia
394 3360 478 3422 aliter
493 3377 550 3421 non
571 3376 735 3439 possumus,
755 3358 868 3422 Graeco
886 3361 990 3422 melius
1007 3362 1064 3440 uti)

56 3463 143 3505 unum
170 3445 351 3507 intellectum
375 3444 480 3521 habet,
506 3462 564 3524 quo
587 3448 681 3506 omnia
701 3453 798 3505 mente
817 3454 960 3526 concepta
975 3446 1064 3524 signi-
