2566 4026
400 159 834 228 msu.onnuon.u1s.1V,a.
1057 148 1116 212 tos

112 335 182 378 reus
196 325 251 393 est,
265 315 413 375 confessio
426 314 619 374 verecundior
629 333 712 394 quam
724 315 884 394 expositio:
897 314 1121 395 Noauepamua

115 404 154 465 de
167 401 277 478 tempto
288 399 455 477 pecuniam
469 417 537 459 esse
546 400 711 474 sublatam,
729 400 936 460 calumniatur
946 409 1047 462 tamea
1063 420 1119 463 ac·

115 491 240 546 cusator
249 483 369 544 actious
380 482 624 560 scommaticum
632 484 759 560 priuata
767 482 862 560 suerit
871 501 931 544 uon
942 502 1055 553 sacra;
1066 503 1120 546 ooo

115 575 216 629 autem
232 569 272 628 de
286 567 344 627 boc
360 567 558 642 cognoscetis,
577 583 618 625 an
632 567 829 644 sactitepium
843 566 884 626 sit
897 568 1077 628 admissam.

201 650 260 709 Sed
275 656 306 708 ut
321 648 374 706 has
392 647 547 726 aliquando
563 664 621 706 non
637 648 771 708 narrandi
788 666 892 708 causas
911 658 997 727 puto:
1021 652 1065 709 sic
1083 649 1144 714 abit

115 734 173 794 illis
201 733 360 806 dissentio,
384 732 433 809 qui
455 748 513 790 non
539 732 704 792 existimant
728 750 795 792 esse
817 733 1029 809 narrationem,
1055 751 1119 792 oum

114 835 183 877 reus
202 816 280 895 quod
303 815 562 875 obiiciturtantum
584 824 686 892 negat;
710 816 812 894 inqua
834 824 879 875 est
894 816 1030 894 opinione
1047 814 1118 876 Gor·

114 900 208 960 nelius
226 897 349 974 Celsus,
376 899 424 977 qui
443 899 622 958 condicionis
646 897 729 958 buius
746 917 813 958 esse
836 898 990 960 arbitratur
1006 899 1118 977 pleras-

116 1003 172 1063 que
190 982 288 1043 caedis
306 999 410 1042 causas
428 990 456 1040 et
474 1000 575 1041 omnes
592 982 714 1041 ambitus
733 1000 767 1042 ac
783 982 1016 1061 repetundarum.
1053 983 1162 1045 Nonltt

115 1069 190 1127 enim
212 1074 293 1145 putat
317 1083 384 1124 esse
406 1068 616 1142 narrationem,
641 1066 696 1124 nisi
722 1083 797 1144 quae
821 1085 958 1126 summam
982 1068 1118 1145 criminis,

115 1151 150 1210 de
170 1167 227 1230 quo
245 1149 380 1208 iudicium
396 1157 457 1224 εει,
481 1151 626 1224 continet,
644 1149 748 1209 deinde
763 1148 870 1209 fatetur
885 1152 966 1228 ipse,
991 1167 1046 1228 pro
1063 1151 1118 1212 Ra-

114 1233 188 1294 birio
211 1233 348 1292 Postumo
374 1251 509 1292 narrasse
535 1231 725 1301 Ciceronem
754 1242 840 1311 atque
868 1233 919 1293 ille
947 1243 976 1294 et
1001 1236 1120 1311 negavit

115 1318 288 1397 pervenisse
310 1316 346 1375 ab
361 1315 507 1375 Rabirium
525 1318 691 1394 pecuniam,
716 1316 829 1395 quade
851 1335 884 1376 re
906 1327 968 1377 erat
985 1318 1118 1397 quaestio

116 1402 287 1475 constituta,
310 1408 339 1458 et
361 1401 389 1457 in
411 1400 466 1459 hac
488 1402 652 1460 narratione
675 1400 746 1460 nibil
770 1400 806 1459 be
831 1401 949 1461 crimine
971 1402 1117 1479 exposuit.

115 1483 180 1561 Ego
203 1492 298 1543 autern
320 1500 441 1560 magnos
458 1483 567 1563 alioqui
590 1492 708 1544 secutus
730 1493 883 1561 auctores,
906 1485 977 1545 duas
1003 1503 1071 1545 esse
1092 1487 1160 1550 inll

116 1568 228 1627 iudiciis
246 1568 441 1626 narrationum
457 1569 575 1645 species
593 1568 743 1642 existimo,
768 1567 888 1628 alteram
903 1569 994 1647 ipsius
1011 1586 1118 1630 causae

116 1652 237 1712 alteram
257 1668 354 1709 rerum
377 1650 412 1709 ad
431 1669 547 1711 causam
567 1652 770 1730 pertinentium
793 1653 1018 1730 expositionem.
1051 1651 1161 1717 Nouli

114 1735 216 1796 occidi
236 1734 400 1810 bominem,
419 1733 497 1794 nulla
514 1737 641 1794 narratio
660 1744 719 1803 cst;
743 1736 894 1804 convenit;
917 1735 970 1795 sed
991 1737 1046 1794 erit
1067 1736 1119 1796 ali·

117 1836 173 1898 qua
196 1826 226 1876 et
246 1818 360 1876 interim
383 1819 468 1878 etiam
491 1817 578 1895 longa
601 1827 702 1878 contra
724 1827 892 1896 argumenta
910 1820 971 1878 eius
994 1819 1119 1879 criminis

113 1903 153 1961 de
176 1909 309 1960 anteacta
324 1902 399 1976 vita,
423 1901 459 1960 de
482 1903 594 1977 causis,
616 1910 738 1980 propter
754 1919 826 1981 quas
842 1904 982 1963 innocens
998 1903 1027 1961 in
1042 1903 1119 1980 peri·

116 1984 212 2045 culum
230 1983 404 2060 deducatur,
422 1984 501 2060 aliis,
518 1985 621 2063 quibus
637 1985 807 2045 incredibile
823 1985 861 2061 id,
879 1986 957 2065 quod
973 1984 1118 2063 obiicitur,

116 2069 175 2128 liat.
205 2067 309 2146 Neque
325 2067 399 2127 enim
416 2077 570 2128 accusator
585 2077 692 2129 tantum
707 2069 765 2128 hoc
783 2069 862 2145 dicit,
878 2070 1035 2137 occidisti;
1054 2067 1118 2145 sed,
1129 2069 1162 2123 li

117 2150 221 2230 quibus
242 2151 271 2209 id
292 2152 415 2230 probet,
444 2161 551 2211 narrat.
593 2151 685 2212 Utin
712 2153 889 2230 tragoediis,
919 2171 983 2213 cum
1005 2152 1120 2213 Teucer

115 2233 222 2295 Ulixen
245 2253 326 2295 reum
348 2236 418 2296 iacit
435 2236 535 2294 Aiacis
559 2236 651 2295 occisi
670 2236 785 2295 dicens:
814 2235 974 2298 Iuoeutum
999 2255 1067 2298 eum
1086 2238 1120 2297 iu

116 2319 279 2380 solitudine
292 2321 381 2380 iusta
393 2321 535 2380 manime
547 2337 661 2396 corpus
674 2321 792 2380 inimici
806 2339 875 2380 oum
886 2321 993 2399 gladio
1008 2338 1119 2381 cruen-
1151 2372 1155 2379 .

118 2409 161 2465 to:
188 2419 246 2461 non
261 2402 290 2462 id
305 2402 391 2462 modo
408 2402 511 2462 Ulixes
527 2401 702 2480 respondet,
723 2418 781 2460 non
797 2419 865 2462 esse
881 2421 897 2462 a
914 2420 947 2462 se
963 2403 992 2462 id
1006 2402 1119 2461 facinus

116 2485 287 2562 admissum,
311 2486 363 2546 scd
385 2486 440 2547 sibi
463 2485 557 2545 nullas
579 2504 644 2545 cunr
660 2485 753 2544 Aiace
772 2485 933 2545 inimicitias
948 2485 1058 2560 fuisse,
1082 2485 1120 2544 de

117 2569 203 2629 laude
226 2571 302 2629 inter
326 2572 407 2648 ipsos
430 2579 587 2638 certatum;
613 2568 718 2629 deinde
739 2567 900 2646 subiungit,
925 2568 1071 2647 quomodo
1090 2569 1120 2627 iu

117 2671 180 2712 earn
196 2652 382 2714 solitudinem
396 2655 520 2730 venerit,
536 2655 679 2713 iacentem
694 2653 855 2712 exanimem
869 2654 906 2712 sit
922 2653 1118 2731 conspicatus,

115 2735 243 2812 gladium
265 2738 418 2798 evulnere
441 2739 609 2797 extraxerit.
647 2735 698 2796 His
721 2736 883 2796 subtexitur
898 2737 1117 2814 argumentatio.

117 2819 176 2880 Sed
191 2837 229 2880 ne
244 2820 315 2880 illud
331 2820 446 2899 quidem
462 2823 525 2880 sine
541 2823 706 2882 narratione
724 2829 785 2898 est,
803 2820 918 2880 dicente
935 2829 1118 2896 accusatore,
1128 2827 1162 2881 14

116 2900 213 2964 Fuisti
232 2905 265 2964 iu
280 2923 315 2965 eo
335 2908 419 2980 loco,
438 2906 469 2965 im
491 2921 549 2984 quo
569 2914 639 2967 tuus
658 2907 801 2966 iuimicus
822 2906 943 2966 occisus
964 2911 1025 2966 est:
1050 2901 1119 2965 Noa

114 2987 183 3065 lias}
213 2987 365 3047 dicendum
394 2990 487 3064 eninr,
515 2989 564 3048 ubi
587 2990 684 3049 luerit.
735 2987 832 3061 Quare
855 2988 976 3048 ambitus
1001 3004 1118 3067 quoque

118 3088 224 3132 causae
243 3081 271 3131 ει
291 3073 517 3150 repetundarum
532 3072 589 3132 hoc
613 3074 698 3132 etiam
722 3071 821 3150 plures
842 3072 1004 3132 huiusmodi
1022 3089 1118 3131 narra-

116 3155 212 3214 tiones
236 3155 346 3215 babere
369 3165 522 3233 poterunt,
545 3173 603 3236 quo
625 3157 707 3234 plura
728 3157 860 3225 crimina;
885 3155 1035 3235 inquibus
1055 3156 1118 3232 ipsa

118 3239 234 3316 quidem
248 3239 381 3316 neganda
404 3249 486 3315 sunt,
509 3241 563 3300 sed
580 3241 756 3317 argumentis
773 3241 958 3317 expositione
975 3240 1118 3299 contraria

117 3322 310 3382 resistendum
323 3331 353 3382 et
367 3324 509 3383 interdum
524 3324 646 3401 singulis
662 3323 803 3382 interdum
818 3324 970 3382 universis.
995 3321 1161 3383 burensis

119 3406 240 3466 ambitus
256 3406 333 3466 male
356 3407 498 3483 narrabit,
519 3425 592 3486 quos
610 3416 747 3486 parentes
763 3406 911 3483 habuerit,
934 3407 1118 3487 quemadmo-
