2566 4026
142 131 179 193 12
458 140 818 199 m.unn.oumu1u1xu1

139 300 175 360 de
189 302 301 377 gremio
323 307 352 358 et
373 297 490 358 discere
511 297 589 356 serio
608 296 734 372 incipiat.
766 294 830 355 Hoc
852 295 939 371 igitur
961 295 1141 373 potissimum

139 384 207 444 loco
220 383 367 444 tractanda
379 381 512 460 quaestio
525 389 581 455 est,
598 379 729 439 utilius
746 381 796 439 sit
811 379 903 438 domi
920 387 1028 458 atque
1044 381 1141 440 intra

138 469 307 546 privatos
338 468 509 545 parietes
533 463 745 541 studentem
773 465 969 523 continere
998 480 1038 523 an
1066 464 1140 524 fre·

140 552 314 629 quentiae
350 549 560 610 scholarum
593 556 627 606 et
654 547 758 607 velut
783 546 943 626 publicis
981 565 1140 626 praece·

112 634 310 713 pptoribus
329 635 489 695 tradere.
527 631 612 705 Quod
632 631 746 710 quidem
763 649 827 691 cnm
843 632 895 708 iis,
917 649 933 691 a
953 630 1057 710 quibus
1081 633 1127 693 cla

138 720 313 779 rissimarum
332 719 476 778 civitatum
491 732 588 776 mores
603 724 669 774 sunt
684 717 813 791 instituti,
834 724 892 775 tum
908 717 1140 776 eminentissimis

46 811 48 815 '
138 801 304 862 auctoribus
323 803 410 863 video
433 801 590 880 placuisse.
633 797 698 858 Non
714 807 758 858 est
780 809 874 859 tamen
895 800 1139 876 dissimulandum,

139 905 206 946 esse
221 886 392 962 nonnullos,
416 886 463 964 qui
480 883 587 944 abhoc
604 900 698 962 prope
713 882 831 963 publico
847 900 929 943 more
944 885 1055 963 privata
1071 902 1140 962 qua·

141 971 204 1030 dam
233 972 422 1050 persuasione
448 968 626 1028 dissentiant.
669 967 704 1027 Hi
732 967 802 1028 duas
828 969 985 1047 praecipue
1012 969 1141 1028 rationes

141 1056 224 1132 sequi
245 1055 392 1115 videntur:
419 1071 518 1127 unam,
542 1050 619 1130 quod
644 1051 772 1111 moribus
797 1055 889 1129 magis
917 1051 1068 1112 consulant
1095 1052 1126 1111 lu

140 1139 245 1216 giendo
266 1137 377 1198 turbam
395 1137 539 1198 bominum
562 1137 624 1194 eius
642 1137 760 1211 aetatis,
784 1153 859 1214 quae
881 1137 918 1195 sit
940 1136 976 1197 ad
992 1137 1061 1196 vitia
1081 1153 1139 1195 ma·

139 1225 215 1282 xime
236 1239 345 1301 prona,
366 1221 440 1281 nude
464 1236 566 1281 causas
587 1220 710 1297 turpium
732 1220 874 1280 factorum
894 1238 985 1300 saepe
1007 1221 1140 1280 extitisse

139 1307 244 1366 utinam
259 1305 335 1365 falso
352 1306 524 1370 instaretur:
543 1303 680 1380 alteram,
703 1304 797 1383 quod,
818 1304 949 1383 quisquis
967 1304 1079 1364 futurus
1095 1312 1141 1363 est

139 1390 189 1449 ille
204 1399 396 1468 praeceptor,
419 1388 567 1448 liberalius
583 1397 714 1466 tempora
730 1406 782 1448 sua
796 1390 977 1467 impensurus
996 1389 1043 1447 nni
1059 1388 1139 1447 vide-

112 1482 199 1548 3tur,
222 1490 306 1551 qnam
324 1475 349 1533 si
364 1474 465 1534 eadem
480 1475 508 1532 in
523 1472 623 1550 plures
640 1474 788 1550 partiatur.
818 1472 901 1533 Prior
917 1490 1004 1533 causa
1018 1489 1139 1550 prorsus

138 1559 245 1634 gravis.
284 1555 356 1617 Nam
377 1559 401 1617 si
427 1557 528 1617 studiis
555 1555 670 1634 quidem
698 1552 816 1617 scholas
840 1557 985 1635 prodesse
1010 1555 1139 1616 moribus

138 1648 232 1700 autem
254 1658 363 1702 nocere
387 1649 549 1701 constaret:
574 1642 671 1718 potior
690 1640 759 1700 milri
781 1642 855 1701 ratio
876 1641 992 1700 vivendi
1015 1639 1139 1700 honeste

139 1742 223 1801 quam
242 1725 290 1785 vel
312 1727 420 1805 optimo
444 1723 557 1785 dicendi
578 1724 736 1783 videretur.
774 1725 834 1785 Sed
853 1744 917 1785 mea
942 1725 1057 1803 quidem
1074 1741 1138 1783 sen-

137 1810 226 1868 tentia
251 1811 347 1870 iuncta
367 1811 422 1871 ista
444 1817 530 1887 atque
552 1808 709 1868 indiscreta
735 1818 810 1867 sunt.
849 1809 953 1888 Neque
975 1810 1050 1868 enim
1072 1826 1139 1867 esse

138 1901 284 1953 oratorem
306 1894 360 1953 nisi
382 1893 489 1954 bonnm
507 1894 599 1952 virum
624 1892 738 1969 iudico,
769 1901 799 1952 et
825 1893 888 1953 lieri
911 1893 1021 1953 etiamsi
1042 1901 1140 1971 potest

139 1977 218 2037 nolo.
251 1976 296 2037 Do
314 1977 369 2037 hac
385 1995 418 2037 re
434 1979 522 2054 igitur
540 1977 630 2056 prins.

114 2067 132 2120 4
223 2058 374 2139 Corrumpi
388 2079 486 2121 mores
502 2062 530 2120 in
545 2060 654 2120 sobolis
669 2069 782 2138 putant;
799 2069 905 2121 namet
921 2069 1140 2139 corrumpuntur

139 2144 269 2219 interim,
294 2145 346 2204 sed
370 2144 445 2205 domi
466 2161 601 2222 quoqne,
625 2151 654 2202 et
671 2153 736 2204 sunt
756 2145 844 2205 multa
860 2147 921 2204 eius
942 2145 985 2204 rei
1005 2144 1140 2222 exempla

139 2235 196 2286 tam
215 2226 314 2288 laesae
334 2228 455 2289 hercule
472 2245 555 2306 quam
578 2237 769 2299 conservatae
790 2230 969 2290 sanctissime
985 2227 1140 2306 utrobique

140 2312 293 2388 opinionis.
324 2310 432 2372 Natura
454 2313 595 2391 cuiusque
609 2321 700 2372 totum
722 2331 849 2393 curaque
869 2314 964 2374 distat.
996 2313 1040 2373 Do
1061 2330 1139 2376 men·

138 2403 196 2453 tem
216 2394 250 2454 ad
270 2396 372 2474 peiora
387 2396 519 2473 facilem,
540 2397 576 2457 da
591 2397 798 2476 negligentiam
818 2398 959 2459 formandi
975 2397 1139 2458 custodien-

139 2478 225 2555 dique
248 2480 276 2538 in
298 2488 392 2540 aetata
416 2481 505 2559 prima
525 2481 662 2560 pudoris:
684 2499 742 2542 non
762 2484 901 2542 minorem
922 2482 1037 2559 flagitiis
1054 2497 1139 2540 occa-

138 2564 248 2622 sionem
267 2573 383 2624 seoreta
402 2565 598 2643 praebuerint.
632 2565 703 2626 Nam
724 2574 753 2624 et
771 2574 870 2643 potest
892 2567 982 2642 turpis
999 2581 1066 2623 esse
1088 2562 1138 2622 do-

137 2648 274 2706 mesticus
290 2647 340 2708 ille
356 2658 548 2727 praeceptor,
564 2666 620 2708 nec
635 2651 722 2708 tutior
737 2650 812 2707 inter
827 2665 931 2708 servos
945 2646 1038 2706 malos
1054 2664 1139 2724 quam

113 2731 278 2807 5ingenuos
295 2750 394 2810 parum
408 2733 556 2793 modestos
573 2733 756 2790 conversatio
774 2739 827 2791 est.
856 2730 895 2790 At
911 2732 936 2789 si
951 2730 1027 2791 bona
1047 2731 1138 2809 ipsius

137 2814 267 2890 indoles,
288 2818 312 2876 si
333 2833 391 2876 non
413 2833 501 2876 caeca
522 2832 557 2874 ac
577 2815 672 2893 sopita
693 2824 842 2893 parentum
862 2815 998 2875 socordia
1021 2823 1082 2875 est:
1110 2823 1140 2873 et

139 2909 363 2977 praeceptorem
377 2899 489 2977 eligere
505 2900 713 2959 sanctissimum
726 2916 869 2977 quemque
884 2899 981 2978 (cuius
997 2901 1040 2959 rei
1055 2915 1138 2977 prae-

140 2982 224 3058 cipua
245 2983 432 3061 prudentibus
458 2999 526 3043 cura
553 2983 613 3061 est)
639 2991 669 3041 et
693 2983 889 3061 disciplinam,
920 3001 994 3061 quae
1015 2983 1139 3042 maxime

139 3082 243 3126 severa
265 3067 369 3142 fuerit,
396 3068 482 3143 licet,
512 3075 541 3126 et
561 3066 744 3126 nihilominus
766 3069 887 3127 amicum
907 3085 1026 3145 gravem
1048 3065 1139 3125 virum

138 3157 186 3208 aut
201 3149 318 3211 fidelem
333 3150 467 3211 libertum
482 3150 566 3210 lateri
582 3149 633 3210 lilii
653 3152 696 3209 sui
712 3151 888 3229 adiungere,
910 3153 990 3212 cuius
1007 3148 1139 3210 assiduus

139 3234 289 3293 comitatus
307 3236 391 3294 etiam
406 3235 473 3296 illos
489 3233 626 3294 meliores
642 3233 745 3310 iaciat,
769 3237 817 3314 qni
832 3234 1014 3295 timebuntur.

112 3321 129 3375 6
220 3315 320 3378 Facile
341 3327 403 3378 erat
423 3320 507 3379 huius
527 3327 620 3378 metus
641 3319 808 3379 remedium.
846 3318 960 3380 Utinam
981 3317 1140 3378 liberorum

136 3408 301 3460 nostrorum
315 3418 412 3461 mores
430 3420 487 3462 non
505 3404 561 3481 ipsi
575 3400 775 3480 perderemus.
807 3402 956 3464 Infantiam
977 3404 1072 3462 statim
1087 3401 1138 3461 de·
