2566 4026
193 177 250 238 168
508 189 543 233 u.
561 187 639 233 sne.
656 186 876 252 qururrurnur

158 353 232 409 sset
248 345 401 402 inventum.
448 339 506 401 Gur
523 343 610 418 igitur
625 341 707 401 nefas
731 350 777 400 est
797 343 921 420 reperiri
937 343 1046 422 aliquid
1061 361 1078 404 a
1098 344 1193 423 nobis,

189 428 265 506 quod
281 436 346 487 ante
361 443 418 485 non
434 422 540 485 fuerit?
573 425 618 484 An
639 426 680 485 illi
696 425 783 484 rudes
800 426 864 486 sola
879 429 981 487 mentis
1003 437 1102 487 natura
1118 428 1194 490 ducti

187 512 296 570 suntin
315 511 389 586 hoc,
412 518 443 568 ut
465 519 522 569 tarn
544 509 631 568 multa
651 519 844 586 generarent:
869 527 922 569 nos
947 511 983 571 ad
998 512 1192 590 quaerendum

187 612 244 653 nou
267 612 302 653 eo
325 597 390 673 ipso
408 595 599 668 concitemur,
623 593 699 671 quod
724 601 806 653 certe
828 595 934 654 seimus
957 596 1104 655 invenisse
1129 613 1192 671 eos,

158 681 236 758 oqui
253 673 461 756 quaesierunt?
497 676 533 736 Et
550 695 613 737 cum
628 677 689 751 illi,
713 678 761 755 qui
775 677 883 739 nullum
901 679 1068 756 cuiusquam
1085 681 1129 738 rei
1144 680 1192 739 ha·

185 762 309 822 buerunt
328 762 510 840 magistrum,
538 761 660 839 plurima
689 761 717 818 in
738 770 875 839 posteros
897 762 1080 824 tradiderint:
1109 763 1194 823 nobis

186 847 393 907 ususaliarnm
408 863 503 904 rerum
518 845 554 905 nd
570 845 712 905 eruendas
729 845 799 905 alias
816 863 873 906 uon
891 846 1036 924 proderit,
1053 847 1107 906 sed
1124 846 1195 907 nihil

185 930 354 991 habebimus
370 931 423 989 nisi
434 929 569 989 benefroii
584 925 690 989 alieni?
716 929 961 1003 Quemadmodum
972 930 1086 1009 quidam
1100 934 1193 1009 picto·

186 1033 234 1075 res
254 1016 282 1073 in
300 1013 328 1074 id
343 1013 437 1073 solum
461 1013 592 1089 student,
615 1022 645 1073 ut
667 1013 836 1074 describere
859 1014 971 1075 tabulas
993 1017 1135 1074 mensuris
1158 1033 1193 1074 ae

159 1097 271 1164 tlineis
290 1098 390 1159 sciant.
423 1095 519 1176 Turpe
536 1100 621 1157 etiarn
635 1097 706 1157 illud
722 1106 782 1172 est,
807 1107 971 1159 contentum
994 1116 1061 1158 esse
1076 1099 1105 1159 id
1126 1116 1194 1157 con·

186 1184 270 1260 sequi
288 1183 365 1260 quod
380 1182 510 1241 imiteris.
540 1180 612 1241 Nam
629 1200 728 1241 rursus
745 1182 812 1260 quid
829 1191 891 1242 erat
906 1182 1046 1257 futurum,
1067 1184 1092 1242 si
1109 1199 1193 1241 nemo

185 1267 251 1345 plus
274 1265 423 1326 effecisset
445 1283 481 1325 eo
504 1283 589 1343 quem
604 1263 802 1342 sequebatur?
841 1265 918 1326 Nihil
938 1268 967 1325 in
988 1268 1083 1344 poetis
1106 1283 1194 1344 supra

185 1349 294 1410 Livium
309 1350 516 1425 Andronicum,
535 1349 604 1409 nihil
616 1351 644 1408 in
656 1349 784 1408 historiis
796 1367 883 1427 supra
895 1348 1064 1409 Pontificum
1074 1350 1194 1409 annales

185 1433 373 1500 haberemus:
390 1432 498 1493 ratibus
511 1433 603 1492 adhue
618 1434 818 1510 navigaretur;
834 1450 892 1493 non
904 1442 983 1492 esset
999 1434 1122 1511 pictura,
1139 1435 1194 1492 nisi

187 1535 261 1596 quae
283 1517 374 1577 lineas
397 1517 482 1577 modo
506 1526 650 1578 extremus
666 1517 801 1592 umbrae,
822 1535 906 1595 quam
931 1533 1057 1595 corpora
1076 1519 1105 1576 in
1127 1517 1193 1576 sole

158 1602 345 1677 8fecissent,
372 1600 635 1661 circumscriberet.
674 1599 719 1659 Ac
740 1603 764 1660 si
786 1602 880 1661 omnia
895 1618 1090 1679 percenseas:
1113 1600 1193 1661 nulla

187 1685 223 1744 sit
238 1701 296 1760 ars,
313 1684 406 1762 qualis
422 1685 536 1743 inventa
553 1693 615 1759 est,
638 1702 695 1743 nec
709 1685 781 1744 intra
798 1685 906 1745 initium
922 1687 1017 1750 stetit:
1039 1685 1093 1743 nisi
1115 1684 1193 1743 forte

185 1776 284 1827 nostra
308 1769 486 1846 potissimum
513 1776 643 1845 tempora
664 1765 828 1827 damnamus
849 1767 932 1827 huius
951 1767 1140 1843 infelicitatis,
1163 1777 1194 1827 ut

186 1868 261 1910 nunc
273 1850 384 1909 demum
397 1850 465 1909 nihil
479 1859 602 1909 crescat.
630 1849 707 1910 Nihil
720 1861 814 1911 autern
828 1854 935 1912 crescit
947 1852 1011 1912 sola
1022 1852 1192 1911 imitatione.

159 1934 299 2008 90uodsi
316 1933 459 2012 prioribus
476 1934 602 1993 adiicere
617 1933 662 1993 fas
678 1945 808 1996 nonest:
826 1935 971 2013 quomodo
987 1953 1108 2014 sperare
1124 1952 1194 2013 pos·

186 2035 283 2077 sumus
301 2017 381 2077 illurn
396 2027 541 2077 oratorem
557 2016 739 2096 perfectum?
760 2038 824 2079 cum
835 2021 864 2078 in
878 2019 937 2094 his,
962 2036 1035 2097 quos
1053 2020 1194 2078 maximos

186 2100 278 2162 adhuc
295 2103 436 2178 novimus,
459 2119 543 2161 nemo
560 2104 596 2161 sit
611 2104 754 2179 inventus,
773 2105 801 2162 in
819 2120 876 2181 quo
892 2103 962 2162 nibil
980 2111 1028 2163 aut
1043 2102 1193 2163 desidere·

185 2193 232 2245 tur
253 2194 301 2245 aut
316 2184 555 2264 reprebendatur.
598 2185 657 2245 Sed
679 2188 763 2246 etiam
782 2189 829 2264 qui
845 2205 953 2247 summa
969 2204 1026 2245 nou
1041 2195 1192 2263 appetent,

145 2268 361 2334 locontendere
377 2273 473 2348 potius
492 2287 576 2348 quarn
591 2272 674 2349 sequi
690 2270 806 2330 debent.
839 2269 911 2331 Nam
927 2260 976 2348 qni
991 2272 1051 2347 agit
1067 2279 1097 2328 ut
1112 2272 1195 2348 prior

185 2354 232 2428 sit,
249 2353 380 2430 forsitan,
404 2356 514 2414 etiarnsi
534 2371 591 2413 non
607 2355 761 2428 transierit,
783 2354 928 2431 aequabit.
962 2351 1035 2413 llum
1049 2370 1121 2412 vero
1142 2372 1193 2413 ne·

184 2454 230 2498 mo
253 2447 352 2516 potest
372 2457 517 2517 aequare,
545 2439 625 2497 cuins
652 2439 784 2513 vestigiis
810 2437 864 2496 sibi
885 2439 983 2515 utique
1005 2437 1194 2497 insistendum

186 2531 276 2600 putat.
309 2521 442 2582 Necesse
458 2531 503 2581 est
519 2523 609 2597 enim,
635 2539 750 2599 semper
765 2523 801 2580 sit
817 2523 964 2599 posterior
980 2523 1028 2599 qui
1050 2523 1192 2598 sequitur.

184 2604 268 2665 Adde
287 2605 364 2683 quod
385 2607 555 2683 plerumque
581 2605 692 2664 facilius
714 2613 760 2663 est
782 2604 848 2682 plus
872 2604 971 2664 facere
1000 2622 1083 2682 quam
1105 2604 1191 2664 idem.

186 2686 303 2748 Tantam
316 2690 390 2747 enirn
406 2688 604 2749 difficultatem
618 2688 706 2747 habet
718 2688 882 2764 similitudo,
900 2698 929 2748 ut
944 2706 980 2747 ne
995 2688 1059 2765 ipsa
1078 2689 1193 2766 quidem

140 2798 152 2812 κ
184 2781 284 2832 natura
298 2774 326 2831 in
337 2771 395 2832 boc
412 2773 450 2832 ita
466 2772 617 2848 evaluerit,
633 2781 730 2830 utnon
742 2789 790 2831 res
802 2772 1042 2850 simplicissimae,
1059 2789 1192 2849 quaeque

185 2873 271 2934 pares
287 2858 409 2916 maxime
426 2857 592 2931 videantur,
616 2857 715 2933 utique
731 2855 893 2915 discrimine
910 2856 1007 2934 aliquo
1026 2855 1192 2916 discernan-

144 2951 174 3003 ll
183 2949 237 2999 tur.
270 2939 353 3000 Adde
369 2941 457 3018 quod,
475 2939 611 3018 quidquid
624 2940 707 2999 alteri
718 2939 811 2999 simile
827 2949 881 3015 est,
899 2956 1023 2998 necesse
1040 2948 1085 2998 est
1100 2941 1192 2998 minus

185 3025 222 3082 sit
240 3041 293 3099 eo,
319 3024 394 3102 quod
415 3025 555 3100 imitatur,
576 3033 607 3082 ut
627 3023 725 3084 urnbra
749 3041 876 3102 corpore
900 3033 929 3083 et
949 3025 1045 3099 imago
1065 3022 1142 3082 facie
1164 3030 1194 3082 et

185 3116 266 3167 actus
281 3106 451 3167 histrionum
466 3109 544 3167 veris
557 3107 719 3167 affectibus.
748 3107 832 3181 Quod
842 3109 870 3166 in
883 3106 1061 3168 orationibus
1073 3124 1192 3185 quoque

186 3193 292 3251 evenit.
324 3190 455 3270 Namque
476 3193 535 3267 eis,
557 3209 630 3270 quae
653 3193 681 3250 in
704 3191 867 3269 exemplum
883 3192 1069 3265 assumimus,
1091 3190 1193 3249 subest

184 3283 284 3334 natura
300 3285 328 3334 et
348 3294 417 3335 vera
433 3277 492 3343 vis;
516 3285 615 3335 contra
634 3275 725 3334 omnis
741 3277 859 3334 imitatio
876 3277 943 3335 licta
958 3283 1003 3335 est
1025 3274 1106 3334 etad
1123 3275 1192 3334 alie-

145 3368 249 3420 lunnm
265 3361 447 3437 propositum
463 3359 705 3419 accommodatur.
745 3357 830 3432 Quod
853 3359 941 3432 facit,
963 3368 994 3418 ut
1015 3359 1107 3417 minus
1127 3376 1192 3417 sarr-

186 3440 280 3518 guinis
297 3458 331 3500 ao
346 3443 448 3501 virium
463 3442 689 3504 declamationes
700 3441 825 3503 babeant
839 3460 922 3522 quam
934 3444 1096 3510 orationes;
1114 3442 1192 3520 quod
