2566 4026
187 139 227 201 22
504 143 870 208 denominandam

188 310 367 390 promiscua,
398 323 472 385 quae
499 307 648 384 epicoena
673 303 820 379 dicuntur,
847 302 1023 380 ostenderit,
1043 305 1193 384 inquibus

188 410 277 454 sexus
298 400 422 471 uterque
438 408 492 469 per
507 389 630 449 alterum
644 397 780 468 apparet;
805 396 853 448 aut
869 405 944 465 quae
961 387 1097 449 feminina
1113 392 1193 469 posi·

187 480 268 539 tione
282 493 377 537 mares
394 482 442 535 aut
457 473 581 534 neutrali
597 473 719 533 feminas
735 472 914 550 significant,
936 471 1030 551 qualia
1047 482 1112 534 sunt
1125 471 1194 536 bla-

144 571 265 628 tbrena
280 569 309 621 et
329 560 511 640 Glycerium.
550 555 731 618 Scrutabitur
752 556 803 616 ille
821 565 999 635 praeceptor
1014 574 1084 617 acer
1106 568 1194 639 atque

190 645 303 707 subtilis
331 645 460 723 origines
479 644 639 718 nominum,
669 659 743 721 quae
765 659 802 701 ex
822 638 920 700 babitu
944 643 1077 719 corporis
1096 641 1194 723 Rufos

188 730 366 810 bonposque
386 729 534 794 iecerunt;
552 725 601 786 ubi
619 727 675 786 erit
696 725 773 787 aliud
788 726 948 801 seoretius,
972 723 1097 801 Sullae,
1112 724 1194 788 Bar·

188 816 254 892 rbi,
272 813 405 889 Galbae,
428 810 545 887 Plauti,
567 808 706 888 Pansae,
727 808 844 871 Scauri
864 807 1007 888 taliaque:
1026 819 1055 870 st
1070 828 1110 870 ex
1124 829 1194 872 casu

189 899 381 966 nascentium
401 896 449 955 hic
468 893 611 974 Aprippa
629 904 658 954 et
676 891 782 973 Opiter
798 903 827 954 et
849 891 972 956 Gordus
990 903 1019 954 et
1034 893 1195 958 Postumus

190 992 286 1050 eruum
309 990 338 1040 et
356 998 393 1040 ex
410 982 461 1056 iis,
481 996 555 1058 quae
573 988 641 1058 post
659 987 742 1039 natos
762 979 915 1054 eveniunt,
936 979 1012 1039 unde
1034 977 1193 1059 chisats.

189 1068 248 1128 Iam
271 1063 395 1142 Cottae,
419 1062 595 1143 Scipiones,
618 1061 787 1139 Laenates,
810 1060 926 1123 Serani
947 1071 1013 1123 sunt
1036 1071 1064 1123 et
1087 1081 1125 1123 ex
1145 1082 1194 1125 va-

146 1151 181 1206 26
190 1154 240 1213 riis
261 1151 368 1211 causis.
407 1147 515 1211 Gentes
538 1164 655 1226 quoque
676 1165 712 1208 ac
735 1146 802 1207 loca
822 1155 851 1205 et
873 1146 929 1207 alia
951 1148 1040 1208 multa
1061 1150 1194 1227 reperias

189 1239 263 1296 inter
280 1235 424 1295 nominum
443 1250 556 1294 causas.
593 1232 625 1292 In
644 1233 738 1292 serris
757 1232 813 1291 iam
832 1230 978 1291 intercidit
999 1231 1071 1292 illud
1087 1250 1192 1309 genus,

130 1329 135 1339 '
189 1319 267 1401 quod
283 1317 442 1379 ducebatur
459 1336 475 1378 a
492 1318 624 1392 domino,
640 1316 715 1377 unde
730 1312 926 1395 Marcipores
942 1313 1192 1395 Publiporesqus.

189 1403 317 1477 Quaerat
337 1404 437 1477 etiam,
461 1403 535 1461 sitne
554 1399 629 1479 apud
646 1399 776 1462 Graecos
794 1401 838 1458 vis
856 1399 996 1478 quaedam
1014 1402 1090 1461 sexti
1107 1418 1193 1461 casus

190 1495 219 1546 et
233 1484 309 1564 apud
325 1501 378 1544 nos
395 1501 512 1563 quoque
527 1485 652 1562 septimi.
683 1483 756 1545 Nam
774 1501 837 1543 cum
852 1484 918 1544 dico
934 1486 1025 1547 basta
1035 1487 1193 1564 percussi,

188 1586 246 1630 non
262 1577 329 1629 utor
347 1566 465 1628 ablativi
483 1577 595 1636 nutura;
614 1585 685 1644 neo,
704 1570 729 1627 si
745 1566 820 1627 idem
836 1566 948 1628 Graece
966 1568 1076 1645 dicam,
1095 1569 1193 1630 dativi.

146 1651 249 1716 thed
270 1655 298 1713 in
320 1651 419 1712 verbis
442 1670 559 1731 quoque
583 1653 646 1731 quis
669 1660 715 1710 est
735 1650 810 1712 adeo
833 1652 1000 1731 imperitus,
1026 1662 1057 1713 ut
1078 1655 1195 1731 ignoret

189 1755 299 1818 genera
315 1745 345 1797 et
360 1736 514 1815 qualitates
527 1745 557 1795 et
571 1752 713 1815 personas
727 1745 757 1796 et
767 1733 924 1796 numeros?
943 1735 1088 1798 Litterarii
1100 1754 1194 1816 paene

189 1825 244 1883 ista
266 1830 330 1881 sunt
353 1819 412 1881 ludi
435 1830 464 1881 et
485 1820 607 1881 trivialis
628 1821 777 1881 scientiae.
819 1818 879 1880 lam
901 1821 1041 1900 quosdam
1063 1821 1114 1883 illa
1135 1831 1192 1882 tur·

189 1906 312 1982 babunt,
332 1922 407 1985 quae
422 1904 662 1967 declinationibus
676 1921 734 1964 non
748 1913 891 1964 tenentur.
921 1903 993 1965 Nam
1010 1913 1039 1965 et
1054 1906 1195 1986 quaedam

190 1991 343 2070 participia
363 2007 398 2049 an
416 1990 499 2050 verbi
520 1989 734 2069 appellationes
754 1990 826 2066 sint,
847 1988 970 2050 dubitari
988 1999 1103 2070 potest,
1127 1992 1194 2070 quia

147 2074 267 2143 asaliud
283 2073 341 2134 alio
356 2072 424 2134 loco
439 2073 547 2151 valent,
563 2083 593 2134 ut
608 2075 718 2136 lectam
733 2082 763 2134 et
778 2075 914 2153 sapiens.
943 2073 1092 2147 Quaedam
1103 2075 1195 2135 verba

190 2157 435 2239 appellationibus
456 2158 575 2235 similia,
594 2167 625 2218 ut
638 2159 815 2238 fraudator,
837 2160 978 2221 nutritor.
1003 2159 1061 2220 lam
1079 2161 1142 2221 itar
1163 2161 1195 2221 in

190 2244 350 2321 antiquam
364 2244 473 2304 aleam
487 2259 582 2303 nonne
599 2244 736 2321 propriae
751 2242 898 2303 cuiusdam
913 2244 1032 2305 rationis
1047 2240 1113 2303 est?
1131 2260 1194 2305 nam

191 2327 269 2407 quod
280 2327 389 2386 initium
401 2327 464 2387 eius
474 2323 626 2388 invenias?
640 2328 687 2387 cui
699 2327 792 2389 simile
800 2323 901 2406 fletur.
919 2328 1086 2407 Accipimus
1099 2328 1194 2405 aliter,

190 2421 221 2471 ut
237 2410 391 2491 panditur
411 2414 530 2474 interea
552 2413 660 2474 domas
676 2413 886 2492 omnipotentis
905 2410 1038 2493 Olympi,
1059 2412 1144 2473 aliter
1165 2422 1195 2472 ιι

191 2498 372 2573 latiamque
390 2498 470 2559 adeo
486 2499 630 2560 tarbatar
644 2500 740 2576 apris.
776 2496 831 2557 list
852 2498 937 2556 etiam
959 2496 1073 2576 quidam
1093 2499 1195 2555 tertius

190 2580 303 2658 modus,
322 2587 353 2639 ut
372 2581 448 2642 urbs
462 2583 630 2654 dubitatur,
649 2581 725 2641 unde
740 2590 769 2640 et
786 2598 914 2657 campus
932 2580 1088 2652 curritur,
1107 2597 1195 2639 mare

147 2667 366 2744 binocipatar.
401 2663 540 2727 Pronsas
561 2682 677 2743 quoque
693 2681 728 2723 ac
743 2669 835 2742 potus
852 2662 996 2721 diversum
1013 2659 1093 2720 valet
1110 2677 1194 2738 quam

192 2749 308 2810 indicat.
354 2746 450 2822 Quid?
479 2747 557 2828 quod
577 2747 665 2807 multa
684 2746 776 2807 verba
799 2761 856 2804 non
878 2752 969 2804 totum
991 2744 1194 2805 declinationis

193 2833 323 2895 ordinem
342 2832 456 2908 ferunt,
480 2831 620 2912 quaedam
642 2832 727 2891 etiam
751 2837 894 2890 mutantur
915 2836 946 2888 ut
965 2830 1035 2908 fero
1056 2831 1086 2889 in
1108 2848 1193 2909 prae·

192 2918 295 2992 terito,
319 2917 460 2996 quaedam
478 2918 583 2977 tertiae
603 2916 715 2975 demum
735 2930 880 2994 personae
901 2913 994 2991 figura
1011 2914 1145 2975 dicuntur
1164 2923 1195 2974 ut

192 3001 282 3075 licet,
302 3003 387 3079 pipat
394 3045 403 3077 ,
431 3002 572 3081 quaedam
593 2999 687 3059 simile
713 2997 845 3078 quiddam
870 2999 1016 3077 patiuntur
1041 2998 1194 3060 vocabulis

193 3100 268 3161 quas
283 3083 313 3141 in
329 3081 496 3145 adverbium
513 3079 681 3146 transeunt?
705 3081 777 3144 Nam
792 3092 822 3144 ut
839 3091 929 3145 noctu
946 3093 975 3144 et
991 3086 1044 3146 din
1059 3085 1097 3145 ita
1110 3085 1195 3145 dicta

194 3175 224 3226 et
243 3167 342 3246 factu.
384 3168 456 3228 Sunt
479 3171 553 3230 enim
573 3168 646 3230 baec
669 3185 786 3248 quoque
808 3166 899 3228 verba
921 3167 1111 3247 participialia
1133 3167 1193 3246 qui·

194 3249 273 3326 dem,
295 3266 352 3309 uon
373 3261 467 3313 tamen
486 3253 554 3314 talia
572 3252 668 3332 qualia
686 3253 769 3316 dicto
784 3254 937 3332 factoque.

107 3426 152 3507 q.
278 3417 314 3476 V.
362 3418 422 3479 lam
448 3438 512 3481 cum
538 3423 630 3481 omnis
657 3423 750 3482 oratio
778 3431 839 3482 tres
864 3420 969 3482 babeat
994 3421 1136 3498 virtutes,
1165 3428 1195 3478 ut
