2566 4026
405 155 848 225 mer.onsroa.n1n.11,1o.
1090 146 1128 209 91

90 338 93 343 ·
114 326 140 379 et
153 321 353 390 enumerant,
378 314 428 392 qui
449 313 616 391 perniciosa
630 330 687 373 non
709 313 831 392 singulis
847 324 955 376 tantum
974 314 1028 375 sed
1043 315 1131 376 rebus

81 458 86 475 ,
114 402 196 463 edam
226 397 363 477 publicis
393 399 439 456 usi
466 397 634 475 eloquentia
655 396 834 458 turbaverint
862 401 1018 461 civitatium
1039 409 1130 460 status

112 484 157 545 rel
173 484 365 551 everterint;
385 498 481 561 eoque
495 490 524 540 et
535 479 830 542 Lacedaemoniorum
846 485 963 544 civitate
980 484 1132 562 expulsam

113 579 139 630 et
160 568 296 630 Athenis
325 583 462 645 quoque,
488 565 537 624 ubi
560 574 644 624 actor
668 583 788 626 movere
814 567 937 627 allectus
965 568 1130 646 vetabatur,

73 708 78 715 .
112 653 192 714 relnt
208 654 344 713 recisam
359 649 460 710 orandi
474 657 660 728 potestatem.

197 736 272 811 Quo
285 734 403 813 quidem
415 734 503 794 modo
515 751 570 792 neo
582 733 672 793 duces
686 743 769 794 erunt
782 734 869 794 utiles
882 753 937 795 nec
948 737 1157 812 magistratust

68 818 70 889 ξ
113 842 167 884 nec
180 821 336 881 medicina
352 836 408 878 nec
424 818 550 895 denique
564 819 628 895 ipsa
643 820 794 896 sapientia.
826 816 899 879 Nam
914 827 944 879 et
958 819 1016 879 dux
1027 819 1131 880 Flami·

68 916 70 921 '
114 910 176 968 nius
193 915 228 966 et
246 902 389 978 Gracchi,
415 902 577 978 Saturnini,
594 901 731 963 Glauciae
745 920 869 979 gessere
885 903 1085 981 magistratus,
1103 914 1132 964 et

68 984 71 1001 '
114 988 286 1051 inmodicis
302 1003 416 1046 venena
431 995 461 1046 et
475 987 504 1044 in
517 985 579 1061 his,
602 988 651 1065 qui
672 986 912 1065 philosophorum
928 990 1042 1047 nomine
1056 989 1132 1049 male

115 1083 255 1149 utuntur,
282 1070 455 1148 gravissima
482 1087 683 1148 nonnunquam
711 1071 819 1148 flagitia
846 1071 1029 1150 deprehensa
1054 1083 1129 1133 sunt.

117 1159 208 1219 cibos
227 1172 435 1234 aspernemnr;
453 1154 609 1214 attulerunt
623 1173 714 1234 saepe
729 1155 904 1215 valetudinis
918 1174 1031 1215 causas.
1054 1155 1157 1218 Nun-6

117 1261 203 1321 qnam
228 1247 311 1300 tecta
333 1239 502 1306 subeamus;
526 1257 615 1317 super
635 1239 799 1299 habitantes
820 1239 976 1319 aliquando
998 1257 1131 1318 procum·

116 1327 196 1386 bont.
239 1322 308 1384 Non
328 1322 489 1383 fabricetur
503 1323 584 1383 militi
604 1323 733 1399 gladium
756 1325 909 1401 potestati
932 1324 1035 1383 eodem
1051 1325 1131 1383 ferro

117 1411 205 1471 latro.
247 1406 322 1481 Quis
338 1408 448 1483 nescit,
468 1409 569 1484 ignes,
590 1425 698 1485 aquas,
718 1409 780 1467 sine
796 1408 899 1486 quibus
915 1407 994 1467 nulla
1010 1409 1047 1467 sit
1062 1411 1130 1485 vita,

117 1505 146 1555 et
167 1495 228 1573 (ne
250 1494 377 1550 terrenis
395 1492 546 1570 immorer)
569 1491 663 1551 solem
684 1492 854 1570 lunamque,
874 1494 1032 1571 praecipua
1055 1493 1131 1553 side·

117 1598 199 1655 rum,
222 1575 380 1654 aliquando
398 1583 428 1635 et
443 1572 574 1635 nocere?

206 1659 285 1721 Num
307 1661 396 1737 igitur
417 1658 571 1737 negabitur
592 1660 752 1720 deformem
778 1659 879 1735 Pyrrhi
901 1678 1004 1738 pacem
1028 1667 1157 1722 caecus?

119 1747 170 1807 ille
192 1745 313 1823 Appius
339 1743 454 1803 dicendi
479 1744 588 1803 viribus
615 1740 789 1803 diremisse?
817 1754 865 1803 aut
890 1762 948 1803 non
973 1746 1067 1805 divina
1093 1744 1131 1804 ll.

121 1830 212 1892 Tullii
234 1827 405 1905 eloquentia
429 1837 458 1887 et
482 1837 582 1887 contra
602 1826 686 1905 leges
711 1828 839 1904 agrarias
862 1828 1012 1906 popularis
1032 1829 1085 1888 fuit
1104 1839 1133 1888 et

122 1913 271 1974 Catilinae
297 1911 388 1988 fregit
413 1912 560 1972 audaciam
587 1920 616 1970 et
642 1911 890 1989 supplicationes,
919 1914 967 1990 qui
993 1914 1132 1972 maximus

122 1998 218 2059 ltonor
232 1995 396 2055 victoribus
413 1995 493 2055 bello
511 1995 632 2055 ducibus
648 1994 741 2070 datur,
757 1997 786 2052 in
801 2005 870 2071 toga
884 1992 1008 2054 meruit?
1031 1994 1159 2059 Nonne8

125 2081 303 2161 perterritos
319 2078 438 2138 militnm
453 2081 563 2138 animos
584 2079 757 2156 frequenter
775 2097 791 2137 a
808 2089 886 2138 metu
903 2088 1024 2139 revocat
1039 2082 1132 2141 oratio

125 2176 153 2225 et
178 2173 225 2224 tot
251 2162 398 2242 pugnandi
422 2163 553 2240 pericula
578 2161 741 2222 ineuntibus
767 2163 881 2223 laudem
905 2165 964 2223 vita
989 2167 1133 2242 potiorem

126 2267 193 2308 esse
208 2243 392 2326 persuadet?
428 2246 532 2325 Neque
549 2263 622 2306 vero
640 2264 685 2305 me
699 2246 921 2307 Lacedaemonii
938 2257 1025 2326 atque
1042 2249 1132 2310 Athe-

125 2335 245 2393 nienses
260 2332 353 2408 magis
370 2330 514 2390 moverint
530 2348 614 2410 quarn
629 2330 755 2410 populns
769 2330 931 2406 Romanus,
955 2333 1031 2411 apud
1048 2351 1134 2412 quem

117 2434 237 2500 ,summa
250 2433 369 2493 semper
385 2415 549 2474 oratoribus
565 2415 688 2492 dignitas
704 2415 766 2474 fnit.
797 2412 940 2492 Equidem
954 2434 1009 2475 nec
1024 2416 1160 2478 urbium9
1215 2428 1218 2432 ’

106 2488 301 2561 ᾒιιάἰῑοιθι
323 2515 393 2558 reor
413 2497 499 2558 aliter
515 2498 674 2558 effecturos
695 2499 804 2573 fuisse,
827 2506 858 2555 ut
877 2515 952 2573 vaga
970 2498 1021 2558 illa
1041 2498 1133 2558 multi·

127 2584 196 2645 tudo
214 2585 310 2643 coiret
325 2583 354 2641 in
368 2582 511 2661 populos,
527 2585 582 2642 nisi
597 2582 683 2643 docta
698 2600 773 2642 voce
791 2589 948 2649 commota;
964 2600 1020 2641 neo
1036 2582 1134 2660 legum

128 2677 300 2747 repertores
321 2668 383 2726 sine
400 2684 508 2726 summa
528 2669 557 2726 vi
578 2667 677 2727 orandi
700 2674 893 2741 consecutos,
915 2674 946 2725 ut
961 2684 994 2725 se
1010 2666 1066 2744 ipsi
1080 2666 1132 2726 lno-

128 2754 220 2812 mines
232 2750 270 2811 ad
285 2753 456 2810 servitutem
471 2753 540 2810 iuris
556 2752 760 2828 astringerent.
788 2751 863 2825 Quin
877 2752 941 2828 ipsa
957 2752 1033 2810 vitae
1050 2761 1178 2829 prae-10

131 2845 233 2915 cepta,
256 2837 369 2894 etiamsi
390 2843 490 2894 natura
511 2843 576 2894 sunt
597 2834 737 2911 honesta,
758 2835 825 2914 plns
842 2844 937 2894 tamen
958 2836 993 2895 ad
1010 2834 1134 2894 forman-

130 2921 179 2981 das
201 2929 316 2980 mentes
338 2918 452 2994 valent,
477 2921 611 2997 quotiens
633 2919 876 2998 pulchritudinem
897 2937 993 2978 rerum
1019 2919 1135 2979 claritas
1178 2947 1184 2987 t

131 3006 270 3066 orationis
294 3002 442 3063 illuminat.
482 3003 596 3079 Quare,
620 3006 731 3064 etiamsi
751 3005 780 3063 in
794 3014 944 3082 utramque
960 3013 1071 3083 partem
1086 3023 1134 3064 va·
1178 2990 1184 3017 ¹

131 3087 189 3150 lent
203 3105 284 3148 arma
299 3087 463 3163 facundiae,
481 3104 539 3146 non
557 3097 602 3147 est
616 3097 711 3148 tamen
727 3105 849 3165 aequum
862 3088 889 3148 id
906 3088 1006 3148 haberi
1020 3088 1135 3164 malum,

132 3191 186 3252 quo
202 3174 282 3234 ltene
299 3173 340 3231 uti
357 3171 435 3231 lieet.

211 3257 323 3317 Verum
338 3255 413 3315 haec
427 3255 503 3334 apud
519 3273 572 3315 eos
587 3256 710 3316 forsitan
727 3265 916 3333 quaerantur,
938 3273 986 3333 qur
1002 3262 1176 3316 summamll

131 3340 296 3403 rhetorices
313 3338 349 3401 ad
364 3339 559 3418 persuadendi
574 3341 630 3400 vim
651 3340 822 3400 retulerunt.
858 3341 889 3399 Si
909 3355 981 3398 vero
1001 3348 1046 3398 est
1060 3339 1137 3398 bene

131 3424 244 3488 dicendi
267 3425 407 3500 scientia,
435 3441 520 3503 quem
541 3440 595 3483 nos
623 3424 708 3484 linem
732 3424 894 3502 sequimur,
922 3431 954 3482 ut
976 3425 1014 3482 sit
1038 3432 1138 3483 orator
