2566 4026
364 199 455 246 rusa.
480 197 631 248 aaaron.
654 198 724 245 cro.
738 199 777 264 x,
796 198 823 248 1.
1023 191 1078 252 161

73 368 166 433 cutus,
183 358 327 434 interpres
344 355 443 432 operis
462 353 564 429 alieni,
581 371 638 414 non
654 356 834 432 spernendus
851 357 965 435 quidem
980 377 1081 419 verum

72 445 108 503 ad
124 440 284 519 augendam
303 439 470 499 facultatem
491 438 605 509 dicendi
627 457 727 517 parum
747 439 892 519 locuples.
928 440 1123 512 Enniumssa

71 531 146 586 sicut
162 542 263 586 saeros
276 532 421 583 vetustate
441 522 524 582 lucos
543 523 710 600 adoremus,
733 525 761 582 in
783 525 885 602 quibus
906 526 1027 602 grandia
1051 538 1080 588 et

71 613 186 688 antiqua
203 609 310 669 robora
324 609 380 667 iam
396 624 453 666 non
476 616 582 667 tantam
597 607 704 668 habent
719 611 850 686 speciem
865 619 998 687 quantam
1012 611 1080 672 reli·

70 698 196 773 gionem.
224 692 381 771 Propiores
394 692 443 751 alii
458 700 545 770 atque
556 691 591 750 ad
607 691 675 769 hoc,
691 691 728 752 de
745 711 801 771 quo
818 694 972 772 loquimur,
988 697 1081 774 magis

70 779 168 839 utiles.
206 776 345 837 Lascivus
369 775 484 853 quidem
506 779 535 836 in
557 776 661 850 herois·
677 794 793 855 quoque
810 775 966 839 Ovidius
989 789 1018 839 et
1039 780 1080 840 ni·

69 866 155 922 mium
173 871 283 922 amator
300 861 407 938 ingenii
423 861 478 936 sui,
495 860 654 921 laudandus
670 863 804 921 tamenin
819 863 959 940 partibus.
993 862 1123 931 Cor-89

69 948 190 1007 nelius
215 954 309 1006 autem
338 946 516 1019 Severus,
546 947 657 1004 etiamsi
679 946 862 1006 versificator
884 964 969 1025 quam
991 956 1081 1025 poeta

68 1033 182 1107 melior,
197 1032 222 1090 si
233 1038 339 1105 tamen,
352 1037 383 1088 ut
398 1037 443 1089 est
455 1029 571 1106 dictum,
585 1029 620 1090 ad
634 1029 784 1108 exemplar
795 1032 879 1108 primi
891 1030 956 1091 libri
971 1031 1081 1092 bellum

70 1116 197 1177 Siculum
213 1115 452 1192 perscripsisset‚
470 1114 631 1180 vindicaret
646 1114 701 1174 sibi
717 1116 780 1174 iure
799 1115 956 1175 secundum
972 1116 1079 1177 locum.

69 1201 266 1260 Serranum
283 1199 473 1257 consummari
485 1215 562 1257 mors
577 1199 724 1258 immatura
737 1216 795 1258 non
807 1217 894 1277 passa
906 1208 965 1269 est;
984 1202 1080 1278 pueri·

69 1285 210 1345 liatamen
225 1285 287 1340 eius
302 1299 393 1360 opera
406 1290 435 1340 et
452 1284 603 1341 maximam
616 1282 741 1342 indolem
754 1283 946 1343 ostenduntet
959 1284 1080 1344 admira·

67 1368 156 1428 bilem
164 1368 324 1445 praecipue
337 1367 366 1425 in
377 1375 473 1425 aetate
484 1366 534 1426 illa
546 1368 619 1426 recti
631 1367 748 1443 generis
759 1367 947 1428 voluntatem.
964 1364 1124 1434 Multum90

67 1456 96 1512 in
111 1451 266 1511 Valerio
287 1449 428 1510 Flacco
452 1469 544 1529 nuper
568 1452 721 1511 amisimus.
757 1451 924 1512 Vehemens
941 1460 970 1511 et
986 1453 1080 1530 poeti·

69 1554 132 1596 cum
147 1536 293 1613 ingenium
308 1534 428 1594 Saleii
443 1534 548 1594 Bassi
563 1535 631 1610 luit,
653 1554 708 1595 nec
727 1538 821 1614 ipsum
836 1545 974 1596 senectus
990 1545 1080 1597 matu·

68 1617 164 1680 ravit'
184 1618 359 1678 Rabirius
382 1637 416 1679 ac
431 1618 527 1678 Pedo
549 1637 607 1678 non
624 1621 732 1696 indigni
748 1621 926 1696 cognitione,
943 1621 969 1679 si
983 1629 1079 1681 vacet.

67 1704 236 1763 lucanus
260 1702 364 1762 ardens
388 1712 417 1762 et
435 1704 596 1763 concitatus
616 1713 644 1763 et
666 1706 816 1763 sententiis
840 1703 1018 1764 clarissimus
1040 1714 1080 1782 et,

67 1798 97 1848 ut
115 1788 207 1847 dicam
224 1786 433 1865 quodsentio,
455 1789 548 1864 magis
570 1788 734 1848 oratoribus
755 1806 839 1866 quam
858 1790 954 1866 poetis
970 1790 1081 1850 imitan-

67 1873 129 1932 dus.
169 1871 229 1931 llos
245 1873 469 1948 nominavimus,
497 1874 562 1951 quia
583 1871 784 1933 Germanicum
805 1871 969 1950 Augustum
986 1873 1021 1932 ab
1038 1874 1078 1932 in·
1089 1880 1123 1936 91

67 1958 173 2016 stitutio
197 1956 299 2016 studiis
325 1956 444 2016 deflexit
470 1975 538 2016 cura
560 1966 714 2032 terrarum,
739 1974 898 2035 parumque
916 1956 969 2017 diis
987 1958 1081 2016 visum

68 2050 114 2100 est
132 2059 199 2100 esse
216 2058 280 2099 eum
295 2042 446 2100 maximum
460 2049 620 2117 poetarum.
658 2040 733 2114 Quid
757 2050 853 2101 tamen
869 2041 913 2100 his
929 2041 1001 2119 ipsis
1017 2041 1079 2100 eius

68 2125 223 2203 operibus,
247 2126 275 2183 in
291 2142 366 2202 quae
385 2123 490 2183 donato
509 2125 631 2201 imperio
649 2126 762 2184 iuvenis
781 2133 966 2199 secesserat,
989 2124 1080 2185 subli-

67 2212 156 2285 mius,
176 2209 307 2280 doctius,
331 2206 462 2267 omnibus
479 2205 604 2285 denique
620 2209 745 2267 numeris
761 2205 977 2285 praestantius?
1008 2207 1080 2281 Quis

69 2296 144 2353 enim
161 2301 281 2351 caneret
296 2290 375 2351 bella
390 2290 505 2365 melius,
522 2308 605 2368 quam
624 2293 672 2369 qui
685 2293 728 2350 sic
743 2288 843 2368 gerit?
880 2291 974 2365 Quem
995 2309 1079 2368 prae·

67 2377 197 2437 sidentes
213 2375 314 2435 studiis
330 2375 404 2434 deae
419 2375 540 2452 propius
556 2372 707 2434 audirent?
739 2371 792 2434 Gui
807 2376 899 2450 magis
916 2391 983 2433 suas
1001 2384 1080 2434 artes

68 2463 197 2539 aperiret
212 2459 352 2520 familiare
374 2475 478 2518 numen
494 2454 646 2518 Minerva?
681 2458 788 2518 Dicent
809 2457 884 2517 haee
902 2455 1017 2535 plenius
1036 2458 1123 2523 luam

68 2555 132 2606 tura
148 2544 278 2618 saecula,
295 2561 370 2602 nunc
393 2544 467 2602 enim
483 2551 645 2603 ceterarum
660 2542 776 2619 fulgore
791 2544 928 2601 virtutum
944 2540 1007 2601 laus
1024 2543 1079 2602 ista

67 2629 298 2708 praestringitur.
338 2626 400 2687 Nos
421 2635 517 2686 tamen
537 2645 621 2687 sacra
650 2626 808 2686 litterarum
832 2624 965 2685 colentes
989 2626 1079 2703 ieras,

69 2711 189 2789 Caesar,
206 2715 230 2771 si
248 2729 305 2771 non
327 2714 443 2772 tacitum
465 2710 523 2770 hoc
544 2713 734 2790 praeterimus
751 2719 780 2771 et
800 2708 971 2788 Vergiliano
998 2720 1080 2770 certe

67 2816 155 2857 versu
171 2806 325 2857 testamur:

195 2880 281 2941 Inter
295 2880 441 2941 victrices
455 2878 603 2940 dederam
619 2879 673 2939 tibi
686 2898 813 2960 serpere
828 2881 946 2942 laurus.

68 2965 200 3041 Elegia
217 2981 334 3044 quoque
352 2963 481 3023 Graecos
498 2979 708 3040 provocamus,
737 2965 818 3023 euius
838 2964 906 3023 mibi
925 2973 1020 3024 tersus
1039 2971 1124 3028 at-oa

70 3067 126 3125 que
150 3049 270 3125 elegans
293 3048 415 3106 manime
438 3046 553 3106 videtur
581 3056 682 3107 auctor
708 3046 892 3108 Tibullus.
936 3049 1008 3109 Sunt
1031 3047 1080 3126 qui

69 3131 305 3209 Propertium
332 3129 439 3191 malint.
486 3128 642 3190 Ovidius
671 3139 796 3210 utroque
822 3132 977 3208 lascivior,
1004 3133 1080 3192 sicut

70 3215 168 3274 durior
183 3215 321 3275 Gallus.
356 3215 479 3275 Satira
496 3215 611 3294 quidem
626 3225 686 3275 tota
702 3226 800 3276 nostra
819 3226 880 3291 est,
900 3217 929 3275 in
947 3233 1003 3293 qua
1019 3217 1078 3294 pri·

70 3317 131 3357 mus
148 3301 288 3376 insignem
304 3298 418 3359 laudem
435 3300 557 3378 adeptus
572 3299 739 3360 Lucilius
756 3300 896 3379 quosdam
910 3302 950 3361 ita
962 3300 1077 3360 deditos

70 3383 125 3442 sibi
141 3384 233 3443 adhuc
249 3384 336 3443 habet
352 3394 513 3462 amatores,
530 3395 560 3446 ut
576 3404 639 3445 eum
654 3402 711 3444 non
728 3386 856 3445 eiusdem
873 3385 959 3446 modo
978 3386 1077 3463 operis

71 3469 236 3528 auctoribus
258 3470 309 3529 sed
333 3469 463 3529 omnibus
481 3471 577 3547 poetis
600 3470 752 3550 praeferre
767 3487 823 3529 non
839 3469 977 3529 dubitent.
1010 3468 1118 3546 Eg094

112 3573 132 3609 n
154 3575 178 3611 r.
193 3574 305 3621 ournrn.
318 3560 352 3614 ll.
885 3554 920 3616 11
