2566 4026
157 122 177 182 4
470 133 506 180 n.
523 131 603 180 ssu.
622 131 843 191 commutant

156 289 277 348 fundare
292 285 423 364 legibus,
446 287 600 347 emendare
616 286 728 347 iudiciis
745 288 855 364 possit,
876 305 933 347 non
950 286 1023 346 alius
1041 288 1078 346 sit
1094 304 1162 365 pro·

113 372 235 436 11fecto
257 388 341 449 quam
363 379 471 430 orator.
509 369 624 448 Quare,
644 373 758 431 tametsi
779 389 825 431 me
845 372 941 432 iateor
963 389 1079 429 usurum
1101 374 1163 449 qui-

156 455 291 531 busdam,
318 472 392 533 quae
414 454 660 534 pbilosophorum
680 455 763 516 libris
784 458 983 531 continentur,
1007 464 1103 515 tamen
1128 473 1164 516 ea

155 543 218 599 iure
235 557 365 618 vereque
387 540 585 600 contenderim
608 558 675 599 esse
696 541 795 618 operis
818 543 910 601 nostri
928 541 1107 619 proprieque
1128 539 1163 600 ad

114 636 147 688 12
157 633 247 684 artem
262 625 418 683 oratoriam
432 625 591 702 pertinere.
621 623 678 700 An,
697 626 722 683 si
740 623 976 703 frequentissime
991 623 1027 683 de
1043 625 1162 699 iustitia,

156 708 341 784 fortitudine,
372 711 562 787 temperantia
596 710 762 787 ceterisque
795 709 936 769 similibus
963 707 1164 767 disserendum

157 801 218 868 est,
241 792 315 852 adeo
330 801 361 851 ut
377 793 501 863 visulla
516 794 712 871 possitcausa
729 795 869 871 reperiri,
892 795 921 852 in
940 809 1024 870 quam
1038 807 1096 850 non
1112 792 1162 852 ali-

157 894 212 955 qua
234 894 272 934 ex
292 874 336 935 bis
358 877 465 937 incidat
487 878 638 955 quaestio,
663 895 757 955 eaque
773 879 867 937 omnia
888 877 1055 937 inventione
1075 885 1163 954 atque

157 960 325 1020 elocutione
351 969 417 1020 sunt
440 960 629 1040 explicanda:
653 960 845 1037 dubitabitur,
868 960 1033 1039 ubicunque
1054 961 1098 1019 vis
1120 960 1163 1030 in,-

154 1046 234 1122 genii
256 1053 285 1104 et
305 1047 391 1123 copia
413 1045 527 1105 dicendi
548 1045 730 1124 postulatur,
756 1045 795 1104 ibi
817 1053 916 1123 partes
942 1045 1068 1104 oratoris
1094 1061 1163 1103 esse

113 1125 351 1208 lapraecipuas‘l
375 1127 561 1208 Fueruntque
577 1128 667 1205 haec,
691 1138 722 1188 ut
743 1127 848 1188 cicero
871 1129 1055 1208 apertissime
1079 1127 1162 1188 colli-

155 1215 208 1290 git,
226 1212 465 1291 quemadmodum
479 1215 575 1274 iuncta
588 1223 688 1273 natura
704 1214 747 1273 sic
762 1213 861 1273 officio
880 1230 997 1292 quoque
1014 1213 1161 1290 copulata,

155 1305 186 1356 ut
196 1296 282 1357 iidem
297 1299 445 1376 sapientes
458 1306 545 1375 atque
561 1298 735 1376 eloquentes
746 1296 931 1358 haberentur.
953 1295 1046 1356 Scidit
1057 1295 1163 1356 deinde

155 1398 188 1439 se
213 1380 353 1457 studium,
376 1391 463 1459 atque
485 1384 589 1442 inertia
604 1383 711 1440 facturn
734 1390 794 1457 est,
819 1390 850 1440 ut
866 1389 950 1440 'artes
973 1398 1041 1440 esse
1061 1380 1162 1459 plures

154 1464 332 1524 viderentur.
369 1462 441 1524 Nam
465 1474 495 1524 ut
517 1467 637 1543 primum
659 1465 757 1543 lingua
780 1483 847 1524 esse
869 1467 968 1544 coepit
988 1466 1017 1524 in
1039 1472 1162 1542 quaestu

155 1549 371 1625 institutumque
388 1549 575 1627 eloquentiae
587 1548 672 1608 bonis
686 1549 762 1620 male
779 1550 833 1608 uti:
858 1566 955 1609 curam
969 1566 1096 1625 morum,
1114 1548 1162 1627 qui

116 1631 256 1691 t4diserti
273 1631 468 1708 habebantur,
488 1633 679 1712 reliquerunt.
712 1631 754 1692 tta
774 1649 847 1692 vero
868 1631 1005 1694 destituta
1026 1632 1162 1692 infirmio-

155 1716 234 1776 ribus
257 1718 381 1793 ingeniis
402 1716 483 1777 velut
505 1717 632 1796 praedae
650 1717 713 1776 fuit.
748 1716 818 1777 lnde
841 1717 971 1795 quidam,
995 1725 1162 1795 contempto

155 1800 232 1860 bene
257 1801 372 1861 dicendi
398 1800 518 1878 labore,
545 1802 581 1862 ad
605 1801 772 1861 formandos
799 1803 908 1861 animos
936 1802 1163 1879 statuendasque

155 1887 233 1944 vitae
248 1885 334 1962 leges
349 1887 481 1962 regressi
503 1893 615 1964 partem
634 1885 749 1963 quidem
764 1887 924 1964 potiorem,
946 1888 970 1946 si
990 1885 1078 1946 dividi
1093 1901 1162 1964 pos·

156 1977 217 2045 set,
238 1971 431 2037 retinueruut;
454 1985 558 2029 nomen
575 1978 671 2030 tamen
692 1969 747 2030 sibi
768 1969 1024 2031 insolentissimum
1043 1985 1162 2047 arroga-

155 2062 273 2129 verunt,
296 2062 327 2112 ut
349 2054 405 2114 soli
427 2055 587 2133 sapientiae
608 2054 731 2114 studiosi
752 2064 945 2130 vocarentur,
970 2054 1047 2133 quod
1066 2072 1163 2132 neque

156 2139 256 2196 summi
273 2140 465 2216 imperatores
490 2157 586 2218 neque
607 2140 636 2198 iu
658 2138 787 2198 consiliis
808 2159 904 2199 rerum
923 2141 1107 2199 maximarum
1128 2155 1164 2197 ac

155 2223 244 2281 totius
261 2221 506 2304 administratione
526 2225 570 2282 rei
586 2223 723 2302 publicae
739 2224 900 2285 clarissime
916 2224 1025 2283 versati
1041 2222 1096 2282 sibi
1111 2240 1162 2282 un·

156 2322 241 2383 quam
261 2306 409 2366 vindicare
431 2316 496 2367 sunt
518 2309 590 2367 ausi.
631 2306 744 2368 Facere
767 2311 842 2369 enim
861 2309 967 2387 optima
991 2325 1074 2386 quam
1094 2322 1161 2385 pro-

113 2402 147 2456 15
155 2390 270 2448 mittere
285 2390 456 2450 maluerunt.
484 2390 530 2452 Ac
550 2400 682 2453 veterum
702 2394 816 2472 quidem
833 2394 993 2472 sapientiae
1010 2392 1161 2471 professo·

155 2492 218 2533 rum
232 2473 338 2533 multos
354 2484 384 2535 et
399 2475 521 2536 honesta
537 2479 728 2557 praecepisse
744 2486 786 2554 et,
799 2487 829 2537 ut
843 2478 1060 2555 praeceperint,
1077 2477 1163 2534 etiam

154 2557 283 2633 vixisse,
309 2558 398 2620 facile
425 2563 639 2628 concesserim
673 2563 780 2620 nostris
802 2576 875 2619 vero
902 2557 1081 2637 temporibus
1107 2557 1161 2614 sub

154 2641 212 2702 hoc
232 2644 347 2703 nomine
364 2647 486 2704 maxima
507 2648 536 2704 iu
555 2644 705 2723 plerisque
726 2645 795 2703 vitia
817 2643 969 2702 latuerunt.
1003 2639 1069 2699 Nou
1087 2640 1162 2698 enim

153 2727 261 2786 virtute
275 2744 310 2786 ac
326 2727 444 2804 studiis,
464 2737 495 2787 ut
508 2726 687 2788 haberentur
701 2725 885 2805 philosophi,
908 2723 1090 2800 laborabant,
1108 2723 1161 2784 sed

154 2810 264 2870 vultum
287 2819 316 2870 et
335 2814 479 2872 tristitiam
501 2819 530 2870 et
550 2811 768 2871 dissentientem
785 2828 800 2869 a
820 2811 926 2870 ceteris
949 2809 1076 2869 habiturn
1093 2826 1161 2887 pes·

113 2906 147 2960 16
155 2895 234 2953 simis
256 2894 384 2955 moribus
405 2894 644 2974 praetendebant.
676 2893 757 2954 llaec
772 2902 883 2970 autem,
908 2912 982 2973 quae
997 2894 1078 2954 velut
1093 2910 1161 2971 pro·

155 2980 218 3057 pria
232 2978 437 3058 philosophiae
453 2987 637 3055 asseruntur,
653 2979 761 3058 passim
777 2988 931 3039 tractamus
948 2995 1058 3039 omnes.
1090 2977 1163 3052 Quis

155 3064 230 3122 enim
252 3080 310 3122 non
332 3063 368 3123 de
389 3066 482 3139 iusto,
505 3080 600 3142 aequo
621 3081 656 3124 ac
676 3063 772 3140 bono,
794 3062 880 3123 modo
902 3081 960 3123 non
983 3072 1013 3122 et
1028 3065 1073 3123 vir
1094 3080 1162 3141 pes·

155 3147 259 3224 simus,
287 3145 437 3226 loquitur?
458 3149 523 3226 quis
538 3163 596 3207 nou
611 3149 698 3208 etiam
713 3150 888 3208 rusticorum
903 3148 999 3228 aliqua
1014 3148 1051 3208 de
1066 3147 1163 3208 causis

155 3229 332 3291 naturalibus
348 3230 481 3309 quaerit?
504 3249 568 3292 nam
588 3232 745 3292 verborum
765 3235 932 3312 proprietas
950 3251 985 3293 ac
1000 3232 1163 3292 differentia

155 3314 305 3391 omnibus,
340 3317 388 3394 qui
413 3333 577 3377 sermonem
604 3335 691 3377 curae
719 3317 841 3393 babent,
875 3317 964 3378 debet
990 3334 1058 3376 esse
1085 3332 1162 3377 com·

113 3405 146 3462 li
155 3400 257 3459 munis.
290 3397 350 3459 Sed
371 3419 406 3460 ea
427 3410 457 3461 et
480 3403 554 3461 sciet
576 3402 684 3480 optime
703 3410 733 3462 et
753 3402 908 3481 eloquetur
929 3409 1043 3470 orator:
1067 3402 1116 3480 qui
1137 3400 1162 3458 si
