2566 4026
323 206 414 255 msa.
438 207 588 255 onaron.
610 205 681 254 nra.
701 207 755 272 x1,
778 203 804 257 o.
1004 193 1065 255 233

59 365 157 426 dentia
177 363 285 423 vultum
306 371 369 437 aut,
392 379 449 440 quo
468 363 503 421 sit
524 361 615 438 magis
638 369 753 436 torvus,
777 360 942 438 superciliis
964 362 1065 420 astrin-

27 496 31 506 .
59 466 148 526 gere,
177 447 301 525 capillos
327 464 343 505 a
366 445 462 506 fronte
486 454 586 506 contra
611 443 740 504 naturam
762 453 945 522 retroagere,
973 452 1003 503 ut
1029 446 1066 504 sit

42 533 164 592 .borror
185 531 236 591 ille
259 528 414 597 terribilis;
444 538 518 605 tum,
546 529 575 588 id
598 529 677 607 quod
699 527 803 590 Graeci
828 528 1065 606 frequentissime

53 616 185 690 faciunt,
215 612 320 673 crebro
350 613 503 688 digitorum
530 611 731 691 labiorumque
758 621 837 671 motu
866 612 1063 688 commentari,

59 699 139 759 clare
156 715 310 773 excreare,
326 697 432 774 pedem
447 697 568 756 alterum
582 697 671 772 longe
687 695 833 774 proferre,
849 704 961 773 partem
976 704 1064 772 togae

59 783 174 842 sinistra
189 790 310 856 tenere,
336 789 413 840 stare
435 779 578 840 diductum
597 780 646 840 vel
662 780 784 857 rigidum
800 779 850 839 vel
867 780 997 857 supinum
1016 778 1065 838 vel

56 867 206 924 incurvum
229 864 278 924 vel
304 863 447 941 humeris,
476 873 506 923 ut
531 864 666 925 luctaturi
692 863 808 940 solent,
834 863 870 922 ad
898 863 1065 940 occipitium

60 949 164 1009 ductis.

142 1032 297 1092 Prooemio
310 1031 545 1109 frequentissime
558 1032 633 1092 lenis
643 1032 778 1091 convenit
790 1032 993 1109 pronuntiatio.
1015 1029 1064 1090 Ni·
1072 1035 1122 1088 161

56 1116 97 1176 bil
114 1117 189 1175 enim
210 1124 254 1175 est
272 1115 309 1174 ad
331 1115 540 1175 conciliandum
556 1116 665 1193 gratius
682 1114 874 1191 verecundia,
897 1124 1066 1175 nontamen

57 1191 186 1278 semper.
220 1198 325 1277 Neque
343 1200 418 1258 enirn
433 1217 488 1259 uno
504 1201 591 1260 modo
610 1199 741 1259 dicuntur
758 1199 894 1275 exordia,
922 1208 953 1258 ut
969 1199 1064 1259 docui.

57 1283 232 1361 Plerumque
254 1291 349 1342 tamen
373 1291 402 1342 et
422 1301 482 1343 vox
507 1292 666 1362 temperata
691 1292 720 1342 et
741 1292 842 1360 gestus
863 1283 1011 1342 modestus
1036 1291 1065 1341 et

56 1367 166 1427 sedens
186 1366 305 1426 humero
330 1375 399 1444 toga
422 1376 451 1426 et
477 1367 597 1428 laterum
624 1367 697 1427 lenis
722 1368 752 1425 in
776 1375 926 1444 utramque
953 1375 1064 1444 partem

56 1460 169 1524 motus,
192 1450 297 1510 eodem
312 1450 510 1528 spectantibus
528 1452 636 1527 oculis,
662 1449 789 1511 decebit.
822 1449 955 1510 Narratio
972 1451 1123 1527 magislofl

56 1534 201 1614 prolatam
220 1551 349 1610 manum,
377 1535 509 1594 amictum
534 1534 728 1610 recidentem,
756 1543 870 1612 gestum
891 1534 1063 1610 distinctum,

56 1635 162 1677 vocem
178 1619 303 1676 sermoni
317 1620 477 1696 proximam
494 1628 523 1678 et
539 1628 646 1679 tantum
661 1619 819 1694 acriorem,
840 1635 941 1677 sonum
956 1617 1064 1696 simpli·

58 1719 122 1760 cem
139 1700 373 1779 frequentissime
389 1702 545 1780 postulabit
560 1705 589 1761 in
603 1704 647 1763 bis
663 1702 811 1762 duntaxat:
829 1699 864 1774 Q.
880 1703 959 1762 caim
974 1699 1064 1780 Lipa-

58 1787 134 1858 rt'as,
152 1805 220 1846 cam
235 1793 314 1846 essct
327 1787 360 1846 ia
374 1783 485 1866 Africa
502 1788 588 1848 aella
603 1787 674 1849 teta
687 1788 840 1865 euspicio,
858 1794 887 1845 et
901 1783 937 1849 A.
956 1782 1063 1846 Cluen·

56 1871 118 1931 tiae
128 1866 260 1930 Habitus
270 1876 364 1949 pater
378 1871 514 1936 baiascc.
538 1870 625 1931 Aliud
638 1872 666 1930 in
679 1871 781 1930 eadem
793 1878 918 1949 poscent
930 1870 1062 1944 affectus,

55 1952 105 2012 vel
121 1954 256 2012 concitati
276 1951 369 2015 Nubit
385 1974 499 2033 persero
518 1974 644 2032 socrate,
665 1955 714 2015 vel
730 1954 846 2015 flebiles
867 1951 1065 2015 Coastitaitar

54 2039 89 2098 ta
111 2036 180 2112 foro
197 2033 372 2099 Laodiceae
392 2041 602 2115 spectaculum
625 2040 774 2100 acerbam
794 2045 824 2100 et
845 2040 988 2099 miseram
1013 2037 1066 2098 toti

56 2116 153 2179 Asiae
164 2120 356 2195 praetactae.
389 2111 522 2178 Maxim?
533 2123 613 2181 varia
635 2130 663 2180 et
679 2120 830 2198 multiplex
844 2123 920 2181 actio
938 2129 982 2180 est
998 2128 1123 2198 pro-163

57 2201 215 2261 batianum.
246 2199 318 2260 Nam
341 2209 369 2259 et
387 2218 572 2279 proponere,
596 2205 711 2280 partiri,
734 2205 916 2280 interrogare
937 2204 1063 2262 sermoni

57 2293 124 2344 sunt
146 2285 294 2362 proxima,
319 2292 348 2343 et
370 2285 627 2345 contradictionem
644 2303 768 2345 sumere.
801 2284 873 2345 Nam
893 2305 928 2346 ea
946 2302 1063 2362 quoque

58 2369 175 2428 diversa
192 2367 356 2445 propositio
370 2377 425 2428 est.
459 2368 519 2428 Sed
535 2369 609 2428 banc
628 2378 723 2428 tamen
738 2368 891 2447 aliquando
909 2368 1064 2427 irridentes

58 2451 212 2528 aliquando
237 2452 378 2512 imitantes
393 2453 617 2530 pronuntiamus.
648 2451 869 2528 Argumentatio
892 2451 1123 2530 plerumquelfil

57 2535 166 2612 agilior
185 2545 215 2595 et
230 2536 327 2595 acrior
342 2545 371 2596 et
385 2538 537 2597 instantior
552 2537 781 2596 consentientem
798 2537 920 2595 orationi
936 2535 1063 2613 postulat

57 2621 145 2680 etiarn
154 2628 278 2697 gestum,
291 2620 377 2680 idest
391 2621 496 2681 fortem
508 2621 700 2681 celeritatem.
719 2619 882 2680 instandum
894 2618 1063 2698 quibusdam

58 2707 87 2762 in
104 2702 234 2780 partibus
253 2712 282 2762 et
298 2704 445 2764 densanda
463 2707 566 2766 oratio.
592 2704 790 2782 Egressiones
804 2704 868 2763 fere
887 2713 916 2763 et
933 2703 1017 2762 lenes
1033 2711 1063 2762 et

58 2786 160 2845 dulces
182 2795 211 2845 et
225 2789 383 2863 remissae,
409 2797 508 2866 raptus
524 2789 734 2866 Proserpinae,
757 2787 874 2848 Siciliae
890 2787 1061 2865 descriptio,

58 2866 111 2928 Gn.
129 2868 260 2948 Pompeii
275 2870 347 2930 laus.
384 2869 489 2950 Neque
511 2873 585 2931 enim
608 2873 725 2948 mirum,
753 2873 845 2930 minus
865 2870 976 2931 habere
993 2888 1061 2931 con·

58 2954 196 3013 tentionis
213 2972 264 3028 ea,
288 2972 363 3032 quae
380 2963 445 3014 sunt
460 2964 542 3014 extra
561 2957 771 3034 quaestionem.
802 2953 919 3015 llcllior
934 2963 1120 3018 nemun-165

59 3054 144 3113 quam
162 3055 226 3096 cum
247 3038 479 3114 reprehensione
501 3038 635 3098 diversae
651 3040 742 3116 partis
758 3039 893 3099 imitatio:
923 3035 1061 3099 Videbar

56 3121 165 3180 cidere
182 3121 260 3181 alios
281 3122 434 3184 intrantes
457 3122 535 3182 alios
555 3127 656 3182 autem
676 3129 836 3197 caecatae,
859 3121 1008 3200 quosdam
1023 3140 1063 3181 aa

57 3203 129 3263 aiao
150 3204 340 3264 vacillantes.
371 3204 427 3264 Ubi
448 3222 506 3263 non
526 3204 669 3264 dissidens
692 3222 799 3265 avoce
822 3206 995 3283 permittitur
1009 3222 1061 3281 ge·

58 3295 120 3344 stus
137 3303 271 3363 quoque,
291 3288 321 3346 in
344 3297 493 3367 utramque
510 3298 621 3367 partem
636 3298 738 3349 tenera
754 3289 895 3367 quaedam
915 3289 969 3348 sed
988 3290 1061 3347 intra

57 3388 158 3429 manus
184 3378 279 3429 tamen
305 3379 334 3430 et
355 3373 417 3432 sine
436 3381 515 3432 motu
536 3372 657 3433 laterum
679 3373 839 3433 translatio.
870 3371 1118 3432 Accendendil66

57 3454 162 3515 iudicis
179 3453 280 3532 plures
298 3464 362 3514 sunt
377 3457 494 3534 medus.
525 3458 655 3519 Summus
672 3458 723 3518 ille
742 3466 843 3536 atquo
861 3457 956 3517 nullus
973 3458 1060 3516 estin
