2566 4026
172 199 234 262 226
492 211 529 258 u.
546 209 624 258 sno.
641 208 862 270 omnrmmru

116 367 243 443 litegit.
275 364 385 427 Eadem
400 374 494 424 motus
511 382 626 443 quoque
642 364 810 425 observatio
827 375 881 424 cst.
908 365 1010 444 ltaque
1026 369 1057 427 in
1074 368 1189 432 fabulis

171 452 315 525 iuvenum,
331 467 442 524 senum,
458 448 588 524 militurn,
604 456 797 508 matronarum
812 451 931 526 gravior
945 451 1102 527 ingressus
1124 461 1189 524 est;

172 534 267 608 servi,
284 533 424 607 ancillae,
441 533 574 610 parasiti,
591 533 756 609 piscatores
775 535 888 593 citatius
904 544 1067 594 moventur.
1105 536 1187 597 'l'olli

171 625 267 678 autern
288 635 400 676 manum
421 616 547 675 artifices
573 633 661 694 supra
690 616 809 692 oculos,
840 617 948 676 demitti
972 617 1047 678 inira
1072 629 1186 697 pectus

171 709 285 770 vetant;
307 700 381 761 adeo
398 717 414 761 a
431 701 526 778 capite
543 717 606 758 eam
627 708 730 778 petere
752 700 851 760 autad
873 702 959 760 imum
976 711 1115 763 ventrem
1134 704 1184 765 de·

114 785 296 860 traducere,
318 785 453 844 vitiosum
470 782 601 843 babetur.
637 782 669 842 ln
686 784 832 843 sinistrum
848 784 921 855 intra
937 783 1091 846 humerum
1114 805 1184 866 pro·

171 878 317 936 moretum
346 868 422 928 ultra
444 885 501 927 non
524 867 619 928 decet.
652 867 712 926 Sed
735 886 797 926 curn
816 877 985 928 aversantes
1010 871 1040 928 in
1065 871 1184 932 laevam

171 962 283 1031 partem
305 953 385 1011 velut
407 951 605 1029 propellemus
624 968 751 1010 manum:
779 952 896 1010 sinister
916 952 1054 1013 humerus
1077 955 1183 1033 proie-

115 1036 289 1111 lldrendus,
305 1045 337 1094 ut
353 1054 417 1096 cum
433 1036 529 1114 capite
544 1035 581 1095 ad
597 1034 727 1094 dextram
743 1034 857 1095 ferente
874 1038 1047 1096 consentiat.
1076 1037 1185 1099 Manus

172 1121 287 1179 sinistra
311 1136 454 1197 nunquam
475 1118 539 1178 sola
560 1127 675 1195 gestum
699 1127 781 1178 recte
806 1119 891 1188 facit;
921 1120 1042 1180 dextrae
1065 1140 1103 1182 se
1125 1124 1184 1183 ire·

173 1211 296 1282 quenter
317 1203 533 1278 accommodat,
558 1204 621 1261 sive
643 1203 672 1261 in
693 1202 800 1279 digitos
825 1212 995 1281 argumenta
1018 1204 1185 1282 digerimus

172 1289 234 1347 sive
257 1289 369 1348 aversis
393 1288 421 1345 in
441 1287 586 1345 sinistrum
607 1285 711 1364 palmis
733 1286 928 1347 abominamur
946 1289 1007 1347 sive
1024 1288 1185 1350 obiicimus

114 1371 310 1442 115adversas
335 1372 450 1431 sivein
475 1370 549 1430 latus
571 1379 722 1448 utramque
739 1370 943 1446 distendimus,
976 1373 1039 1431 sive
1062 1375 1184 1434 satisfa-

172 1457 282 1515 cientes
298 1463 347 1515 aut
361 1453 560 1533 supplicantes
586 1452 709 1531 (diversi
733 1462 828 1514 autem
842 1463 907 1514 sunt
922 1454 951 1514 bi
965 1459 1085 1536 gestus)
1105 1476 1184 1517 sum·

170 1540 305 1598 mittimus
318 1539 380 1598 siue
398 1537 552 1599 adorantes
568 1537 726 1598 attollimus
742 1539 804 1597 sive
822 1537 918 1616 aliqua
929 1539 1186 1602 demonstratione

171 1631 218 1682 aut
234 1623 418 1682 invocatione
433 1621 647 1700 protendimus:
674 1620 733 1684 Vos
748 1620 860 1683 Albani
874 1625 1090 1702 tumulantque
1106 1627 1184 1704 luci,

170 1714 219 1764 aut
234 1704 432 1766 Gracchanum
447 1706 532 1766 illud:
557 1703 623 1777 Ouo
633 1724 681 1767 me
695 1707 790 1767 miser
802 1708 983 1785 conferam?
1008 1709 1041 1768 in
1056 1706 1184 1788 Capito·

114 1791 252 1865 lldlt'um,
271 1790 315 1851 ud
327 1790 439 1868 fratris
454 1791 642 1868 sanquinem,
659 1792 859 1851 cadomum?
879 1790 945 1850 Plus
962 1793 1038 1851 enim
1054 1793 1185 1854 affectus

170 1875 198 1931 in
221 1872 265 1931 bis
293 1873 408 1932 iunctae
436 1871 574 1932 exhibent
600 1890 713 1942 mauus;
741 1876 770 1933 in
786 1874 874 1933 rebus
893 1877 1007 1954 parvis,
1034 1877 1183 1954 tristibus,

170 1955 284 2015 mitibus
302 1956 424 2024 brevem
444 1958 572 2032 magnis,
589 1956 690 2033 laetis,
708 1957 856 2018 atrocibus
873 1960 1048 2018 exertiores.

161 2044 163 2049 ’
253 2039 350 2101 Vitia
363 2057 477 2119 quoque
491 2059 589 2100 earum
601 2040 780 2101 subiicienda
792 2050 867 2117 sunt,
884 2059 957 2120 quae
971 2043 1089 2122 quidem
1102 2045 1183 2105 acci·

112 2135 161 2191 117
170 2124 240 2184 dere
257 2125 343 2184 etiam
357 2125 523 2184 exercitatis
536 2124 682 2185 actoribus
698 2125 801 2185 solent.
824 2123 897 2185 Nam
912 2135 1026 2203 gestum
1039 2128 1183 2205 poculum

169 2209 320 2286 poscentis
346 2218 394 2268 aut
414 2208 540 2268 verbera
560 2210 692 2285 minantis
716 2218 762 2268 aut
784 2227 934 2269 numerum
953 2211 1182 2287 quingentorum

170 2292 247 2352 flexo
265 2291 374 2370 pollice
393 2293 563 2368 efficientis,
588 2310 662 2370 quae
681 2301 776 2352 sunta
792 2293 963 2371 quibusdam
982 2295 1181 2373 scriptoribus

112 2380 283 2452 llttnotata,
304 2394 342 2436 ne
363 2377 391 2435 in
405 2377 521 2436 rusticis
541 2376 657 2454 quidem
674 2377 742 2436 vidi.
775 2375 814 2436 At
830 2385 859 2435 ut
876 2377 995 2437 brachio
1013 2388 1121 2438 exerto
1140 2381 1181 2439 in·

168 2461 355 2537 trospioiatur
372 2460 463 2536 latus,
486 2469 516 2519 ut
535 2478 646 2519 manum
664 2459 737 2520 alius
760 2461 834 2520 ultra
857 2461 946 2520 sinum
962 2461 1101 2539 proferre
1123 2480 1181 2521 nou

169 2543 274 2604 audeat
289 2544 378 2618 alins,
405 2546 434 2603 iu
457 2552 590 2622 quantum
612 2552 692 2622 patet
708 2544 874 2622 longitudo,
897 2545 1054 2622 protendat
1077 2556 1129 2607 aut
1144 2547 1181 2606 ad

168 2635 275 2687 tectum
292 2629 384 2705 erigat
400 2636 447 2688 aut
463 2629 589 2706 repetito
610 2627 684 2687 ultra
699 2627 814 2687 laevum
828 2629 977 2688 humerum
991 2638 1079 2706 gestu
1096 2631 1137 2690 ita
1152 2631 1180 2688 in

168 2718 282 2788 tergunt
297 2711 440 2789 flagellet,
460 2721 489 2770 ut
505 2713 666 2771 consistere
681 2720 749 2789 post
764 2730 829 2771 eum
844 2730 943 2790 parum
958 2721 1048 2772 tutum
1063 2713 1114 2789 sit,
1132 2722 1181 2774 aut

169 2795 312 2855 sinistrum
338 2795 424 2856 ducat
447 2793 548 2854 orbem
564 2804 612 2855 aut
633 2803 744 2854 temere
766 2813 867 2873 sparsa
882 2814 965 2855 manu
982 2798 1010 2855 in
1025 2798 1179 2874 proximos

169 2878 297 2939 offendat
321 2889 368 2939 aut
396 2879 520 2939 cubitum
546 2888 696 2957 utrumque
722 2880 750 2938 in
772 2879 917 2939 diversum
943 2879 1017 2939 latus
1042 2880 1179 2956 ventilet,

112 2965 260 3041 ll9saepe
278 2964 340 3023 scio
357 2965 485 3023 evenire.
518 2963 601 3024 Solet
616 2980 684 3022 esse
700 2972 730 3022 et
745 2963 828 3041 pigra
844 2972 874 3022 et
888 2963 1001 3043 trepida
1018 2972 1047 3023 et
1064 2964 1179 3024 secanti

169 3046 284 3116 similis3
320 3049 404 3108 etiam
431 3049 512 3107 uncis
538 3047 651 3124 digitis,
678 3056 707 3105 ut
733 3056 780 3107 aut
806 3047 902 3126 capite
932 3047 1102 3123 deiiciatur,
1130 3057 1179 3109 eut

169 3129 272 3190 eadem
287 3149 370 3192 manu
388 3133 518 3210 supinata
536 3133 564 3189 in
576 3131 730 3209 'superiora
748 3132 878 3191 iactetur.
911 3129 956 3191 Fit
976 3139 1005 3191 et
1025 3131 1076 3191 ille
1093 3131 1165 3192 habi

168 3222 228 3289 tus,
248 3216 296 3292 qui
313 3233 380 3276 esse
396 3216 424 3274 in
440 3216 539 3276 statuis
554 3213 724 3294 pacificator
741 3214 834 3291 solet,
851 3215 910 3294 qui,
927 3215 1064 3275 inclinato
1080 3216 1110 3274 in
1126 3215 1177 3276 bu·

167 3315 277 3357 merum
298 3299 429 3360 dextrum
452 3301 563 3377 capite,
587 3298 707 3358 brachio
723 3297 760 3359 ab
782 3317 852 3358 aure
877 3307 1034 3377 protenso,
1062 3317 1176 3358 manum

168 3379 273 3441 iniesto
292 3383 402 3460 pollice
423 3382 567 3450 extendit;
592 3381 772 3460 quiquidem
787 3383 908 3442 maxime
926 3382 1023 3461 placet
1047 3382 1101 3459 iis,
1127 3381 1177 3462 qui

112 3472 200 3525 ltose
218 3464 319 3525 dicere
335 3466 447 3528 sublata
461 3484 546 3527 mauu
562 3466 677 3526 iactant.
716 3465 845 3545 Adiicias
861 3466 930 3525 licet
946 3483 1015 3541 eos,
1041 3467 1091 3544 qui
1109 3483 1176 3526 serr·
