<?xml version="1.0" encoding="UTF-8"?>
<!DOCTYPE html PUBLIC "-//W3C//DTD XHTML 1.0 Transitional//EN"
    "http://www.w3.org/TR/xhtml1/DTD/xhtml1-transitional.dtd">
<html xmlns="http://www.w3.org/1999/xhtml" xml:lang="en" lang="en">
 <head>
  <title>
</title>
<meta http-equiv="Content-Type" content="text/html;charset=utf-8" />
  <meta name='ocr-system' content='tesseract 3.04.00' />
  <meta name='ocr-capabilities' content='ocr_page ocr_carea ocr_par ocr_line ocrx_word'/>
</head>
<body>
  <div class='ocr_page' id='page_1' title='image "./mfabiiquintilia00bonngoog/mfabiiquintilia00bonngoog_0516.png"; bbox 0 0 2566 4026; ppageno 0'>
   <div class='ocr_carea' id='block_1_1' title="bbox 370 199 1085 274">
    <p class='ocr_par' dir='ltr' id='par_1_1' title="bbox 370 199 1085 274">
     <span class='ocr_line' id='line_1_1' title="bbox 370 199 1085 274; baseline 0.011 -21"><span class='ocrx_word' id='word_1_1' title='bbox 370 207 787 274; x_wconf 81' lang='lat' dir='ltr'><strong>rnsr.oaaroa.nra.x‚s.</strong></span> <span class='ocrx_word' id='word_1_2' title='bbox 1028 199 1085 262; x_wconf 83' lang='lat'><strong>179</strong></span> 
     </span>
    </p>
   </div>
   <div class='ocr_carea' id='block_1_2' title="bbox 73 360 1190 3536">
    <p class='ocr_par' dir='ltr' id='par_1_2' title="bbox 77 360 1190 522">
     <span class='ocr_line' id='line_1_2' title="bbox 77 360 1190 442; baseline 0.007 -21"><span class='ocrx_word' id='word_1_3' title='bbox 77 379 186 440; x_wconf 85' lang='lat' dir='ltr'><strong>augere</strong></span> <span class='ocrx_word' id='word_1_4' title='bbox 203 379 303 440; x_wconf 89' lang='lat' dir='ltr'><strong>parva,</strong></span> <span class='ocrx_word' id='word_1_5' title='bbox 322 362 491 421; x_wconf 86' lang='lat' dir='ltr'><strong>varietatem</strong></span> <span class='ocrx_word' id='word_1_6' title='bbox 503 360 653 437; x_wconf 77' lang='lat' dir='ltr'><strong>similibus,</strong></span> <span class='ocrx_word' id='word_1_7' title='bbox 666 361 845 441; x_wconf 86' lang='lat' dir='ltr'><strong>voluptatem</strong></span> <span class='ocrx_word' id='word_1_8' title='bbox 862 366 1003 442; x_wconf 89' lang='lat' dir='ltr'><strong>expositis</strong></span> <span class='ocrx_word' id='word_1_9' title='bbox 1013 367 1087 437; x_wconf 53' lang='lat' dir='ltr'><strong>&gt;darc</strong></span> <span class='ocrx_word' id='word_1_10' title='bbox 1186 364 1190 371; x_wconf 83' lang='grc'><strong>’</strong></span> 
     </span>
     <span class='ocr_line' id='line_1_3' title="bbox 78 444 595 522; baseline -0.004 -18"><span class='ocrx_word' id='word_1_11' title='bbox 78 455 107 504; x_wconf 90' lang='lat' dir='ltr'><strong>et</strong></span> <span class='ocrx_word' id='word_1_12' title='bbox 124 445 199 504; x_wconf 89' lang='lat' dir='ltr'><strong>bene</strong></span> <span class='ocrx_word' id='word_1_13' title='bbox 215 445 314 504; x_wconf 89' lang='lat' dir='ltr'><strong>dicere</strong></span> <span class='ocrx_word' id='word_1_14' title='bbox 329 444 416 504; x_wconf 89' lang='lat' dir='ltr'><strong>multa</strong></span> <span class='ocrx_word' id='word_1_15' title='bbox 433 446 469 505; x_wconf 90' lang='lat' dir='ltr'><strong>de</strong></span> <span class='ocrx_word' id='word_1_16' title='bbox 485 446 595 522; x_wconf 85' lang='lat' dir='ltr'><strong>paucis.</strong></span> 
     </span>
    </p>

    <p class='ocr_par' dir='ltr' id='par_1_3' title="bbox 73 528 1128 3434">
     <span class='ocr_line' id='line_1_4' title="bbox 161 528 1085 611; baseline 0.006 -23"><span class='ocrx_word' id='word_1_17' title='bbox 161 528 193 588; x_wconf 96' lang='lat' dir='ltr'><strong>ln</strong></span> <span class='ocrx_word' id='word_1_18' title='bbox 208 528 265 588; x_wconf 91' lang='lat' dir='ltr'><strong>hoc</strong></span> <span class='ocrx_word' id='word_1_19' title='bbox 282 530 390 606; x_wconf 87' lang='lat' dir='ltr'><strong>optima</strong></span> <span class='ocrx_word' id='word_1_20' title='bbox 409 528 705 590; x_wconf 85' lang='lat' dir='ltr'><strong>facientinlinitae</strong></span> <span class='ocrx_word' id='word_1_21' title='bbox 723 531 988 609; x_wconf 80' lang='lat' dir='ltr'><strong>quaestiones,</strong></span> <span class='ocrx_word' id='word_1_22' title='bbox 1014 551 1085 611; x_wconf 91' lang='lat' dir='ltr'><strong>quas</strong></span> 
     </span>
     <span class='ocr_line' id='line_1_5' title="bbox 76 610 1087 693; baseline 0.005 -21"><span class='ocrx_word' id='word_1_23' title='bbox 76 615 176 672; x_wconf 87' lang='lat' dir='ltr'><strong>vocari</strong></span> <span class='ocrx_word' id='word_1_24' title='bbox 188 612 284 682; x_wconf 74' lang='grc' dir='ltr'><em>θέσεις</em></span> <span class='ocrx_word' id='word_1_25' title='bbox 296 612 427 686; x_wconf 80' lang='lat' dir='ltr'><strong>diximus,</strong></span> <span class='ocrx_word' id='word_1_26' title='bbox 437 612 540 690; x_wconf 91' lang='lat' dir='ltr'><strong>quibus</strong></span> <span class='ocrx_word' id='word_1_27' title='bbox 553 610 658 672; x_wconf 81' lang='lat' dir='ltr'><strong>Cicero</strong></span> <span class='ocrx_word' id='word_1_28' title='bbox 668 614 726 673; x_wconf 90' lang='lat' dir='ltr'><strong>iam</strong></span> <span class='ocrx_word' id='word_1_29' title='bbox 737 616 875 692; x_wconf 90' lang='lat' dir='ltr'><strong>princeps</strong></span> <span class='ocrx_word' id='word_1_30' title='bbox 887 615 915 674; x_wconf 95' lang='lat' dir='ltr'><strong>in</strong></span> <span class='ocrx_word' id='word_1_31' title='bbox 927 616 1087 693; x_wconf 82' lang='lat' dir='ltr'><strong>republica</strong></span> 
     </span>
     <span class='ocr_line' id='line_1_6' title="bbox 77 695 1126 766; baseline 0.007 -11"><span class='ocrx_word' id='word_1_32' title='bbox 77 696 211 755; x_wconf 76' lang='lat' dir='ltr'><strong>exerceri</strong></span> <span class='ocrx_word' id='word_1_33' title='bbox 229 695 353 755; x_wconf 83' lang='lat' dir='ltr'><strong>solebat.</strong></span> <span class='ocrx_word' id='word_1_34' title='bbox 384 695 434 754; x_wconf 88' lang='lat' dir='ltr'><strong>llis</strong></span> <span class='ocrx_word' id='word_1_35' title='bbox 452 696 572 755; x_wconf 84' lang='lat' dir='ltr'><strong>confinis</strong></span> <span class='ocrx_word' id='word_1_36' title='bbox 589 705 634 756; x_wconf 89' lang='lat' dir='ltr'><strong>est</strong></span> <span class='ocrx_word' id='word_1_37' title='bbox 654 696 873 757; x_wconf 84' lang='lat' dir='ltr'><strong>destructio</strong></span> <span class='ocrx_word' id='word_1_38' title='bbox 889 706 924 758; x_wconf 89' lang='lat' dir='ltr'><strong>et</strong></span> <span class='ocrx_word' id='word_1_39' title='bbox 940 701 1126 766; x_wconf 73' lang='lat' dir='ltr'><strong>confir-12</strong></span> 
     </span>
     <span class='ocr_line' id='line_1_7' title="bbox 74 779 1086 845; baseline 0.006 -7"><span class='ocrx_word' id='word_1_40' title='bbox 74 782 183 840; x_wconf 90' lang='lat' dir='ltr'><strong>matio</strong></span> <span class='ocrx_word' id='word_1_41' title='bbox 205 780 489 839; x_wconf 88' lang='lat' dir='ltr'><strong>sententiarum.</strong></span> <span class='ocrx_word' id='word_1_42' title='bbox 529 779 601 839; x_wconf 90' lang='lat' dir='ltr'><strong>Nam</strong></span> <span class='ocrx_word' id='word_1_43' title='bbox 624 799 688 840; x_wconf 90' lang='lat' dir='ltr'><strong>cum</strong></span> <span class='ocrx_word' id='word_1_44' title='bbox 710 781 747 841; x_wconf 90' lang='lat' dir='ltr'><strong>sit</strong></span> <span class='ocrx_word' id='word_1_45' title='bbox 771 783 914 841; x_wconf 90' lang='lat' dir='ltr'><strong>sententia</strong></span> <span class='ocrx_word' id='word_1_46' title='bbox 936 783 1086 845; x_wconf 90' lang='lat' dir='ltr'><strong>decretum</strong></span> 
     </span>
     <span class='ocr_line' id='line_1_8' title="bbox 76 862 1086 942; baseline 0.006 -20"><span class='ocrx_word' id='word_1_47' title='bbox 76 863 220 942; x_wconf 83' lang='lat' dir='ltr'><strong>quoddam</strong></span> <span class='ocrx_word' id='word_1_48' title='bbox 238 871 324 942; x_wconf 86' lang='lat' dir='ltr'><strong>atque</strong></span> <span class='ocrx_word' id='word_1_49' title='bbox 340 872 545 941; x_wconf 89' lang='lat' dir='ltr'><strong>praeceptum:</strong></span> <span class='ocrx_word' id='word_1_50' title='bbox 568 862 646 941; x_wconf 91' lang='lat' dir='ltr'><strong>quod</strong></span> <span class='ocrx_word' id='word_1_51' title='bbox 665 864 701 924; x_wconf 91' lang='lat' dir='ltr'><strong>de</strong></span> <span class='ocrx_word' id='word_1_52' title='bbox 718 883 750 924; x_wconf 90' lang='lat' dir='ltr'><strong>re</strong></span> <span class='ocrx_word' id='word_1_53' title='bbox 773 865 849 925; x_wconf 90' lang='lat' dir='ltr'><strong>idem</strong></span> <span class='ocrx_word' id='word_1_54' title='bbox 866 866 903 925; x_wconf 90' lang='lat' dir='ltr'><strong>de</strong></span> <span class='ocrx_word' id='word_1_55' title='bbox 919 867 1024 927; x_wconf 90' lang='lat' dir='ltr'><strong>iudicio</strong></span> <span class='ocrx_word' id='word_1_56' title='bbox 1042 871 1086 928; x_wconf 88' lang='lat' dir='ltr'><strong>rei</strong></span> 
     </span>
     <span class='ocr_line' id='line_1_9' title="bbox 76 945 1085 1029; baseline 0.003 -22"><span class='ocrx_word' id='word_1_57' title='bbox 76 948 176 1025; x_wconf 87' lang='lat' dir='ltr'><strong>quaeri</strong></span> <span class='ocrx_word' id='word_1_58' title='bbox 192 955 299 1024; x_wconf 82' lang='lat' dir='ltr'><strong>potest.</strong></span> <span class='ocrx_word' id='word_1_59' title='bbox 329 945 401 1006; x_wconf 82' lang='lat' dir='ltr'><strong>Tam</strong></span> <span class='ocrx_word' id='word_1_60' title='bbox 417 946 494 1007; x_wconf 90' lang='lat' dir='ltr'><strong>loci</strong></span> <span class='ocrx_word' id='word_1_61' title='bbox 516 964 741 1024; x_wconf 89' lang='lat' dir='ltr'><strong>communes,</strong></span> <span class='ocrx_word' id='word_1_62' title='bbox 764 966 837 1026; x_wconf 86' lang='lat' dir='ltr'><strong>quos</strong></span> <span class='ocrx_word' id='word_1_63' title='bbox 855 951 940 1009; x_wconf 90' lang='lat' dir='ltr'><strong>etiam</strong></span> <span class='ocrx_word' id='word_1_64' title='bbox 958 953 1085 1029; x_wconf 89' lang='lat' dir='ltr'><strong>scriptos</strong></span> 
     </span>
     <span class='ocr_line' id='line_1_10' title="bbox 74 1029 1085 1108; baseline 0.003 -17"><span class='ocrx_word' id='word_1_65' title='bbox 74 1032 109 1091; x_wconf 89' lang='lat' dir='ltr'><strong>ab</strong></span> <span class='ocrx_word' id='word_1_66' title='bbox 127 1031 291 1090; x_wconf 89' lang='lat' dir='ltr'><strong>oratoribus</strong></span> <span class='ocrx_word' id='word_1_67' title='bbox 306 1032 423 1090; x_wconf 89' lang='lat' dir='ltr'><strong>scimus.</strong></span> <span class='ocrx_word' id='word_1_68' title='bbox 455 1029 528 1090; x_wconf 86' lang='lat' dir='ltr'><strong>Nam</strong></span> <span class='ocrx_word' id='word_1_69' title='bbox 545 1032 592 1108; x_wconf 92' lang='lat' dir='ltr'><strong>qui</strong></span> <span class='ocrx_word' id='word_1_70' title='bbox 606 1031 681 1091; x_wconf 88' lang='lat' dir='ltr'><strong>baec</strong></span> <span class='ocrx_word' id='word_1_71' title='bbox 697 1041 779 1092; x_wconf 90' lang='lat' dir='ltr'><strong>recta</strong></span> <span class='ocrx_word' id='word_1_72' title='bbox 789 1041 897 1093; x_wconf 91' lang='lat' dir='ltr'><strong>tantum</strong></span> <span class='ocrx_word' id='word_1_73' title='bbox 909 1041 938 1093; x_wconf 90' lang='lat' dir='ltr'><strong>et</strong></span> <span class='ocrx_word' id='word_1_74' title='bbox 949 1035 977 1093; x_wconf 93' lang='lat' dir='ltr'><strong>in</strong></span> <span class='ocrx_word' id='word_1_75' title='bbox 987 1034 1085 1094; x_wconf 91' lang='lat' dir='ltr'><strong>nullos</strong></span> 
     </span>
     <span class='ocr_line' id='line_1_11' title="bbox 74 1115 1084 1196; baseline 0.003 -21"><span class='ocrx_word' id='word_1_76' title='bbox 74 1115 168 1175; x_wconf 84' lang='lat' dir='ltr'><strong>flexus</strong></span> <span class='ocrx_word' id='word_1_77' title='bbox 185 1115 354 1175; x_wconf 78' lang='lat' dir='ltr'><strong>recedentia</strong></span> <span class='ocrx_word' id='word_1_78' title='bbox 376 1115 499 1192; x_wconf 81' lang='lat' dir='ltr'><strong>copiose</strong></span> <span class='ocrx_word' id='word_1_79' title='bbox 521 1117 704 1191; x_wconf 84' lang='lat' dir='ltr'><strong>tractaverit,</strong></span> <span class='ocrx_word' id='word_1_80' title='bbox 727 1117 827 1193; x_wconf 91' lang='lat' dir='ltr'><strong>utique</strong></span> <span class='ocrx_word' id='word_1_81' title='bbox 848 1119 877 1175; x_wconf 92' lang='lat' dir='ltr'><strong>in</strong></span> <span class='ocrx_word' id='word_1_82' title='bbox 900 1116 959 1177; x_wconf 90' lang='lat' dir='ltr'><strong>iilis</strong></span> <span class='ocrx_word' id='word_1_83' title='bbox 983 1118 1084 1196; x_wconf 91' lang='lat' dir='ltr'><strong>plures</strong></span> 
     </span>
     <span class='ocr_line' id='line_1_12' title="bbox 75 1197 1084 1277; baseline 0.002 -19"><span class='ocrx_word' id='word_1_84' title='bbox 75 1217 216 1258; x_wconf 89' lang='lat' dir='ltr'><strong>excursus</strong></span> <span class='ocrx_word' id='word_1_85' title='bbox 232 1197 439 1277; x_wconf 82' lang='lat' dir='ltr'><strong>recipientibus</strong></span> <span class='ocrx_word' id='word_1_86' title='bbox 455 1199 546 1275; x_wconf 91' lang='lat' dir='ltr'><strong>magis</strong></span> <span class='ocrx_word' id='word_1_87' title='bbox 559 1197 714 1258; x_wconf 88' lang='lat' dir='ltr'><strong>abunda-bit</strong></span> <span class='ocrx_word' id='word_1_88' title='bbox 731 1201 845 1277; x_wconf 90' lang='lat' dir='ltr'><strong>eritque</strong></span> <span class='ocrx_word' id='word_1_89' title='bbox 857 1201 885 1259; x_wconf 94' lang='lat' dir='ltr'><strong>in</strong></span> <span class='ocrx_word' id='word_1_90' title='bbox 900 1218 1000 1261; x_wconf 88' lang='lat' dir='ltr'><strong>omnes</strong></span> <span class='ocrx_word' id='word_1_91' title='bbox 1018 1219 1084 1262; x_wconf 91' lang='lat' dir='ltr'><strong>cau-</strong></span> 
     </span>
     <span class='ocr_line' id='line_1_13' title="bbox 74 1281 1128 1361; baseline 0.005 -20"><span class='ocrx_word' id='word_1_92' title='bbox 74 1301 121 1341; x_wconf 87' lang='lat' dir='ltr'><strong>sas</strong></span> <span class='ocrx_word' id='word_1_93' title='bbox 134 1291 261 1361; x_wconf 90' lang='lat' dir='ltr'><strong>paratus.</strong></span> <span class='ocrx_word' id='word_1_94' title='bbox 292 1281 398 1341; x_wconf 88' lang='lat' dir='ltr'><strong>Omnes</strong></span> <span class='ocrx_word' id='word_1_95' title='bbox 414 1283 488 1340; x_wconf 90' lang='lat' dir='ltr'><strong>enim</strong></span> <span class='ocrx_word' id='word_1_96' title='bbox 503 1281 690 1359; x_wconf 82' lang='lat' dir='ltr'><strong>generalibus</strong></span> <span class='ocrx_word' id='word_1_97' title='bbox 709 1283 927 1360; x_wconf 84' lang='lat' dir='ltr'><strong>quaestionibus</strong></span> <span class='ocrx_word' id='word_1_98' title='bbox 943 1295 1085 1346; x_wconf 88' lang='lat' dir='ltr'><strong>constant.</strong></span> <span class='ocrx_word' id='word_1_99' title='bbox 1095 1296 1128 1350; x_wconf 77' lang='lat' dir='ltr'><strong>ts</strong></span> 
     </span>
     <span class='ocr_line' id='line_1_14' title="bbox 74 1363 1084 1446; baseline 0.006 -21"><span class='ocrx_word' id='word_1_100' title='bbox 74 1365 146 1425; x_wconf 90' lang='lat' dir='ltr'><strong>Nam</strong></span> <span class='ocrx_word' id='word_1_101' title='bbox 161 1365 229 1444; x_wconf 92' lang='lat' dir='ltr'><strong>quid</strong></span> <span class='ocrx_word' id='word_1_102' title='bbox 246 1367 377 1441; x_wconf 89' lang='lat' dir='ltr'><strong>interest,</strong></span> <span class='ocrx_word' id='word_1_103' title='bbox 397 1363 556 1427; x_wconf 79' lang='lat' dir='ltr'><strong>Cornelias</strong></span> <span class='ocrx_word' id='word_1_104' title='bbox 571 1366 826 1445; x_wconf 83' lang='lat' dir='ltr'><strong>tribunusplebis</strong></span> <span class='ocrx_word' id='word_1_105' title='bbox 843 1370 927 1446; x_wconf 82' lang='lat' dir='ltr'><strong>qnod</strong></span> <span class='ocrx_word' id='word_1_106' title='bbox 947 1370 1084 1439; x_wconf 81' lang='lat' dir='ltr'><strong>codicem</strong></span> 
     </span>
     <span class='ocr_line' id='line_1_15' title="bbox 74 1447 1085 1530; baseline 0.004 -20"><span class='ocrx_word' id='word_1_107' title='bbox 74 1452 191 1528; x_wconf 77' lang='lat' dir='ltr'><strong>legerit,</strong></span> <span class='ocrx_word' id='word_1_108' title='bbox 207 1468 275 1508; x_wconf 90' lang='lat' dir='ltr'><strong>reus</strong></span> <span class='ocrx_word' id='word_1_109' title='bbox 286 1450 339 1517; x_wconf 88' lang='lat' dir='ltr'><strong>sit;</strong></span> <span class='ocrx_word' id='word_1_110' title='bbox 359 1467 395 1508; x_wconf 90' lang='lat' dir='ltr'><strong>an</strong></span> <span class='ocrx_word' id='word_1_111' title='bbox 407 1467 594 1527; x_wconf 89' lang='lat' dir='ltr'><strong>quaeramus:</strong></span> <span class='ocrx_word' id='word_1_112' title='bbox 615 1447 789 1512; x_wconf 85' lang='lat' dir='ltr'><strong>Violetnrne</strong></span> <span class='ocrx_word' id='word_1_113' title='bbox 803 1453 962 1530; x_wconf 78' lang='lat' dir='ltr'><strong>maiestas,</strong></span> <span class='ocrx_word' id='word_1_114' title='bbox 978 1455 1007 1514; x_wconf 85' lang='lat' dir='ltr'><strong>si</strong></span> <span class='ocrx_word' id='word_1_115' title='bbox 1018 1472 1085 1514; x_wconf 80' lang='lat' dir='ltr'><strong>tna·</strong></span> 
     </span>
     <span class='ocr_line' id='line_1_16' title="bbox 73 1534 1086 1613; baseline 0.004 -20"><span class='ocrx_word' id='word_1_116' title='bbox 73 1536 221 1613; x_wconf 78' lang='lat' dir='ltr'><strong>piatratas</strong></span> <span class='ocrx_word' id='word_1_117' title='bbox 241 1534 429 1612; x_wconf 77' lang='lat' dir='ltr'><strong>rogationem</strong></span> <span class='ocrx_word' id='word_1_118' title='bbox 450 1552 539 1594; x_wconf 71' lang='lat' dir='ltr'><strong>mam</strong></span> <span class='ocrx_word' id='word_1_119' title='bbox 560 1535 673 1612; x_wconf 80' lang='lat' dir='ltr'><strong>popolo</strong></span> <span class='ocrx_word' id='word_1_120' title='bbox 691 1535 760 1613; x_wconf 82' lang='lat' dir='ltr'><strong>ipse</strong></span> <span class='ocrx_word' id='word_1_121' title='bbox 780 1537 982 1599; x_wconf 79' lang='lat' dir='ltr'><strong>recitaverit?</strong></span> <span class='ocrx_word' id='word_1_122' title='bbox 1012 1535 1086 1597; x_wconf 89' lang='lat' dir='ltr'><strong>Milo</strong></span> 
     </span>
     <span class='ocr_line' id='line_1_17' title="bbox 79 1614 1083 1700; baseline 0.005 -23"><span class='ocrx_word' id='word_1_123' title='bbox 79 1614 216 1678; x_wconf 73' lang='lat' dir='ltr'><strong>Clodiam</strong></span> <span class='ocrx_word' id='word_1_124' title='bbox 229 1626 352 1679; x_wconf 78' lang='lat' dir='ltr'><strong>rectene</strong></span> <span class='ocrx_word' id='word_1_125' title='bbox 375 1618 539 1693; x_wconf 84' lang='lat' dir='ltr'><strong>occiderit,</strong></span> <span class='ocrx_word' id='word_1_126' title='bbox 563 1618 660 1678; x_wconf 88' lang='lat' dir='ltr'><strong>veniat</strong></span> <span class='ocrx_word' id='word_1_127' title='bbox 679 1618 872 1688; x_wconf 70' lang='lat' dir='ltr'><strong>misdictum</strong></span> <span class='ocrx_word' id='word_1_128' title='bbox 890 1637 935 1696; x_wconf 86' lang='lat' dir='ltr'><strong>an,</strong></span> <span class='ocrx_word' id='word_1_129' title='bbox 955 1618 1083 1700; x_wconf 84' lang='lat' dir='ltr'><strong>Oporte-</strong></span> 
     </span>
     <span class='ocr_line' id='line_1_18' title="bbox 75 1701 1084 1783; baseline 0.003 -21"><span class='ocrx_word' id='word_1_130' title='bbox 75 1709 146 1762; x_wconf 89' lang='lat' dir='ltr'><strong>atne</strong></span> <span class='ocrx_word' id='word_1_131' title='bbox 172 1702 383 1762; x_wconf 77' lang='lat' dir='ltr'><strong>insidiatorem</strong></span> <span class='ocrx_word' id='word_1_132' title='bbox 408 1701 541 1779; x_wconf 74' lang='lat' dir='ltr'><strong>interfici</strong></span> <span class='ocrx_word' id='word_1_133' title='bbox 564 1703 613 1763; x_wconf 88' lang='lat' dir='ltr'><strong>ael</strong></span> <span class='ocrx_word' id='word_1_134' title='bbox 639 1704 848 1781; x_wconf 78' lang='lat' dir='ltr'><strong>perniciosam</strong></span> <span class='ocrx_word' id='word_1_135' title='bbox 872 1706 1084 1783; x_wconf 79' lang='lat' dir='ltr'><strong>reipublicae</strong></span> 
     </span>
     <span class='ocr_line' id='line_1_19' title="bbox 75 1783 1084 1860; baseline 0.002 -14"><span class='ocrx_word' id='word_1_136' title='bbox 75 1787 188 1860; x_wconf 81' lang='lat' dir='ltr'><strong>civem,</strong></span> <span class='ocrx_word' id='word_1_137' title='bbox 207 1787 327 1847; x_wconf 74' lang='lat' dir='ltr'><strong>etiamsi</strong></span> <span class='ocrx_word' id='word_1_138' title='bbox 346 1805 407 1847; x_wconf 87' lang='lat' dir='ltr'><strong>non</strong></span> <span class='ocrx_word' id='word_1_139' title='bbox 430 1785 593 1846; x_wconf 82' lang='lat' dir='ltr'><strong>insidietur</strong></span> <span class='ocrx_word' id='word_1_140' title='bbox 649 1783 726 1848; x_wconf 76' lang='lat' dir='ltr'><strong>Cato</strong></span> <span class='ocrx_word' id='word_1_141' title='bbox 747 1784 901 1851; x_wconf 79' lang='lat' dir='ltr'><strong>Marciam</strong></span> <span class='ocrx_word' id='word_1_142' title='bbox 922 1789 1084 1850; x_wconf 73' lang='lat' dir='ltr'><strong>honestene</strong></span> 
     </span>
     <span class='ocr_line' id='line_1_20' title="bbox 74 1866 1083 1944; baseline 0.002 -15"><span class='ocrx_word' id='word_1_143' title='bbox 74 1870 240 1930; x_wconf 82' lang='lat' dir='ltr'><strong>tradiderit</strong></span> <span class='ocrx_word' id='word_1_144' title='bbox 254 1868 437 1938; x_wconf 62' lang='lat' dir='ltr'><strong>Hortensia·</strong></span> <span class='ocrx_word' id='word_1_145' title='bbox 456 1888 502 1944; x_wconf 85' lang='lat' dir='ltr'><strong>an,</strong></span> <span class='ocrx_word' id='word_1_146' title='bbox 527 1866 734 1932; x_wconf 75' lang='lat' dir='ltr'><strong>Conveniatne</strong></span> <span class='ocrx_word' id='word_1_147' title='bbox 749 1889 801 1932; x_wconf 85' lang='lat' dir='ltr'><strong>res</strong></span> <span class='ocrx_word' id='word_1_148' title='bbox 820 1872 892 1932; x_wconf 85' lang='lat' dir='ltr'><strong>talis</strong></span> <span class='ocrx_word' id='word_1_149' title='bbox 907 1871 985 1934; x_wconf 86' lang='lat' dir='ltr'><strong>bono</strong></span> <span class='ocrx_word' id='word_1_150' title='bbox 994 1874 1083 1935; x_wconf 80' lang='lat' dir='ltr'><strong>ciro?</strong></span> 
     </span>
     <span class='ocr_line' id='line_1_21' title="bbox 74 1952 1124 2031; baseline 0.007 -20"><span class='ocrx_word' id='word_1_151' title='bbox 74 1952 119 2012; x_wconf 88' lang='lat' dir='ltr'><strong>De</strong></span> <span class='ocrx_word' id='word_1_152' title='bbox 141 1955 275 2031; x_wconf 91' lang='lat' dir='ltr'><strong>personis</strong></span> <span class='ocrx_word' id='word_1_153' title='bbox 297 1954 440 2013; x_wconf 91' lang='lat' dir='ltr'><strong>iudicatur</strong></span> <span class='ocrx_word' id='word_1_154' title='bbox 467 1952 520 2013; x_wconf 90' lang='lat' dir='ltr'><strong>sed</strong></span> <span class='ocrx_word' id='word_1_155' title='bbox 547 1953 584 2013; x_wconf 93' lang='lat' dir='ltr'><strong>de</strong></span> <span class='ocrx_word' id='word_1_156' title='bbox 606 1953 909 2031; x_wconf 87' lang='lat' dir='ltr'><strong>rebuscontenditur.</strong></span> <span class='ocrx_word' id='word_1_157' title='bbox 949 1954 1124 2018; x_wconf 87' lang='lat' dir='ltr'><strong>Deoia-14</strong></span> 
     </span>
     <span class='ocr_line' id='line_1_22' title="bbox 73 2035 1083 2115; baseline 0.003 -21"><span class='ocrx_word' id='word_1_158' title='bbox 73 2038 254 2095; x_wconf 87' lang='lat' dir='ltr'><strong>mationcs</strong></span> <span class='ocrx_word' id='word_1_159' title='bbox 279 2053 368 2110; x_wconf 85' lang='lat' dir='ltr'><strong>vcro,</strong></span> <span class='ocrx_word' id='word_1_160' title='bbox 403 2035 504 2113; x_wconf 89' lang='lat' dir='ltr'><strong>quales</strong></span> <span class='ocrx_word' id='word_1_161' title='bbox 528 2037 557 2094; x_wconf 94' lang='lat' dir='ltr'><strong>in</strong></span> <span class='ocrx_word' id='word_1_162' title='bbox 579 2036 690 2097; x_wconf 93' lang='lat' dir='ltr'><strong>scholis</strong></span> <span class='ocrx_word' id='word_1_163' title='bbox 717 2037 866 2098; x_wconf 90' lang='lat' dir='ltr'><strong>rhetorum</strong></span> <span class='ocrx_word' id='word_1_164' title='bbox 886 2037 1034 2115; x_wconf 88' lang='lat' dir='ltr'><strong>dicuntur,</strong></span> <span class='ocrx_word' id='word_1_165' title='bbox 1058 2039 1083 2097; x_wconf 88' lang='lat' dir='ltr'><strong>sl</strong></span> 
     </span>
     <span class='ocr_line' id='line_1_23' title="bbox 75 2118 1082 2197; baseline 0.003 -20"><span class='ocrx_word' id='word_1_166' title='bbox 75 2118 161 2177; x_wconf 90' lang='lat' dir='ltr'><strong>modo</strong></span> <span class='ocrx_word' id='word_1_167' title='bbox 177 2128 242 2177; x_wconf 90' lang='lat' dir='ltr'><strong>sunt</strong></span> <span class='ocrx_word' id='word_1_168' title='bbox 257 2119 293 2178; x_wconf 90' lang='lat' dir='ltr'><strong>ad</strong></span> <span class='ocrx_word' id='word_1_169' title='bbox 308 2120 460 2178; x_wconf 88' lang='lat' dir='ltr'><strong>veritatem</strong></span> <span class='ocrx_word' id='word_1_170' title='bbox 476 2120 711 2179; x_wconf 85' lang='lat' dir='ltr'><strong>accommodatae</strong></span> <span class='ocrx_word' id='word_1_171' title='bbox 722 2129 752 2179; x_wconf 89' lang='lat' dir='ltr'><strong>et</strong></span> <span class='ocrx_word' id='word_1_172' title='bbox 767 2121 945 2181; x_wconf 83' lang='lat' dir='ltr'><strong>orationibus</strong></span> <span class='ocrx_word' id='word_1_173' title='bbox 961 2122 1082 2197; x_wconf 87' lang='lat' dir='ltr'><strong>similes,</strong></span> 
     </span>
     <span class='ocr_line' id='line_1_24' title="bbox 74 2200 1082 2282; baseline 0.001 -21"><span class='ocrx_word' id='word_1_174' title='bbox 74 2219 131 2261; x_wconf 91' lang='lat' dir='ltr'><strong>non</strong></span> <span class='ocrx_word' id='word_1_175' title='bbox 147 2210 254 2260; x_wconf 89' lang='lat' dir='ltr'><strong>tantum</strong></span> <span class='ocrx_word' id='word_1_176' title='bbox 272 2201 337 2260; x_wconf 91' lang='lat' dir='ltr'><strong>dum</strong></span> <span class='ocrx_word' id='word_1_177' title='bbox 354 2200 497 2260; x_wconf 86' lang='lat' dir='ltr'><strong>adolescit</strong></span> <span class='ocrx_word' id='word_1_178' title='bbox 517 2201 628 2260; x_wconf 86' lang='lat' dir='ltr'><strong>iuvenis</strong></span> <span class='ocrx_word' id='word_1_179' title='bbox 650 2211 716 2261; x_wconf 91' lang='lat' dir='ltr'><strong>sunt</strong></span> <span class='ocrx_word' id='word_1_180' title='bbox 732 2203 919 2278; x_wconf 86' lang='lat' dir='ltr'><strong>utilissimas,</strong></span> <span class='ocrx_word' id='word_1_181' title='bbox 939 2223 1019 2282; x_wconf 88' lang='lat' dir='ltr'><strong>quae</strong></span> <span class='ocrx_word' id='word_1_182' title='bbox 1041 2207 1082 2262; x_wconf 90' lang='lat' dir='ltr'><strong>in·</strong></span> 
     </span>
     <span class='ocr_line' id='line_1_25' title="bbox 74 2284 1084 2362; baseline 0.001 -18"><span class='ocrx_word' id='word_1_183' title='bbox 74 2287 237 2344; x_wconf 89' lang='lat' dir='ltr'><strong>ventionem</strong></span> <span class='ocrx_word' id='word_1_184' title='bbox 256 2293 284 2343; x_wconf 90' lang='lat' dir='ltr'><strong>et</strong></span> <span class='ocrx_word' id='word_1_185' title='bbox 300 2284 520 2362; x_wconf 87' lang='lat' dir='ltr'><strong>dispositionem</strong></span> <span class='ocrx_word' id='word_1_186' title='bbox 538 2286 647 2360; x_wconf 88' lang='lat' dir='ltr'><strong>pariter</strong></span> <span class='ocrx_word' id='word_1_187' title='bbox 662 2295 818 2360; x_wconf 83' lang='lat' dir='ltr'><strong>exercent,</strong></span> <span class='ocrx_word' id='word_1_188' title='bbox 842 2286 895 2344; x_wconf 92' lang='lat' dir='ltr'><strong>sed</strong></span> <span class='ocrx_word' id='word_1_189' title='bbox 917 2288 1003 2346; x_wconf 88' lang='lat' dir='ltr'><strong>etiam</strong></span> <span class='ocrx_word' id='word_1_190' title='bbox 1021 2304 1084 2345; x_wconf 87' lang='lat' dir='ltr'><strong>cum</strong></span> 
     </span>
     <span class='ocr_line' id='line_1_26' title="bbox 76 2366 1081 2446; baseline -0.002 -17"><span class='ocrx_word' id='word_1_191' title='bbox 76 2379 120 2429; x_wconf 89' lang='lat' dir='ltr'><strong>est</strong></span> <span class='ocrx_word' id='word_1_192' title='bbox 139 2377 350 2428; x_wconf 86' lang='lat' dir='ltr'><strong>consummatus</strong></span> <span class='ocrx_word' id='word_1_193' title='bbox 373 2385 408 2426; x_wconf 90' lang='lat' dir='ltr'><strong>ac</strong></span> <span class='ocrx_word' id='word_1_194' title='bbox 429 2368 486 2426; x_wconf 91' lang='lat' dir='ltr'><strong>iam</strong></span> <span class='ocrx_word' id='word_1_195' title='bbox 507 2367 535 2424; x_wconf 97' lang='lat' dir='ltr'><strong>in</strong></span> <span class='ocrx_word' id='word_1_196' title='bbox 552 2366 618 2426; x_wconf 87' lang='lat' dir='ltr'><strong>lora</strong></span> <span class='ocrx_word' id='word_1_197' title='bbox 635 2367 741 2427; x_wconf 89' lang='lat' dir='ltr'><strong>clarus.</strong></span> <span class='ocrx_word' id='word_1_198' title='bbox 782 2366 877 2427; x_wconf 82' lang='lat' dir='ltr'><strong>Alitur</strong></span> <span class='ocrx_word' id='word_1_199' title='bbox 899 2369 973 2427; x_wconf 92' lang='lat' dir='ltr'><strong>enim</strong></span> <span class='ocrx_word' id='word_1_200' title='bbox 994 2377 1081 2446; x_wconf 88' lang='lat' dir='ltr'><strong>atque</strong></span> 
     </span>
     <span class='ocr_line' id='line_1_27' title="bbox 75 2450 1082 2530; baseline -0.002 -17"><span class='ocrx_word' id='word_1_201' title='bbox 75 2454 219 2527; x_wconf 86' lang='lat' dir='ltr'><strong>enitescit,</strong></span> <span class='ocrx_word' id='word_1_202' title='bbox 235 2452 316 2512; x_wconf 88' lang='lat' dir='ltr'><strong>velut</strong></span> <span class='ocrx_word' id='word_1_203' title='bbox 331 2450 438 2530; x_wconf 90' lang='lat' dir='ltr'><strong>pabulo</strong></span> <span class='ocrx_word' id='word_1_204' title='bbox 454 2451 577 2511; x_wconf 87' lang='lat' dir='ltr'><strong>laetiore</strong></span> <span class='ocrx_word' id='word_1_205' title='bbox 593 2450 727 2511; x_wconf 88' lang='lat' dir='ltr'><strong>lacundia</strong></span> <span class='ocrx_word' id='word_1_206' title='bbox 744 2458 773 2510; x_wconf 88' lang='lat' dir='ltr'><strong>et</strong></span> <span class='ocrx_word' id='word_1_207' title='bbox 788 2450 903 2512; x_wconf 87' lang='lat' dir='ltr'><strong>assidua</strong></span> <span class='ocrx_word' id='word_1_208' title='bbox 920 2453 1082 2511; x_wconf 88' lang='lat' dir='ltr'><strong>contentio-</strong></span> 
     </span>
     <span class='ocr_line' id='line_1_28' title="bbox 75 2532 1124 2615; baseline -0.002 -19"><span class='ocrx_word' id='word_1_209' title='bbox 75 2556 140 2596; x_wconf 92' lang='lat' dir='ltr'><strong>num</strong></span> <span class='ocrx_word' id='word_1_210' title='bbox 158 2538 314 2615; x_wconf 89' lang='lat' dir='ltr'><strong>asperitate</strong></span> <span class='ocrx_word' id='word_1_211' title='bbox 337 2536 457 2612; x_wconf 87' lang='lat' dir='ltr'><strong>latigata</strong></span> <span class='ocrx_word' id='word_1_212' title='bbox 478 2543 645 2594; x_wconf 83' lang='lat' dir='ltr'><strong>renovatur.</strong></span> <span class='ocrx_word' id='word_1_213' title='bbox 684 2532 870 2613; x_wconf 83' lang='lat' dir='ltr'><strong>Quapropter</strong></span> <span class='ocrx_word' id='word_1_214' title='bbox 889 2533 1124 2595; x_wconf 79' lang='lat' dir='ltr'><strong>historiaett</strong></span> 
     </span>
     <span class='ocr_line' id='line_1_29' title="bbox 74 2617 1081 2699; baseline -0.001 -19"><span class='ocrx_word' id='word_1_215' title='bbox 74 2638 275 2699; x_wconf 90' lang='lat' dir='ltr'><strong>nonnunquam</strong></span> <span class='ocrx_word' id='word_1_216' title='bbox 290 2620 408 2680; x_wconf 88' lang='lat' dir='ltr'><strong>ubertas</strong></span> <span class='ocrx_word' id='word_1_217' title='bbox 429 2623 458 2679; x_wconf 94' lang='lat' dir='ltr'><strong>in</strong></span> <span class='ocrx_word' id='word_1_218' title='bbox 478 2618 573 2696; x_wconf 86' lang='lat' dir='ltr'><strong>aliqua</strong></span> <span class='ocrx_word' id='word_1_219' title='bbox 594 2617 753 2678; x_wconf 88' lang='lat' dir='ltr'><strong>exercendi</strong></span> <span class='ocrx_word' id='word_1_220' title='bbox 770 2618 829 2679; x_wconf 90' lang='lat' dir='ltr'><strong>stili</strong></span> <span class='ocrx_word' id='word_1_221' title='bbox 848 2627 931 2697; x_wconf 91' lang='lat' dir='ltr'><strong>parte</strong></span> <span class='ocrx_word' id='word_1_222' title='bbox 948 2618 1081 2698; x_wconf 88' lang='lat' dir='ltr'><strong>ponenda</strong></span> 
     </span>
     <span class='ocr_line' id='line_1_30' title="bbox 76 2701 1083 2782; baseline -0.004 -17"><span class='ocrx_word' id='word_1_223' title='bbox 76 2715 104 2765; x_wconf 93' lang='lat' dir='ltr'><strong>et</strong></span> <span class='ocrx_word' id='word_1_224' title='bbox 119 2705 357 2782; x_wconf 80' lang='lat' dir='ltr'><strong>dialogorum</strong></span> <span class='ocrx_word' id='word_1_225' title='bbox 368 2703 503 2764; x_wconf 88' lang='lat' dir='ltr'><strong>libertate</strong></span> <span class='ocrx_word' id='word_1_226' title='bbox 514 2701 707 2780; x_wconf 85' lang='lat' dir='ltr'><strong>gestiendum.</strong></span> <span class='ocrx_word' id='word_1_227' title='bbox 731 2701 952 2763; x_wconf 84' lang='lat' dir='ltr'><strong>Necarmine</strong></span> <span class='ocrx_word' id='word_1_228' title='bbox 968 2701 1083 2781; x_wconf 89' lang='lat' dir='ltr'><strong>quidem</strong></span> 
     </span>
     <span class='ocr_line' id='line_1_31' title="bbox 75 2784 1082 2865; baseline -0.003 -17"><span class='ocrx_word' id='word_1_229' title='bbox 75 2790 176 2849; x_wconf 88' lang='lat' dir='ltr'><strong>ludere</strong></span> <span class='ocrx_word' id='word_1_230' title='bbox 198 2790 372 2848; x_wconf 88' lang='lat' dir='ltr'><strong>contrarium</strong></span> <span class='ocrx_word' id='word_1_231' title='bbox 392 2787 492 2855; x_wconf 63' lang='lat' dir='ltr'><strong>luerim</strong></span> <span class='ocrx_word' id='word_1_232' title='bbox 511 2788 586 2846; x_wconf 88' lang='lat' dir='ltr'><strong>sicut</strong></span> <span class='ocrx_word' id='word_1_233' title='bbox 604 2784 746 2863; x_wconf 86' lang='lat' dir='ltr'><strong>athletae,</strong></span> <span class='ocrx_word' id='word_1_234' title='bbox 764 2787 887 2847; x_wconf 83' lang='lat' dir='ltr'><strong>remissa</strong></span> <span class='ocrx_word' id='word_1_235' title='bbox 912 2786 1082 2865; x_wconf 90' lang='lat' dir='ltr'><strong>quibusdam</strong></span> 
     </span>
     <span class='ocr_line' id='line_1_32' title="bbox 75 2871 1081 2951; baseline -0.003 -18"><span class='ocrx_word' id='word_1_236' title='bbox 75 2872 254 2951; x_wconf 90' lang='lat' dir='ltr'><strong>temporibus</strong></span> <span class='ocrx_word' id='word_1_237' title='bbox 271 2872 400 2930; x_wconf 90' lang='lat' dir='ltr'><strong>ciborum</strong></span> <span class='ocrx_word' id='word_1_238' title='bbox 417 2880 504 2949; x_wconf 87' lang='lat' dir='ltr'><strong>atque</strong></span> <span class='ocrx_word' id='word_1_239' title='bbox 527 2871 765 2930; x_wconf 86' lang='lat' dir='ltr'><strong>exercitationum</strong></span> <span class='ocrx_word' id='word_1_240' title='bbox 787 2880 868 2932; x_wconf 91' lang='lat' dir='ltr'><strong>certa</strong></span> <span class='ocrx_word' id='word_1_241' title='bbox 893 2872 1081 2946; x_wconf 88' lang='lat' dir='ltr'><strong>necessitate,</strong></span> 
     </span>
     <span class='ocr_line' id='line_1_33' title="bbox 76 2953 1125 3032; baseline -0.001 -16"><span class='ocrx_word' id='word_1_242' title='bbox 76 2959 135 3017; x_wconf 91' lang='lat' dir='ltr'><strong>otio</strong></span> <span class='ocrx_word' id='word_1_243' title='bbox 153 2965 182 3016; x_wconf 87' lang='lat' dir='ltr'><strong>et</strong></span> <span class='ocrx_word' id='word_1_244' title='bbox 202 2954 417 3016; x_wconf 89' lang='lat' dir='ltr'><strong>iucundioribus</strong></span> <span class='ocrx_word' id='word_1_245' title='bbox 435 2954 539 3014; x_wconf 90' lang='lat' dir='ltr'><strong>eduliis</strong></span> <span class='ocrx_word' id='word_1_246' title='bbox 557 2953 732 3013; x_wconf 86' lang='lat' dir='ltr'><strong>reficiuntur.</strong></span> <span class='ocrx_word' id='word_1_247' title='bbox 771 2953 901 3032; x_wconf 89' lang='lat' dir='ltr'><strong>Ideoque</strong></span> <span class='ocrx_word' id='word_1_248' title='bbox 921 2953 989 3014; x_wconf 92' lang='lat' dir='ltr'><strong>milri</strong></span> <span class='ocrx_word' id='word_1_249' title='bbox 1004 2953 1083 3014; x_wconf 83' lang='lat' dir='ltr'><strong>ride·</strong></span> <span class='ocrx_word' id='word_1_250' title='bbox 1091 2961 1125 3015; x_wconf 87' lang='grc'><strong>16</strong></span> 
     </span>
     <span class='ocr_line' id='line_1_34' title="bbox 76 3035 1090 3116; baseline -0.005 -17"><span class='ocrx_word' id='word_1_251' title='bbox 76 3050 121 3099; x_wconf 90' lang='lat' dir='ltr'><strong>tur</strong></span> <span class='ocrx_word' id='word_1_252' title='bbox 138 3040 175 3099; x_wconf 87' lang='grc' dir='ltr'><strong>Μ.</strong></span> <span class='ocrx_word' id='word_1_253' title='bbox 195 3039 306 3098; x_wconf 87' lang='lat' dir='ltr'><strong>Tullius</strong></span> <span class='ocrx_word' id='word_1_254' title='bbox 328 3047 437 3099; x_wconf 90' lang='lat' dir='ltr'><strong>tantum</strong></span> <span class='ocrx_word' id='word_1_255' title='bbox 461 3035 593 3097; x_wconf 87' lang='lat' dir='ltr'><strong>intulisse</strong></span> <span class='ocrx_word' id='word_1_256' title='bbox 617 3036 802 3116; x_wconf 89' lang='lat' dir='ltr'><strong>eloquentiae</strong></span> <span class='ocrx_word' id='word_1_257' title='bbox 818 3037 929 3113; x_wconf 86' lang='lat' dir='ltr'><strong>lumen,</strong></span> <span class='ocrx_word' id='word_1_258' title='bbox 954 3037 1032 3116; x_wconf 84' lang='lat' dir='ltr'><strong>quad</strong></span> <span class='ocrx_word' id='word_1_259' title='bbox 1054 3039 1090 3096; x_wconf 88' lang='lat' dir='ltr'><strong>in.</strong></span> 
     </span>
     <span class='ocr_line' id='line_1_35' title="bbox 75 3120 1083 3201; baseline 0.002 -20"><span class='ocrx_word' id='word_1_260' title='bbox 75 3123 129 3182; x_wconf 91' lang='lat' dir='ltr'><strong>bos</strong></span> <span class='ocrx_word' id='word_1_261' title='bbox 145 3140 262 3201; x_wconf 91' lang='lat' dir='ltr'><strong>quoque</strong></span> <span class='ocrx_word' id='word_1_262' title='bbox 276 3123 436 3182; x_wconf 89' lang='lat' dir='ltr'><strong>studiorum</strong></span> <span class='ocrx_word' id='word_1_263' title='bbox 457 3137 594 3181; x_wconf 88' lang='lat' dir='ltr'><strong>secessus</strong></span> <span class='ocrx_word' id='word_1_264' title='bbox 609 3123 746 3181; x_wconf 86' lang='lat' dir='ltr'><strong>excurrit.</strong></span> <span class='ocrx_word' id='word_1_265' title='bbox 782 3120 854 3182; x_wconf 86' lang='lat' dir='ltr'><strong>Nam</strong></span> <span class='ocrx_word' id='word_1_266' title='bbox 876 3123 901 3182; x_wconf 90' lang='lat' dir='ltr'><strong>si</strong></span> <span class='ocrx_word' id='word_1_267' title='bbox 917 3121 1001 3181; x_wconf 91' lang='lat' dir='ltr'><strong>nabis</strong></span> <span class='ocrx_word' id='word_1_268' title='bbox 1019 3120 1083 3189; x_wconf 80' lang='lat' dir='ltr'><strong>sola</strong></span> 
     </span>
     <span class='ocr_line' id='line_1_36' title="bbox 77 3203 1082 3283; baseline 0 -19"><span class='ocrx_word' id='word_1_269' title='bbox 77 3209 195 3265; x_wconf 88' lang='lat' dir='ltr'><strong>materia</strong></span> <span class='ocrx_word' id='word_1_270' title='bbox 212 3207 299 3266; x_wconf 88' lang='lat' dir='ltr'><strong>fuerit</strong></span> <span class='ocrx_word' id='word_1_271' title='bbox 319 3225 357 3266; x_wconf 89' lang='lat' dir='ltr'><strong>ex</strong></span> <span class='ocrx_word' id='word_1_272' title='bbox 372 3205 487 3265; x_wconf 88' lang='lat' dir='ltr'><strong>litibus:</strong></span> <span class='ocrx_word' id='word_1_273' title='bbox 504 3221 630 3264; x_wconf 87' lang='lat' dir='ltr'><strong>neccsse</strong></span> <span class='ocrx_word' id='word_1_274' title='bbox 647 3213 693 3265; x_wconf 92' lang='lat' dir='ltr'><strong>est</strong></span> <span class='ocrx_word' id='word_1_275' title='bbox 708 3205 856 3266; x_wconf 88' lang='lat' dir='ltr'><strong>deteratur</strong></span> <span class='ocrx_word' id='word_1_276' title='bbox 871 3205 969 3283; x_wconf 81' lang='lat' dir='ltr'><strong>fulgor</strong></span> <span class='ocrx_word' id='word_1_277' title='bbox 986 3214 1015 3265; x_wconf 91' lang='lat' dir='ltr'><strong>et</strong></span> <span class='ocrx_word' id='word_1_278' title='bbox 1032 3203 1082 3264; x_wconf 92' lang='lat' dir='ltr'><strong>du·</strong></span> 
     </span>
     <span class='ocr_line' id='line_1_37' title="bbox 77 3289 1083 3368; baseline 0 -20"><span class='ocrx_word' id='word_1_279' title='bbox 77 3300 174 3349; x_wconf 88' lang='lat' dir='ltr'><strong>rescat</strong></span> <span class='ocrx_word' id='word_1_280' title='bbox 196 3289 333 3349; x_wconf 88' lang='lat' dir='ltr'><strong>articulus</strong></span> <span class='ocrx_word' id='word_1_281' title='bbox 360 3298 389 3349; x_wconf 92' lang='lat' dir='ltr'><strong>et</strong></span> <span class='ocrx_word' id='word_1_282' title='bbox 413 3292 477 3368; x_wconf 90' lang='lat' dir='ltr'><strong>ipse</strong></span> <span class='ocrx_word' id='word_1_283' title='bbox 499 3289 549 3349; x_wconf 90' lang='lat' dir='ltr'><strong>ille</strong></span> <span class='ocrx_word' id='word_1_284' title='bbox 571 3306 671 3351; x_wconf 89' lang='lat' dir='ltr'><strong>mucro</strong></span> <span class='ocrx_word' id='word_1_285' title='bbox 695 3290 803 3367; x_wconf 91' lang='lat' dir='ltr'><strong>ingenii</strong></span> <span class='ocrx_word' id='word_1_286' title='bbox 824 3289 966 3350; x_wconf 89' lang='lat' dir='ltr'><strong>cotidiana</strong></span> <span class='ocrx_word' id='word_1_287' title='bbox 986 3306 1083 3368; x_wconf 86' lang='lat' dir='ltr'><strong>pugna</strong></span> 
     </span>
     <span class='ocr_line' id='line_1_38' title="bbox 77 3373 251 3434; baseline -0.023 -1"><span class='ocrx_word' id='word_1_288' title='bbox 77 3373 251 3434; x_wconf 87' lang='lat' dir='ltr'><strong>retundatur.</strong></span> 
     </span>
    </p>

    <p class='ocr_par' dir='ltr' id='par_1_4' title="bbox 164 3456 1125 3536">
     <span class='ocr_line' id='line_1_39' title="bbox 164 3456 1125 3536; baseline 0 -19"><span class='ocrx_word' id='word_1_289' title='bbox 164 3458 222 3517; x_wconf 87' lang='lat' dir='ltr'><strong>Sed</strong></span> <span class='ocrx_word' id='word_1_290' title='bbox 246 3457 484 3536; x_wconf 90' lang='lat' dir='ltr'><strong>quemadmodum</strong></span> <span class='ocrx_word' id='word_1_291' title='bbox 507 3456 673 3519; x_wconf 77' lang='lat' dir='ltr'><strong>forensibus</strong></span> <span class='ocrx_word' id='word_1_292' title='bbox 689 3456 890 3518; x_wconf 87' lang='lat' dir='ltr'><strong>certaminibus</strong></span> <span class='ocrx_word' id='word_1_293' title='bbox 907 3457 1085 3522; x_wconf 79' lang='lat' dir='ltr'><strong>exercitatos</strong></span> <span class='ocrx_word' id='word_1_294' title='bbox 1095 3459 1125 3517; x_wconf 80' lang='lat' dir='ltr'><strong>li</strong></span> 
     </span>
    </p>
   </div>
   <div class='ocr_carea' id='block_1_3' title="bbox 868 3535 931 3602">
    <p class='ocr_par' dir='ltr' id='par_1_5' title="bbox 868 3535 931 3602">
     <span class='ocr_line' id='line_1_40' title="bbox 868 3535 931 3602; baseline 0 0"><span class='ocrx_word' id='word_1_295' title='bbox 868 3535 931 3602; x_wconf 80' lang='lat'><strong>12*</strong></span> 
     </span>
    </p>
   </div>
   <div class='ocr_carea' id='block_1_4' title="bbox 0 0 1288 4026">
    <p class='ocr_par' dir='ltr' id='par_1_6' title="bbox 0 0 1288 4026">
     <span class='ocr_line' id='line_1_41' title="bbox 0 0 1288 4026; baseline 0 0"><span class='ocrx_word' id='word_1_296' title='bbox 0 0 1288 4026; x_wconf 95' lang='lat' dir='ltr'><strong> </strong></span> 
     </span>
    </p>
   </div>
  </div>
 </body>
</html>
