2566 4026
147 147 189 211 84
467 161 505 208 x.
521 160 599 208 ran.
616 159 838 219 omunnxaur

146 316 266 391 labore,
283 315 400 376 assiduo
416 315 530 391 studio,
552 315 632 375 varia
647 315 868 390 exercitatione,
891 314 1021 394 plurimis
1038 313 1154 392 experi-

146 401 267 475 mentis,
290 399 429 459 altissima
448 399 616 478 prudentia,
638 400 875 477 praesentissimo
897 399 1020 459 consilio
1041 406 1155 460 constat

107 496 194 550 thara
213 483 338 545 dicendi.
384 483 443 543 Sed
472 484 621 544 adiuvatur
646 482 691 542 his
718 501 852 563 quoqne,
879 484 904 542 si
925 492 1021 543 tamen
1045 491 1155 543 rectam

147 571 232 645 viam,
248 584 306 627 uon
322 585 405 628 unam
421 567 544 628 orbitam
557 575 734 633 monstrent;
758 586 815 646 qua
830 567 979 628 declinare
995 570 1044 647 qui
1061 566 1154 627 credi·

148 654 222 714 derit
239 653 339 728 nefas,
361 653 486 730 patiatur
510 669 636 711 necesse
660 661 704 711 est
726 651 807 712 illam
821 670 875 731 per
889 653 974 712 lones
990 651 1155 730 ingredien·

148 739 217 797 tium
231 737 405 797 tarditatem.
450 735 551 816 ltaque
568 744 598 796 et
613 744 733 796 stratum
747 735 862 796 militari
875 736 978 797 lahore
992 738 1049 797 iter
1064 753 1156 813 saepe

147 821 308 881 deserimus
326 820 498 899 compendio
515 821 608 890 ducti;
634 830 681 896 et,
702 822 727 881 si
742 830 854 881 rectum
869 822 989 881 limitem
1003 823 1080 900 rupti
1096 830 1155 880 tor·

147 904 277 965 rentibus
299 913 406 983 pontes
427 905 598 980 inciderint,
616 906 768 965 circumire
794 923 949 984 cogemur,
967 916 1012 982 et,
1030 907 1054 964 si
1072 907 1156 964 ianua

105 1001 138 1058 17
146 989 292 1050 tenebitur
306 989 452 1065 incendio,
470 1007 524 1067 per
539 991 681 1068 parietem
697 989 847 1049 exibimus.
877 988 948 1050 Late
969 991 1065 1051 fusum
1080 1007 1155 1067 opus

148 1084 193 1135 est
209 1083 238 1133 et
253 1073 406 1152 multiplex
423 1083 452 1134 et
467 1090 562 1153 prope
578 1075 685 1134 cotidie
701 1090 817 1148 novum,
837 1083 867 1134 et
882 1074 919 1134 de
940 1091 997 1153 quo
1012 1091 1155 1151 nunquam

147 1158 225 1219 diota
241 1166 324 1218 erunt
340 1160 444 1218 omnia.
476 1158 559 1232 Quae
575 1160 631 1218 sint
644 1167 739 1218 tamen
750 1159 866 1234 tradita,
886 1159 953 1237 quid
969 1176 1007 1218 ex
1017 1158 1062 1219 his
1079 1159 1153 1235 opti·

146 1261 237 1318 mum,
256 1251 285 1303 et
301 1244 326 1302 si
341 1260 398 1321 qua
413 1244 515 1302 mutari
524 1287 532 1318 ,
558 1242 660 1319 adiici,
678 1242 805 1320 detrahi,
822 1241 925 1303 melius
940 1242 1096 1319 ridebitur,
1113 1241 1153 1301 di·

148 1345 218 1387 cere
234 1328 380 1405 experiar.

451 1466 574 1519 otvtsto
594 1467 710 1521 TOTlUS
729 1468 850 1520 OPERIS.

230 1567 307 1628 xtv.
338 1567 415 1627 Rhe
425 1570 573 1629 toricen
588 1570 617 1627 in
633 1567 762 1628 Latinum
777 1567 989 1628 transferentes
1007 1576 1065 1626 tum
1082 1587 1152 1628 oron

147 1655 257 1714 loriam
281 1661 340 1711 tum
361 1655 528 1714 oratricem
556 1653 782 1712 nominaverunt.
830 1650 911 1724 Quos
939 1652 1073 1729 equidem
1097 1668 1155 1710 nou

146 1737 341 1798 fraudaverim
357 1735 454 1796 debita
472 1736 569 1812 laude,
587 1735 665 1815 quod
681 1737 794 1815 copiam
809 1734 931 1794 Romani
946 1737 1088 1794 sermonis
1106 1753 1154 1795 au·

147 1840 219 1899 gere
242 1823 417 1900 temptarint.
463 1820 522 1880 Sed
544 1837 602 1879 non
625 1822 719 1880 omnia
741 1837 795 1879 nos
819 1819 960 1880 ducentes
982 1836 1019 1878 ex
1040 1817 1154 1879 Graeco

147 1914 308 1986 sequuntur
322 1906 398 1964 siout
412 1922 449 1963 ne
467 1905 535 1964 illos
552 1905 686 1984 quidem,
714 1906 850 1984 quotiens
866 1906 926 1963 suis
941 1905 1041 1982 utique
1055 1901 1154 1961 uerbis

115 1991 263 2067 teignare
286 1998 387 2048 nostra
408 1988 571 2047 voluerunt.
616 1988 655 2048 Et
674 1988 749 2049 haec
770 1989 970 2066 interpretatio
992 2004 1050 2047 uon
1064 1989 1155 2047 minus

146 2074 217 2134 dura
234 2081 279 2132 est
295 2090 380 2150 quam
395 2071 446 2132 illa
460 2071 552 2133 Plauti
572 2075 706 2134 essentia
730 2081 819 2151 atque
835 2074 935 2145 ectio,
955 2071 1009 2131 sed
1031 2089 1067 2130 ne
1086 2088 1155 2149 pro-

145 2158 208 2236 pria
225 2156 354 2234 quidem;
371 2172 436 2214 nam
456 2159 595 2217 oratoria
615 2157 658 2216 sic
681 2157 802 2216 effertur
822 2165 852 2215 ut
871 2157 1058 2233 elocutorr'o,
1080 2173 1153 2216 oro-

146 2243 256 2303 trient
279 2242 451 2310 eloectrim;
472 2240 522 2300 illa
537 2248 650 2315 autem,
676 2241 714 2300 de
738 2259 795 2320 qua
816 2241 977 2319 loquimur,
1002 2240 1154 2301 rhetorice

145 2325 212 2384 talis
229 2332 274 2384 est
291 2323 385 2402 qualis
400 2325 589 2403 eloquentia,
611 2342 668 2384 neo
690 2324 776 2385 dubie
797 2325 873 2404 apud
889 2323 1018 2385 Graecos
1037 2341 1155 2403 quoque

117 2408 292 2487 3duplioem
310 2407 489 2468 intellectum
504 2408 602 2469 hahet.
648 2406 781 2489 Namque
801 2427 859 2472 uno
882 2409 968 2468 modo
992 2409 1023 2468 lit
1038 2409 1155 2487 apposi-

146 2503 205 2553 tum
231 2512 287 2554 ars
314 2495 472 2556 rhetorica
493 2501 524 2553 ut
545 2493 636 2555 mocio
659 2496 817 2572 piratico,
847 2495 942 2554 altero
968 2510 1074 2553 nomen
1099 2494 1154 2566 rei,

147 2575 241 2657 qualis
257 2585 302 2637 est
314 2578 526 2657 philosophia,
549 2579 696 2641 concilio.
741 2577 804 2638 Nos
825 2579 917 2656 ipsam
931 2594 1006 2636 nunc
1021 2575 1154 2636 volumus

146 2661 313 2738 significare
329 2661 533 2735 substantiam,
557 2669 588 2720 ut
608 2664 797 2740 grammatice
815 2664 988 2724 litteratura
1013 2668 1074 2735 est,
1088 2676 1154 2735 ‚non

146 2746 314 2808 litteratrior
328 2745 566 2824 quemadmodum
580 2750 718 2824 orotrim,
740 2765 796 2808 nec
817 2745 1001 2810 tittermmio
1017 2742 1153 2823 quemad·

118 2832 262 2890 amodum
281 2832 440 2900 orotott'c;
465 2848 565 2890 verum
586 2832 615 2889 in
637 2831 786 2891 rhetorice
812 2848 870 2890 non
891 2830 930 2889 iit.
975 2826 1020 2889 Ne
1042 2846 1153 2907 pugne-

146 2931 208 2972 mus
225 2913 322 2990 igitur,
340 2932 404 2975 cum
419 2916 592 2992 praesertim
610 2915 740 2994 plurimis
757 2916 866 2994 alioqui
882 2913 1003 2976 Graecis
1018 2913 1055 2972 sit
1072 2920 1153 2970 uten-

147 2997 222 3055 dum.
267 2995 341 3057 Nam
364 3008 445 3058 certe
469 3008 499 3058 et
522 3000 718 3078 philosophos
737 3009 767 3060 et
788 3002 922 3061 musicos
937 3007 967 3058 et
981 3003 1154 3076 peomctros

147 3078 258 3156 dicam,
285 3084 413 3142 necuim
428 3083 547 3142 aderam
562 3084 724 3144 nominihus
749 3083 794 3144 his
819 3084 958 3144 indecora
981 3083 1010 3140 in
1025 3079 1154 3140 Latinum

148 3176 312 3223 sermonem
328 3169 495 3227 mutatione.
542 3167 696 3247 Denique,
720 3186 784 3228 cum
798 3167 836 3227 M.
854 3166 965 3227 l'ullius
982 3165 1067 3224 etiam
1082 3164 1153 3241 ipsis

148 3244 305 3324 libromm,
329 3267 403 3329 quos
418 3252 474 3312 hac
495 3252 532 3312 de
547 3270 580 3312 re
595 3254 717 3332 primum
733 3253 909 3330 scripserat,
932 3248 1022 3309 titulis
1040 3247 1153 3309 Graeco

148 3333 263 3391 nomine
280 3341 390 3396 utatur:
406 3336 541 3414 proiecto
558 3354 616 3397 non
633 3346 678 3396 est
693 3335 861 3410 verendum,
878 3353 915 3395 ne
928 3344 1039 3394 temere
1054 3332 1152 3392 videa·

149 3432 211 3475 mur
227 3421 336 3479 oratori
349 3423 473 3481 maximo
489 3421 525 3481 de
538 3424 652 3481 nomine
667 3423 737 3482 artis
756 3437 826 3482 suae
845 3419 1016 3480 credidisse.
