2566 4026
155 153 218 215 254
461 166 498 213 rs.
520 164 598 212 una.
622 163 840 223 omnurumru

154 320 207 395 iis,
225 335 299 398 quae
315 334 418 396 passus
435 327 480 377 est
494 336 577 393 rcus,
595 325 642 376 aut
661 318 713 393 iis,
729 334 803 395 quae
825 319 1010 379 cummaxime
1033 321 1151 399 patitur,

156 409 203 463 aul
224 403 274 477 iis,
295 418 369 479 quae
393 400 552 461 damnatum
569 407 696 468 manent;
719 417 793 477 quae
816 409 846 459 et
873 402 936 479 ipsa
958 401 1152 480 duplicantur,

156 502 220 546 cum
237 483 374 560 dicimus,
390 503 428 544 ex
445 501 501 562 qua
515 484 556 544 illi
570 482 684 543 fortuna
704 491 733 541 et
750 485 777 541 in
800 501 883 561 quam
904 484 1088 545 recidendum
1102 489 1151 546 sit.

113 567 249 627 tillicrt
264 568 293 626 in
307 566 351 626 lris
365 576 538 627 momentum
559 575 588 626 et
609 574 688 625 aetas
705 574 733 626 et
752 583 839 625 sexus
859 576 888 627 et
901 569 1038 645 pignora
1054 569 1151 646 libori,

155 651 239 725 dico,
262 659 291 710 et
304 658 439 727 parentes
462 659 491 710 et
509 651 672 728 propinqui.
717 648 799 721 Quae
818 651 910 710 omnia
931 652 1048 711 tractari
1069 653 1152 713 varie

155 732 260 793 solent.
288 732 495 812 Nonnunquam
508 734 664 810 etiamipse
679 742 817 810 patronus
832 732 884 793 has
898 743 996 811 partes
1012 734 1104 795 subit:
1120 743 1151 795 nt

156 814 260 876 Cicero
275 833 328 894 pro
344 815 460 893 Milone,
476 813 561 878 Ome
575 816 735 877 merom!
748 825 802 878 otc
809 816 979 894 infelicem!
992 816 1154 880 Rcooccrc

154 919 201 960 nae
220 907 252 961 tn
265 901 297 960 in
312 902 465 979 petrium,
478 897 565 975 Milo,
585 900 708 978 potuisti
724 917 782 978 per
798 899 867 976 dos,
884 919 939 979 epo
959 910 987 962 tc
1000 901 1034 961 in
1044 904 1152 980 potria

153 1000 212 1062 pcc
233 984 356 1045 cosdem
369 985 502 1044 relinere
517 1000 579 1043 non
597 983 725 1060 potero?
767 981 965 1061 Maximeque,
982 985 1024 1058 si,
1039 991 1069 1042 ιι
1084 993 1152 1045 tnnc

114 1075 148 1128 25
156 1065 276 1139 accidit,
290 1082 348 1125 non
369 1066 541 1125 conveniunt
562 1067 589 1125 ei
610 1066 657 1143 qui
672 1074 825 1125 accusatur
840 1083 955 1144 preces.
1000 1065 1152 1144 Numquis

156 1149 245 1208 ierret
264 1146 400 1209 Milonem
415 1165 469 1227 pro
486 1149 579 1226 capite
596 1165 648 1208 suo
665 1148 891 1226 supplicantem,
910 1151 958 1228 qui
980 1167 996 1209 a
1011 1166 1044 1208 se
1059 1151 1152 1209 virum

156 1231 282 1291 nobilem
309 1233 507 1307 interiectum,
534 1233 598 1310 quia
624 1231 652 1292 id
678 1231 739 1290 lieri
765 1235 959 1309 oportuisset,
989 1229 1152 1292 fateretur?

156 1312 236 1392 Ergo
260 1323 289 1373 et
308 1315 350 1375 illi
374 1316 498 1393 captavit
519 1332 556 1374 ex
576 1316 640 1392 ipsa
669 1316 845 1393 praestantia
868 1316 951 1375 animi
970 1314 1100 1374 favorem
1121 1324 1152 1375 et

156 1398 295 1457 inlocum
311 1397 489 1457 lacrimarum
507 1400 567 1457 cius
585 1400 649 1475 ipse
665 1399 816 1458 successit.

239 1479 289 1540 llis
309 1481 466 1558 praecipue
487 1482 561 1540 locis
581 1481 667 1540 utiles
689 1489 753 1539 sunt
775 1482 1099 1558 prosopopoeiae,
1122 1480 1151 1540 id

158 1571 202 1620 est
214 1561 299 1621 lictae
315 1563 468 1622 allenarum
483 1581 670 1640 personarum
685 1565 848 1638 orationes,
861 1563 961 1641 quales
977 1563 1151 1638 litigatorem

157 1643 271 1703 decent.
306 1644 457 1705 Patronum
477 1646 569 1706 nudae
589 1655 694 1706 tanturn
715 1664 763 1706 res
778 1654 903 1705 movent.
937 1645 976 1706 At
992 1663 1055 1707 cum
1069 1647 1150 1725 ipsos

115 1727 237 1804 adloqui
253 1727 399 1804 fingimus,
422 1746 460 1788 ex
481 1731 614 1806 personis
637 1746 752 1806 quoque
770 1728 891 1788 trahitur
911 1729 1041 1790 allectus.
1085 1727 1150 1789 Non

158 1810 232 1869 eninr
248 1810 346 1870 audire
364 1811 452 1872 iudex
472 1813 585 1872 videtur
602 1811 695 1871 aliena
716 1812 790 1871 mala
810 1810 941 1871 deflentis
967 1813 1020 1872 scd
1035 1829 1151 1872 sensum

157 1910 191 1953 ac
206 1909 309 1952 vocem
323 1894 438 1953 auribus
455 1896 589 1972 accipere
604 1896 788 1969 miserorum,
814 1912 933 1974 quorum
956 1897 1039 1955 etiam
1057 1904 1150 1954 mutus

156 1984 292 2053 aspectus
307 1975 439 2036 lacrimas
453 1986 565 2046 movet;
583 1986 746 2055 quantoque
762 1987 860 2037 essent
881 1978 1109 2053 miserabiliore,
1126 1979 1151 2036 si

157 2075 192 2118 ea
207 2057 336 2118 dicerent
350 2061 421 2138 ipsi,
444 2068 522 2119 tanto
544 2069 609 2119 sunt
629 2061 748 2138 quadam
764 2061 897 2137 portione
913 2061 948 2120 ad
970 2061 1151 2122 adiciendum

157 2142 336 2218 potentiora,
353 2159 416 2202 cum
427 2142 507 2203 velut
521 2144 649 2221 ipsorum
661 2160 711 2202 ore
728 2144 874 2217 dicuntur,
888 2151 917 2201 ιιι
932 2145 1055 2203 scenicis
1071 2151 1149 2202 acto·

156 2223 234 2283 ribus
252 2223 353 2284 eadem
372 2241 431 2284 vox
453 2226 612 2305 eademque
633 2227 825 2304 pronuntiatio
846 2225 910 2303 plus
933 2226 969 2286 ad
992 2226 1150 2286 movendos

115 2307 276 2371 surrectus
291 2306 344 2367 sub
360 2326 486 2386 persona
504 2309 591 2369 valet.
636 2309 737 2387 ltaque
759 2309 835 2368 idem
854 2306 974 2384 Glcero,
991 2326 1151 2388 quanquam

157 2406 262 2467 preces
274 2407 331 2449 non
347 2390 394 2451 dat
409 2390 523 2467 Miloni,
541 2410 663 2471 eumque
679 2395 774 2470 potius
789 2393 872 2451 animi
887 2395 1061 2469 praestantia
1072 2408 1149 2450 oont-

155 2471 285 2548 mendat,
304 2475 532 2536 accommodavit
548 2484 641 2535 tamen
664 2476 690 2534 ei
711 2474 818 2550 verba,
841 2476 1047 2539 convenientes
1066 2477 1151 2534 etiam

156 2555 223 2615 lorti
249 2557 311 2616 viro
340 2560 579 2634 conquestiones:
609 2555 756 2634 chstrc,
788 2558 901 2635 inquit,
934 2561 992 2619 mei
1016 2557 1151 2635 suscepti

155 2639 285 2700 lodores.
331 2636 448 2718 Ospes
462 2640 611 2717 fallaces!
657 2637 904 2719 Ocoqitotiooee
923 2641 1032 2703 icones
1046 2640 1151 2703 meos!

237 2719 386 2798 Nunquam
409 2729 504 2781 tamen
518 2721 605 2781 debet
627 2739 693 2782 esse
719 2723 807 2798 longa
828 2724 990 2799 miseratio,
1013 2741 1069 2783 nec
1088 2724 1150 2782 sine

155 2820 242 2863 causa
257 2804 361 2863 dictum
377 2811 437 2879 est,
452 2805 527 2865 nillil
545 2805 671 2881 facilius
685 2821 775 2882 quom
795 2806 942 2866 lacrimas
961 2807 1149 2869 inarescere.

112 2885 225 2949 ‘lSNam
249 2904 311 2946 curn
335 2887 419 2947 etiam
441 2903 530 2946 veros
551 2886 669 2946 dolores
689 2889 800 2963 mitiget
828 2896 957 2966 tempus:
982 2891 1065 2949 citius
1083 2904 1149 2949 eva·

154 2978 254 3028 nesoat
269 2986 392 3029 necesse
414 2979 459 3028 cst
470 2969 536 3045 illa,
557 2987 640 3047 quam
655 2971 776 3030 dicendo
793 2970 970 3044 eiiinnimns,
985 2973 1095 3049 imago:
1122 2971 1149 3028 in

155 3069 211 3128 qua
227 3053 251 3112 si
272 3069 431 3113 moramur:
455 3052 578 3111 lacrimis
600 3052 735 3129 fatigatur
755 3052 867 3112 auditor
889 3062 918 3112 et
937 3055 1097 3131 requiescit
1121 3060 1149 3112 et

112 3133 189 3197 Mlab
207 3134 276 3210 illo,
293 3152 378 3213 quem
393 3145 527 3213 ceperat,
549 3137 657 3211 impetu
678 3136 712 3194 ad
735 3137 875 3194 rationem
890 3135 972 3195 redit.
1017 3136 1083 3197 Non
1099 3153 1148 3214 pa-

153 3218 255 3277 tiamur
271 3219 358 3294 igitur
371 3217 533 3295 frigescere
549 3216 606 3276 hoc
622 3233 712 3295 opus,
733 3226 762 3276 et
777 3217 927 3294 allectum,
945 3237 1008 3279 cum
1023 3219 1060 3279 ad
1074 3235 1148 3279 sum·

152 3316 228 3357 mum
254 3301 488 3377 perduxerimus,
513 3299 722 3376 relinquamus,
750 3318 806 3360 nec
834 3319 983 3379 speremus
1008 3303 1089 3378 iore,
1119 3308 1149 3359 ut

153 3380 247 3442 aliena
262 3384 411 3462 quisquam
433 3383 480 3445 diu
496 3380 602 3460 ploret.
646 3381 775 3460 Ideoque
796 3401 860 3442 cum
881 3386 909 3443 in
932 3385 996 3445 aliis
1015 3393 1074 3445 tum
1090 3400 1148 3443 mo·
