2566 4026
357 138 797 208 rusu.onuuon.n1n.v1‚3.
1020 129 1081 191 271

78 317 136 380 qne
153 297 205 358 illa
225 296 366 374 obscura,
384 315 459 377 quae
476 296 603 356 Atellani
620 313 732 369 emore
749 304 880 375 captant,
896 315 965 372 nee,
987 296 1084 376 qualia

76 383 167 461 vulgo
182 383 324 441 iactantur
340 399 356 440 a
370 382 511 441 vilissimo
530 397 662 460 quoque,
684 397 825 440 conversa
848 382 878 440 in
899 381 1083 442 maledictum

76 468 140 529 fere
162 464 364 542 ambiguitate;
389 483 426 525 ne
449 465 499 525 illa
523 465 653 543 quidem,
679 482 753 543 quae
775 462 910 525 Ciceroni
928 465 1082 544 aliquando

76 550 203 612 sednon
218 551 246 607 in
262 550 375 626 agendo
399 550 586 624 exciderunt,
606 557 638 608 ut
657 548 743 621 dixit,
767 567 831 608 cum
855 551 881 609 is
903 549 1081 625 candidatus,

77 636 127 715 qui
144 635 208 693 coci
226 631 300 691 lilius
318 632 492 708 habebatur,
514 651 609 693 coram
632 649 668 692 eo
690 632 857 710 suffragium
873 631 909 693 ab
927 633 985 693 alio
1001 642 1082 712 pete-

76 727 138 779 ret:
167 714 234 795 Epo
257 733 376 794 quoque
395 719 451 779 tibi
468 718 589 796 favebo.
622 717 703 792 Non,
732 718 798 795 quia
825 716 1006 778 excludenda
1029 720 1126 782 sintss

76 803 193 863 omnino
214 800 306 861 rerba
331 801 404 860 duos
420 820 523 862 sensns
540 802 741 878 significantia,
762 802 814 862 sed
833 803 899 880 quia
916 818 984 862 raro
1004 800 1083 861 belle

75 885 285 964 respondeant,
303 886 357 944 nisi
373 904 437 944 cum
451 902 572 964 prorsus
588 885 676 945 rebus
694 887 765 963 ipsis
782 885 960 946 adiuvantur.
990 884 1084 959 Quale

74 988 134 1031 non
148 969 207 1029 boc
223 969 310 1028 modo
327 986 421 1046 paene
437 980 465 1029 et
480 971 574 1049 ipsum
594 969 716 1030 scurrile
734 967 884 1029 Ciceronis
910 979 955 1030 est
971 971 999 1029 in
1015 988 1083 1029 eun·

76 1054 161 1130 dem,
184 1054 220 1113 de
237 1070 295 1131 quo
312 1072 400 1131 supra
417 1054 490 1128 dixi,
512 1052 684 1114 Isauricum:
709 1051 824 1132 Miror,
843 1055 918 1132 quid
931 1056 981 1131 sit,
1003 1055 1085 1132 quod

72 1146 166 1217 poter
184 1145 263 1212 tuus,
281 1136 366 1198 bomo
385 1138 657 1213 constantissimus,
673 1145 702 1199 te
716 1139 803 1200 nobis
818 1140 940 1200 camum
951 1139 1082 1216 reliquit.

75 1221 136 1282 Sed
152 1219 224 1281 illud
243 1238 280 1280 ex
302 1221 406 1281 eodem
426 1240 536 1298 genere
557 1221 756 1298 praeclarum,
781 1241 845 1282 eum
871 1223 1013 1283 obiiceret
1033 1221 1139 1292 bii-49,

75 1305 136 1367 loni
158 1312 313 1364 accusator
336 1305 365 1363 in
385 1315 582 1383 argumentum
607 1305 746 1366 factarum
772 1305 876 1367 Clodio
906 1307 1081 1382 insidiarum,

76 1389 156 1468 quod
171 1387 300 1447 Bovillas
316 1398 381 1449 ante
403 1388 503 1448 boram
520 1406 624 1450 nonam
640 1390 832 1466 devertisset,
853 1400 883 1451 ut
899 1399 1081 1468 expectaret,

75 1473 142 1541 dum
168 1469 287 1531 Clodius
310 1473 414 1533 avilla
434 1492 486 1534 sua
511 1474 621 1549 exiret,
650 1483 679 1533 et
698 1473 854 1534 identidem
876 1476 1081 1552 interrogaret,

75 1573 134 1635 quo
153 1565 284 1632 tempore
302 1553 421 1616 Clodius
444 1559 560 1616 occisus
583 1567 678 1617 esset:
701 1559 869 1637 respondit,
890 1557 988 1627 Seroc
1005 1557 1083 1636 quod

74 1639 125 1701 vel
141 1638 235 1699 solum
251 1640 376 1716 sufficit,
401 1650 431 1700 ut
448 1641 505 1701 boc
522 1660 615 1719 genus
631 1659 688 1700 non
703 1652 794 1701 totum
809 1645 988 1721 repudietur.
1020 1640 1124 1706 Nectit

74 1723 160 1804 plura
175 1722 261 1781 modo
280 1724 438 1800 significari
455 1725 566 1800 solent,
584 1727 738 1786 sedetiam
755 1727 888 1802 diversa,
904 1737 933 1786 ut
948 1726 1027 1786 Nero
1046 1726 1082 1786 de

74 1823 164 1868 servo
181 1808 310 1885 pessimo
326 1808 417 1868 dixit:
439 1807 525 1870 Nulli
538 1812 611 1888 pluo
630 1811 717 1890 apud
731 1830 765 1871 oe
783 1811 857 1888 fidei
871 1812 993 1887 baberi,
1009 1811 1083 1872 cibit

74 1893 105 1954 ei
124 1907 223 1969 neque
238 1891 395 1952 occlusum
410 1910 509 1971 raeque
523 1896 676 1972 sipontum
692 1914 767 1957 ease.
806 1896 941 1955 Pervenit
961 1913 1009 1954 res
1035 1902 1123 1954 ιιι-51

74 1993 133 2054 que
150 1975 186 2034 ad
206 1976 384 2052 aenigma,
407 1977 492 2054 quale
515 1988 559 2037 est
576 1974 727 2039 Ciceronis
748 1979 775 2037 in
795 1978 952 2039 Platorium
969 1978 1082 2038 Fonteii

74 2068 297 2134 accusatorem,
323 2062 411 2121 cuiue
432 2070 578 2138 mairem,
603 2062 689 2138 dixit,
711 2063 784 2124 dom
800 2065 941 2140 vicisset,
965 2063 1080 2136 ludum,

71 2151 237 2223 postquam
252 2152 372 2204 mortuo
388 2153 476 2221 esset,
492 2147 656 2224 mapiotros
666 2147 819 2208 babuisse.
843 2146 1021 2207 Dicebantur
1032 2164 1080 2207 au·

73 2237 150 2302 tem,
174 2226 240 2286 dum
259 2228 346 2301 vixit,
369 2228 489 2287 infames
511 2229 636 2289 feminae
654 2231 812 2290 convenire
827 2231 863 2290 ad
879 2249 942 2290 eam
960 2230 1080 2295 solitae:

73 2319 282 2391 postmortem
302 2311 378 2369 bona
394 2313 455 2370 eius
477 2312 622 2372 venibant.
662 2312 831 2391 Quanquam
851 2314 898 2373 hic
918 2315 1011 2375 ludus
1027 2330 1082 2391 per

73 2393 293 2456 translationem
307 2395 399 2454 dictus
416 2404 471 2469 est,
487 2396 630 2472 mopiam·
643 2414 697 2473 per
709 2396 931 2473 ambiguitatem.
963 2396 994 2456 ln
1009 2414 1078 2454 me·
1089 2407 1122 2456 52
1161 2424 1180 2454 ι

73 2477 241 2556 talepsin
271 2495 387 2557 quoque
415 2479 490 2537 cadit
513 2479 614 2538 eadem
633 2480 707 2539 ratio
728 2479 887 2556 dictorum,
918 2489 949 2539 ut
973 2478 1080 2538 Fabius

71 2560 232 2635 Maximus,
255 2562 389 2621 incusans
411 2562 535 2639 Augusti
558 2563 788 2640 congiariorum,
815 2581 888 2641 quae
912 2565 1010 2623 amicis
1031 2563 1079 2622 da·

73 2644 188 2719 bantur,
212 2646 408 2721 exiguitatem,
425 2646 683 2707 heminaria-esse
699 2647 786 2715 dixit;
808 2665 872 2707 nam
888 2647 1080 2722 cocolariam

74 2745 226 2789 commune
248 2727 429 2788 liberalitatis
451 2738 538 2806 atque
559 2747 728 2804 mensurae,
751 2745 785 2787 ea
802 2745 937 2787 mensura
952 2727 1037 2788 ducta
1052 2729 1080 2786 in

73 2812 259 2871 minutionem
275 2830 381 2871 rerum.
414 2811 494 2871 llaec
511 2821 568 2871 tam
589 2813 704 2889 frigida,
728 2829 812 2890 quam
835 2820 881 2870 est
905 2813 1123 2872 nominum53

73 2895 188 2955 fictio
213 2894 351 2971 adiectis,
382 2895 536 2970 detractis,
563 2898 677 2956 mutatis
699 2897 819 2954 litteris:
847 2903 878 2954 ut
899 2895 1078 2970 Acisculum,

74 2981 142 3058 quia
164 2988 245 3038 esset
264 2988 383 3056 pactus,
405 2976 620 3048 Pccioculum;
643 2988 672 3037 et
686 2978 834 3039 Placidum
848 2980 978 3056 nomine,
1002 2978 1080 3058 quod

74 3065 99 3123 is
116 3062 240 3123 acerbus
256 3072 356 3123 natura
373 3072 463 3139 esset,
479 3061 631 3137 deiciam
647 3072 675 3122 et
692 3063 825 3139 Tullium,
844 3080 908 3122 cum
923 3063 969 3123 fur
987 3071 1078 3137 esset,

78 3145 205 3209 Tollium
221 3147 314 3206 dictos
330 3148 455 3207 invenio.
489 3147 548 3208 Sed
568 3147 642 3208 haec
659 3149 759 3208 eadem
774 3165 885 3226 genera
902 3146 1078 3208 commodius
1086 3155 1122 3209 54

74 3231 103 3290 in
118 3229 206 3289 rebus
226 3247 309 3307 quam
325 3231 354 3288 in
369 3231 528 3291 nominibus
544 3233 731 3311 respondent.
772 3232 845 3292 Afer
867 3232 940 3291 enim
956 3240 1078 3292 venuste

73 3311 204 3373 lllallium
219 3315 336 3389 Suram,
358 3315 476 3374 multum
491 3317 518 3374 in
533 3317 647 3394 agendo
668 3317 892 3392 discursantem,
914 3316 1077 3391 salientem,

76 3413 174 3457 manus
200 3398 375 3474 iactantem,
401 3407 497 3476 togam
520 3401 701 3460 deiicientem
737 3410 767 3460 et
787 3410 992 3479 reponentem,
1018 3420 1078 3462 noc
