2566 4026
342 157 777 224 tusn.onnr0n.n1n.1V,1.
1000 149 1058 210 157

57 332 128 376 casu
144 313 221 373 laedi
239 321 346 389 potest.
380 311 426 373 Ad
442 331 557 374 causam
576 323 657 374 extra
674 315 820 392 pertinent
837 322 968 393 tempus,
985 314 1099 385 undem

56 398 231 477 principium
254 413 307 475 pro
332 394 448 464 Caelio;
471 397 569 472 iocus,
593 397 669 457 unde
684 414 738 476 pro
754 394 910 466 Deiotaro;
933 398 1059 476 habitus,

55 481 133 541 unde
156 498 211 559 pro
231 479 355 548 Milone;
386 481 500 558 opinio,
525 482 600 542 unde
623 483 652 540 in
675 481 812 549 Verrem;
842 480 999 561 deinceps,
1022 502 1060 544 ne

56 566 152 626 omnia
171 582 348 640 enumerem,
366 563 481 625 iniamia
494 564 673 641 iudiciorum,
692 565 858 643 expectatio
874 565 972 644 vuigi;
989 565 1060 628 nihil

57 650 133 709 enim
149 648 252 708 horum
269 650 298 708 in
314 666 401 709 causa
418 658 479 722 est,
497 648 531 708 ad
550 667 666 709 causam
681 657 777 709 tamen
792 650 946 726 pertinent.
979 649 1101 720 Adii-32

57 735 96 792 cit
112 731 332 811 Theophrastus
348 732 383 792 ab
403 735 534 792 oratione
552 733 740 812 principium,
759 732 845 811 quale
860 733 974 793 videtur
991 751 1059 795 esse

55 815 263 877 Demosthenis
287 833 340 895 pro
364 814 570 894 Ctesiphonte,
593 825 623 876 ut
646 816 701 877 sihi
716 817 816 877 dicere
831 832 884 876 suo
902 817 999 895 potius
1015 835 1060 878 ar-

56 900 143 961 bitrio
160 900 250 960 liceat
264 900 394 978 rogantis
410 918 495 978 qnam
508 917 544 959 eo
560 900 657 977 modo,
675 919 760 979 quem
776 901 891 960 actione
906 909 1061 961 accusator

56 985 292 1063 praescripserit.
330 982 449 1044 Fiducia
471 985 535 1062 ipsa
560 983 637 1044 solet
658 985 794 1062 opinione
819 985 1002 1062 arrogantiae
1020 984 1103 1054 la·33

56 1066 174 1128 horare.

142 1150 264 1212 Faciunt
291 1151 423 1212 favorem
451 1160 479 1211 et
505 1151 556 1212 illa
581 1169 675 1230 paene
702 1152 861 1213 communia
888 1160 1061 1214 nontamen

60 1234 232 1310 omittenda,
252 1235 302 1295 vel
326 1235 392 1295 ideo
416 1253 453 1294 ne
471 1244 666 1313 occupentur,
684 1244 803 1314 optare,
821 1235 995 1312 abominari,
1013 1254 1060 1297 ro·

59 1337 147 1396 gare,
167 1318 325 1378 sollicitum
346 1337 452 1397 agere:
480 1319 546 1397 quia
567 1319 739 1398 plerumque
763 1327 943 1380 attentum
963 1321 1060 1381 iudi·

60 1421 136 1462 cem
153 1402 237 1478 iacit,
255 1404 343 1463 sires
360 1405 407 1481 agi
422 1403 535 1462 videtur
549 1420 639 1479 nova,
657 1421 775 1481 magna,
793 1412 894 1479 atrox,
912 1404 1061 1482 pertinens

59 1487 95 1546 ad
112 1485 293 1564 exemplum,
317 1488 477 1566 praecipue
494 1495 605 1563 tamen,
630 1487 654 1546 si
676 1487 764 1547 iudex
785 1496 833 1547 aut
856 1504 908 1547 sua
929 1488 997 1548 vice
1012 1497 1061 1548 aut

58 1568 241 1648 reipublicae
265 1580 480 1646 commovetur,
505 1571 585 1630 cuius
604 1571 712 1631 animus
735 1588 806 1650 spe,
822 1579 916 1647 metu,
933 1571 1060 1632 admoni-

58 1655 148 1728 tione,
167 1652 315 1732 precihus,
333 1655 460 1715 vanitate
478 1655 614 1733 denique,
633 1656 657 1713 si
673 1654 701 1714 id
713 1654 892 1733 profuturum
905 1655 1059 1733 credimus,

59 1736 210 1814 agitandus
240 1746 294 1796 est.
345 1738 416 1798 Sunt
444 1746 473 1797 et
496 1737 546 1799 illa
568 1737 728 1799 excitandis
752 1738 788 1799 ad
809 1738 982 1799 audiendum
1003 1748 1103 1804 nonii

58 1820 186 1896 inutilia,
210 1822 236 1880 si
251 1837 305 1880 nos
320 1839 415 1900 neque
434 1821 482 1881 diu
499 1831 662 1882 moraturos
677 1838 773 1900 neque
790 1830 873 1881 extra
887 1839 1003 1882 causam
1019 1822 1060 1884 di·

42 1913 158 1993 ·cturos
177 1904 349 1965 existiment.
388 1904 522 1965 Docilem
538 1907 601 1965 sine
613 1905 700 1966 dubio
717 1914 747 1965 et
762 1905 836 1965 haec
851 1906 914 1983 ipsa
932 1914 1062 1984 praestat

58 1988 196 2056 attentio;
213 1989 266 2049 sed
283 1997 312 2049 et
327 1989 409 2064 illud,
427 1988 450 2046 si
467 1988 597 2049 breviter
615 1998 644 2048 et
660 1988 787 2049 dilucide
797 2005 933 2048 summam
951 1990 1006 2065 rei,
1023 1989 1060 2049 de

57 2090 113 2150 qua
131 2088 315 2149 cognoscere
334 2072 451 2148 debeat,
468 2074 701 2148 indicaverimus,
719 2072 797 2152 quod
812 2070 956 2132 Homerus
973 2081 1061 2154 atque

55 2153 205 2231 Vergilius
232 2172 353 2233 operum
376 2174 493 2216 suorum
515 2158 665 2235 principiis
689 2156 808 2217 iaciunt.
853 2154 927 2216 Nam
950 2158 975 2216 is
999 2158 1101 2222 eiusitt

56 2240 99 2297 rei
115 2239 218 2298 modus
236 2248 291 2314 est,
309 2247 339 2299 ut
356 2240 549 2318 propositioni
574 2240 695 2300 similior
709 2241 746 2300 sit
764 2258 848 2318 mam
870 2241 1060 2319 expositioni;

56 2341 112 2381 nec
139 2321 286 2401 quomodo
310 2324 436 2402 quidque
458 2324 496 2382 sit
517 2332 612 2384 actum
635 2323 688 2383 sed
706 2323 742 2383 de
761 2323 863 2401 quibus
880 2323 1009 2384 dicturus
1025 2324 1062 2383 sit

56 2414 173 2481 orator,
199 2406 343 2467 ostendat.
388 2406 451 2467 Nec
471 2407 574 2481 video,
597 2405 674 2484 quod
694 2405 777 2466 huius
801 2407 845 2466 rei
870 2409 963 2484 possit
985 2405 1061 2484 apud

56 2497 192 2550 oratores
216 2491 339 2568 reperiri
362 2490 464 2550 melius
489 2489 654 2568 enernpium
679 2506 762 2568 quam
786 2487 937 2549 Ciceronis
954 2505 1007 2567 pro
1023 2488 1060 2549 A.

57 2571 207 2633 Cluentio:
224 2571 447 2650 Animadverti,
462 2575 592 2651 iudices,
607 2592 727 2635 omnem
742 2574 936 2634 acctmaton'c
947 2574 1104 2641 oratio-36

55 2676 124 2718 nem
143 2658 175 2717 in
199 2658 281 2720 duos
306 2657 437 2719 dicisum
469 2678 535 2720 esse
558 2664 686 2737 partem·
715 2672 847 2736 quarum
867 2657 967 2719 altero
989 2656 1063 2719 nott

55 2741 146 2801 inniti
170 2748 200 2802 et
226 2760 412 2820 mupnopere
438 2742 592 2820 confidere
615 2742 780 2804 videbator
800 2741 920 2803 invidio
937 2742 1000 2803 tom
1014 2742 1061 2801 in·
1180 2788 1183 2792 .

55 2832 195 2885 veterato
209 2824 319 2886 iudicii
330 2823 456 2887 Iuniani
462 2871 471 2902 ,
492 2828 593 2888 altero
612 2827 818 2888 tantummodo
834 2826 1062 2887 cmmuctudina'c

57 2924 156 2969 conso
185 2909 289 2970 tintidc
320 2918 347 2970 et
377 2910 554 2989 diffidenter
581 2911 732 2988 attinpere
757 2911 903 2973 notionem
923 2907 1062 2987 veneficii

56 2993 234 3069 criminum,
257 3006 320 3070 quo
349 2992 388 3055 de
409 3013 444 3055 re
470 2995 535 3072 iepe
559 3003 604 3056 est
629 2995 707 3056 hoec
728 2996 866 3072 quaestio
887 2994 1059 3056 constituto.

55 3074 87 3135 id
111 3085 207 3136 tamen
231 3084 321 3136 totum
343 3077 531 3155 respondenti
553 3078 667 3138 facilius
692 3087 737 3138 est
761 3096 846 3158 quarn
873 3078 1059 3157 proponenti,

56 3160 122 3238 quia
151 3160 199 3221 hic
226 3160 422 3221 admonendus
450 3161 537 3223 iudex
563 3161 624 3222 illic
650 3161 798 3223 docendus
827 3170 881 3221 est.
928 3160 992 3221 Nec
1013 3166 1101 3223 modi

56 3261 220 3323 quanquam
241 3245 336 3322 magni
357 3254 493 3305 auctores
514 3245 544 3305 in
564 3245 621 3306 hoc
644 3245 793 3321 duxerint,
814 3254 922 3305 utnon
944 3262 1061 3324 semper

55 3325 157 3387 iacere
173 3336 312 3388 attentum
329 3346 364 3389 ac
382 3328 506 3389 docilem
522 3329 646 3389 iudicem
656 3329 757 3398 velim;
774 3346 831 3389 non
842 3331 909 3409 quia
920 3330 1059 3405 nesciam,

55 3409 84 3470 id
100 3411 179 3492 quod
202 3411 237 3472 ab
258 3413 316 3473 iiiis
334 3412 452 3491 dicitur,
480 3431 546 3473 esse
562 3430 616 3492 pro
632 3414 706 3474 mala
723 3431 826 3491 causa,
847 3414 941 3495 qualis
958 3431 993 3474 ea
1010 3413 1058 3491 sit,
