2566 4026
326 166 811 236 rusn.orsnron.nrn.111,s.4.
1005 160 1061 219 111

56 328 120 389 ieri
141 344 200 386 non
225 335 340 405 potest,
360 336 407 401 ut,
434 320 499 384 'cum
523 333 613 384 totum
638 342 675 383 ex
698 324 828 404 partibus
850 334 980 400 constet,
1006 341 1065 385 non

56 415 114 472 sint
131 419 232 490 partes
249 412 356 484 totius,
379 427 417 468 ex
439 408 541 487 quibus
561 417 683 469 constat.
719 407 860 468 Videntur
875 418 970 468 autem
984 408 1063 486 milri,

57 498 105 574 qui
123 495 200 556 haec
217 511 308 572 opera
325 494 474 566 dixerunt,
497 510 533 552 eo
550 508 667 571 quoque
681 494 769 568 moti,
794 492 871 570 quod
886 495 914 552 in
932 493 987 553 alia
1002 513 1064 552 rur·

57 599 107 640 sus
130 579 275 639 divisione
297 578 409 638 nollent
432 579 459 635 in
481 578 556 637 idem
579 594 683 636 nomen
700 576 845 651 incidere,
868 587 968 655 partes
991 579 1065 637 enim

56 663 224 724 rhetorices
248 681 315 722 esse
340 661 474 721 dicebant
497 657 736 735 laudativam,
762 660 1064 736 deliberativam,

56 746 285 809 iudicialem.
325 745 406 819 Quae
433 747 457 805 si
483 755 580 822 partes
608 754 689 820 sunt,
711 747 849 804 materiae
875 755 941 803 sunt
966 747 1064 823 potius

58 850 144 910 quarn
163 831 242 890 artis.
278 829 408 908 Namque
426 831 455 889 in
473 828 517 888 his
535 829 655 906 singulis
677 828 824 889 rhetorice
841 837 901 888 tota
920 838 979 896 est;
999 830 1107 906 quia15

57 926 86 976 et
101 916 301 976 inventionem
318 924 347 973 et
362 914 584 992 dispositionem
600 923 629 972 et
645 913 840 973 elocutionem
856 921 885 972 et
899 915 1066 972 memoriam

58 1010 86 1060 et
104 1000 368 1079 pronuntiationem
384 1015 574 1075 quaecunque
591 1015 689 1057 earum
704 997 858 1057 desiderat.
887 997 988 1075 ltaque
1005 997 1065 1074 qui-

57 1085 122 1145 dam
139 1101 250 1160 genera
272 1085 326 1142 tria
349 1081 512 1142 rhetorices
529 1082 627 1140 dicere
648 1081 823 1156 maluerunt,
846 1083 955 1159 optime
971 1089 1066 1139 autem

58 1171 94 1244 ii,
119 1185 196 1246 quos
213 1175 332 1226 secutus
349 1176 394 1226 est
409 1163 533 1240 Cicera,
556 1183 690 1241 genera
714 1183 911 1226 causarum.

344 1319 431 1377 Quen
448 1318 582 1368 GENERA
600 1317 786 1370 CAUSARUll.

145 1416 196 1476 lv.
225 1415 284 1475 Sed
300 1417 353 1474 tria
369 1432 404 1474 an
418 1416 502 1494 plura
518 1417 586 1491 sint,
604 1414 764 1493 ambigitur.
792 1413 856 1474 Nec
871 1413 957 1474 dubie
972 1429 1067 1493 prope

60 1519 162 1562 omnes
185 1502 285 1578 utique
310 1516 435 1559 summae
460 1500 535 1577 apud
556 1501 688 1578 antiquos
710 1500 888 1559 auctoritatis
904 1499 1066 1578 scriptores

60 1584 255 1645 Aristotelem
270 1585 377 1658 secuti,
401 1585 450 1661 qui
465 1585 580 1643 nomine
599 1592 706 1644 tanturn
721 1583 779 1643 alio
796 1584 995 1645 contionalem
1010 1599 1064 1660 pro

61 1669 254 1730 deliberativa
270 1667 410 1745 appellat,
427 1667 482 1727 hac
497 1670 651 1746 partitione
667 1669 794 1728 contenti
810 1666 935 1727 fuerunt.
957 1666 1090 1732 Verumn

62 1764 91 1813 et
110 1763 171 1813 turn
192 1752 299 1812 leviter
319 1760 364 1810 est
387 1761 572 1830 temptatum,
596 1770 660 1812 cnm
680 1751 755 1830 apud
778 1749 907 1811 Graecos
927 1751 1067 1829 quosdam

62 1848 120 1898 tum
143 1836 220 1916 apud
236 1833 408 1895 Ciceronem
430 1836 459 1893 in
480 1834 561 1895 libris
582 1835 619 1896 de
637 1833 777 1910 Oratore,
802 1844 831 1895 et
854 1852 929 1894 nunc
942 1836 1065 1893 maximo

61 1931 226 2000 temporum
240 1929 404 1979 nostrorum
424 1928 544 1979 auctore
562 1936 656 1999 prope
671 1919 840 1998 impulsum,
860 1927 963 1977 utnon
979 1917 1066 1977 modo

61 2006 147 2085 plura
165 2004 240 2064 haec
255 2021 365 2081 genera
381 2004 433 2063 sed
451 2022 545 2081 paene
563 2002 779 2064 innumerabilia
795 2001 956 2062 videantur.
995 2000 1091 2067 Nema

63 2093 86 2149 si
102 2087 239 2150 laudandi
262 2106 297 2147 ac
311 2088 492 2165 vituperandi
515 2088 642 2148 cilicium
660 2089 689 2147 in
706 2096 790 2167 parte
811 2087 897 2146 tertia
918 2086 1066 2165 ponimus:

62 2177 89 2234 in
106 2190 165 2252 quo
182 2190 294 2250 genere
311 2174 422 2232 versari
434 2171 603 2247 videbimur,
621 2189 684 2231 curn
700 2172 856 2250 querimur,
873 2170 1067 2246 consolamur,

63 2260 243 2335 mitigamus,
269 2258 462 2332 concitamus,
491 2265 650 2332 terremus,
679 2255 894 2330 confirmamus,
922 2256 1067 2334 praeeipi-

62 2360 142 2417 mus,
166 2340 292 2401 obscure
314 2341 390 2401 dicta
410 2343 648 2418 interpretamur,
674 2356 839 2413 narramus,
865 2338 1067 2417 deprecamur,

62 2426 173 2505 gratias
189 2425 316 2502 agimus,
339 2424 533 2502 gratulamur,
561 2421 763 2499 obiurgemus,
783 2421 996 2498 maledicimus,
1018 2420 1067 2481 de·

63 2508 233 2584 scribimus,
254 2508 435 2584 mandamus,
459 2508 671 2583 renuntiamus,
697 2514 846 2585 optamus,
868 2507 1019 2584 opinamur
1039 2513 1069 2564 et

63 2594 188 2673 plurima
204 2589 281 2652 alia?
303 2603 334 2652 ut
353 2594 420 2653 mihi
436 2595 465 2652 in
484 2591 535 2651 illa
557 2599 660 2650 vetere
680 2590 872 2670 persuasione
888 2588 1095 2668 permanenti4

63 2678 145 2738 velut
163 2677 288 2756 petenda
311 2678 348 2736 sit
366 2679 467 2753 venia,
491 2674 761 2754 quaerendumque,
788 2690 845 2752 qno
866 2674 936 2732 moti
952 2673 1068 2751 priores

64 2780 126 2821 rem
143 2770 201 2821 tam
217 2761 276 2821 late
297 2759 390 2821 fusam
407 2769 463 2820 tam
482 2760 611 2820 breviter
625 2759 819 2819 astrinxerint.
859 2756 940 2830 Quos
958 2758 1006 2834 qui
1022 2774 1067 2815 er·

64 2864 147 2906 rasse
164 2853 280 2924 putant,
302 2844 360 2905 hoo
375 2854 493 2905 secutos
511 2844 699 2921 arbitrantur,
722 2842 799 2922 quod
817 2843 846 2902 in
861 2841 905 2902 bis
923 2841 987 2901 iere
1001 2858 1068 2900 ver·

66 2932 123 2990 sari
140 2939 200 2989 tum
216 2937 350 2989 oratores
367 2928 517 2998 videbant3
542 2947 606 2990 nam
627 2938 657 2988 et
674 2928 775 2989 laudes
793 2944 828 2987 ac
841 2925 1094 3006 vituperationeso

66 3012 283 3089 scribebantur,
305 3021 335 3073 et
355 3011 525 3091 ἐπιταφίους
542 3013 642 3074 dicere
662 3021 725 3072 erat
744 3012 849 3088 moris,
873 3019 903 3070 et
917 3010 1069 3090 plurimum

65 3100 93 3157 in
109 3097 242 3160 consiliis
258 3115 293 3158 ac
308 3097 420 3158 iudiciis
436 3097 632 3158 insumebatur
647 3113 773 3177 operae,
791 3105 822 3155 nt
836 3095 997 3174 scriptores
1013 3094 1068 3154 dr·

66 3184 134 3243 tium
156 3199 211 3263 pro
236 3181 308 3242 solis
334 3181 607 3261 comprehenderint
627 3181 871 3261 frequentissima.
917 3177 974 3254 Qui
993 3190 1091 3245 veroo

66 3267 239 3344 defendunt,
266 3267 320 3327 tria
341 3265 449 3326 iaciunt
468 3285 578 3345 genera
605 3266 779 3327 auditorum:
805 3282 907 3340 unam,
927 3264 1004 3343 quod
1032 3264 1068 3324 ad

67 3351 292 3413 delectationem
308 3353 476 3427 conveniat,
499 3351 636 3427 alterum,
662 3349 739 3429 quod
761 3347 913 3409 consilium
932 3349 1068 3428 accipiat,

68 3439 200 3515 tertium,
223 3434 300 3515 quod
317 3434 352 3495 de
370 3437 465 3494 causis
481 3435 598 3496 iudicet.
625 3433 696 3495 lilibi
712 3442 814 3495 cuncta
831 3433 942 3492 rimanti
958 3441 988 3492 et
1002 3431 1068 3493 talis
