2566 4026
156 143 196 205 26
476 153 839 214 mnenomnummm

155 312 253 389 gravis
269 327 323 388 pro
339 310 431 386 dena,
453 318 484 369 ut
500 307 665 388 cotteym,
689 320 718 369 et
736 311 783 371 hio
803 310 894 388 prima
915 319 1015 386 acuta,
1037 328 1101 370 nam
1117 310 1161 372 sic

152 394 249 455 media
264 403 403 463 mutatur;
421 400 470 454 cut
485 393 561 453 flexa
577 409 631 472 pro
649 395 742 471 gravi,
759 402 789 453 ιιι
804 395 998 456 circumducta
1014 396 1160 473 sequenti,

157 497 241 558 quam
263 496 301 537 ex
323 476 433 538 duabus
455 476 577 553 syllabis
603 479 632 536 in
655 495 738 538 unam
764 486 905 554 cogentes
928 487 957 538 et
980 479 1086 540 deinde
1109 479 1160 540 ile·

115 571 270 628 tdotentes
292 562 447 640 dupliciter
466 570 601 640 peccant.
648 561 706 621 Sed
726 561 755 622 id
777 562 894 639 saepius
916 563 946 621 in
967 561 1086 624 Graecis
1108 581 1160 622 no·

157 647 279 706 minibus
296 647 416 721 accidit,
435 643 608 723 utdtreoc,
633 663 718 724 quem
733 644 818 706 nobis
834 645 986 707 iuvenibus
1001 646 1161 707 doctissimi

159 748 245 806 senes
257 739 341 790 acuta
355 731 445 810 prima
459 729 558 790 dicere
571 728 716 806 solebant,
729 739 759 790 ut
770 732 939 791 necessario
955 731 1084 792 secunda
1095 749 1160 809 gra·

127 862 130 869 .
157 816 201 875 vis
219 823 316 889 esset,
334 816 402 874 item
416 811 512 875 Nerei
529 812 686 893 Tereique.
713 813 794 874 Haec
809 813 845 874 de
862 814 1031 876 accentibus
1045 817 1159 876 tradita.

115 912 149 965 25
244 895 379 958 Ceterum
403 899 465 957 scio
488 899 558 973 iam,
581 899 721 976 quosdam
742 898 871 958 eruditos
893 899 1048 960 nonnullos
1073 901 1160 959 etiam

157 983 360 1062 grammaticos
381 983 424 1041 sic
443 981 553 1042 dooere
574 999 609 1042 ac
631 982 727 1060 loqui,
751 990 782 1041 ut
805 991 928 1061 propter
948 1001 1053 1043 uocum
1072 1001 1160 1061 qnae·

157 1069 221 1128 dam
237 1067 400 1127 discrimina
418 1065 539 1126 verbum
557 1067 671 1126 interim
686 1075 772 1126 acuto
788 1082 861 1127 sono
879 1066 991 1143 finiant,
1011 1075 1042 1126 ut
1057 1067 1086 1126 in
1103 1066 1161 1126 illis

114 1150 246 1226 nsotrae
270 1153 388 1213 circum
411 1151 520 1226 litora,
556 1151 674 1212 circam
698 1153 837 1229 piscosos
862 1151 1022 1230 scopulos,
1056 1169 1108 1227 ne,
1137 1152 1161 1209 si

157 1253 277 1314 gravem
297 1236 448 1314 posuerint
469 1233 641 1310 secundam,
663 1237 769 1296 circos
791 1235 848 1295 dici
867 1235 1000 1296 rideatur
1018 1252 1076 1294 non
1095 1236 1161 1296 cir-

157 1322 267 1384 cuitus.
313 1318 456 1398 Itemque!
472 1336 535 1378 cum
560 1320 652 1396 quote
675 1320 891 1396 interrogantes
919 1321 1017 1396 gravi,
1045 1335 1160 1397 compa·

156 1412 254 1463 rantes
277 1412 363 1463 acuto
387 1412 491 1462 tenore
519 1400 712 1471 concludunt;
740 1403 818 1480 quod
842 1411 936 1462 tamen
960 1404 990 1462 in
1015 1401 1160 1463 adverbiis

157 1488 222 1547 iere
250 1486 322 1546 solis
348 1504 382 1545 ac
408 1484 625 1564 pronominibus
652 1485 813 1561 vindicant,
843 1489 872 1546 in
896 1488 1004 1547 ceteris
1030 1495 1162 1547 veterem

113 1583 150 1639 27
158 1570 255 1648 legem
280 1578 447 1648 sequuntur.
481 1568 549 1630 Mihi
571 1568 685 1629 videtur
710 1569 909 1630 condicionem
928 1578 1054 1648 mutare,
1084 1569 1162 1648 quod

157 1655 201 1715 bis
221 1655 295 1715 loeis
311 1653 403 1714 verba
422 1654 631 1730 coniungimur.
665 1652 737 1712 Nam
755 1671 819 1712 cum
841 1654 906 1714 dico
928 1657 1044 1717 circum
1058 1655 1160 1730 litora,

47 1800 51 1805 ,
157 1748 292 1817 tanquam
309 1756 395 1798 uuum
418 1739 534 1798 enuntio
558 1736 735 1797 dissimulata
757 1736 958 1815 distinctione,
980 1741 1078 1818 itaque
1099 1747 1159 1798 tan·

158 1841 242 1901 quam
261 1824 290 1881 in
309 1840 363 1883 una
384 1839 460 1883 voce
481 1839 537 1881 una
557 1830 602 1880 est
622 1830 721 1896 acuta,
745 1821 822 1899 quod
844 1823 921 1882 idem
938 1823 1044 1883 accidit
1060 1823 1089 1881 in
1107 1821 1160 1881 illo

115 1905 272 1972 tflTroioc
289 1907 343 1984 poi
358 1908 477 1985 primos
494 1907 533 1967 ab
553 1907 625 1966 oric.
658 1903 778 1980 Evenit,
798 1915 829 1965 ut
849 1908 933 1967 metri
955 1923 1072 1986 quoque
1092 1922 1161 1966 con·

159 1991 235 2051 dicio
251 1999 340 2050 mutet
355 1999 521 2066 accentum,
541 1998 571 2048 ιιι
586 1986 726 2052 Pecodec
738 1991 904 2068 pictaeque
918 1993 1079 2062 volucrec;
1097 2007 1161 2049 nam

158 2075 296 2135 volucres
315 2074 409 2136 media
425 2082 508 2135 acuta
528 2073 638 2150 legam,
658 2075 740 2152 quia,
760 2075 816 2133 etsi
834 2083 935 2135 natura
950 2074 1048 2135 brevis
1067 2083 1161 2134 tamen

158 2159 305 2236 positione
328 2157 416 2237 longa
442 2167 502 2233 est,
529 2176 565 2217 ne
592 2157 679 2218 iaciat
702 2157 841 2235 iambum,
870 2177 955 2237 quem
977 2177 1035 2220 non
1056 2159 1162 2236 recipit

115 2250 261 2304 obversus
283 2241 400 2303 herous.
436 2242 577 2320 Separata
598 2259 671 2301 vero
690 2243 763 2302 haec
783 2259 799 2301 a
820 2253 981 2323 praecepto
1000 2260 1058 2304 non
1077 2259 1160 2302 rece·

158 2325 243 2401 dent,
268 2335 316 2386 aut
339 2328 363 2386 si
384 2325 565 2389 cousuetudo
587 2327 705 2402 vicerit,
725 2336 809 2386 vetus
827 2327 878 2387 lex
898 2329 1039 2388 sermonis
1060 2324 1160 2385 abole-

156 2409 247 2479 bitur;
277 2411 358 2470 cuius
383 2410 529 2470 difficilior
555 2410 630 2489 apud
651 2409 780 2471 Graecos
806 2410 973 2472 observatio
1003 2420 1064 2487 est,
1094 2411 1161 2488 quia

157 2493 242 2572 plura
259 2493 317 2553 iliis
335 2494 473 2572 loquendi
488 2511 614 2571 genera,
632 2513 703 2572 quas
721 2493 889 2566 διαλέκτους
904 2504 1020 2570 vocant,
1037 2503 1067 2553 et
1083 2493 1161 2570 quod

159 2578 231 2638 alias
246 2579 382 2638 vitiosum
401 2580 515 2638 interim
533 2579 604 2639 alias
624 2587 734 2638 rectum
753 2586 811 2645 est;
834 2577 909 2655 apud
924 2594 978 2636 nos
998 2592 1071 2635 vero
1092 2573 1159 2634 bre-

18 2708 31 2737 „
114 2663 275 2732 30vissima
295 2664 380 2722 ratio.
413 2661 543 2738 Namque
565 2664 594 2719 in
617 2663 692 2720 omni
714 2677 789 2719 voce
812 2668 895 2720 acuta
916 2661 989 2718 intra
1011 2675 1160 2717 numerum

157 2748 242 2805 trium
264 2745 440 2821 syliabarum
463 2746 640 2818 continetur,
665 2741 804 2803 sinebas
827 2751 892 2801 sunt
913 2744 942 2801 in
960 2740 1052 2802 verbo
1076 2741 1159 2800 solae

158 2831 220 2889 sive
246 2828 380 2905 ultimae,
409 2838 439 2888 et
465 2830 493 2887 in
519 2827 564 2886 his
593 2835 641 2887 aut
667 2829 798 2904 proxima
823 2835 971 2886 extremae
994 2835 1042 2886 aut
1065 2823 1100 2884 ab
1124 2843 1159 2885 ea

157 2914 252 2971 tertia.
294 2912 390 2973 'l'rium
414 2928 520 2991 porro,
549 2911 585 2970 de
610 2909 713 2989 quibus
737 2910 860 2988 loquor,
882 2910 976 2971 media
991 2903 1089 2988 ionga
1112 2918 1160 2969 aut

158 3003 241 3054 acuta
257 3005 305 3055 aut
320 2996 396 3056 flexa
413 2999 482 3065 erit;
503 2993 607 3055 eodem
622 2995 690 3054 loeo
705 2994 804 3054 brevis
818 2996 917 3074 utique
936 3013 1056 3073 gravem
1071 2993 1159 3053 habe·

157 3076 198 3137 bit
217 3095 333 3154 sonum,
362 3080 489 3159 ideoque
511 3081 635 3157 positam
657 3088 722 3139 ante
745 3097 778 3139 se
803 3078 899 3139 idest
923 3079 958 3141 ab
982 3079 1081 3139 ultima
1102 3087 1159 3137 ter·

113 3172 146 3226 31
157 3161 223 3221 tiam
240 3171 333 3222 acuet.
371 3161 424 3223 Est
442 3173 537 3223 antem
551 3165 580 3222 in
597 3164 673 3222 omni
695 3180 771 3223 voce
790 3165 890 3242 utiquc
910 3173 993 3225 acuta
1016 3162 1069 3223 sed
1089 3180 1159 3221 nnu-

158 3262 242 3323 quam
257 3245 323 3324 plus
339 3265 393 3306 una
408 3266 462 3307 nec
477 3265 600 3325 unquam
614 3247 711 3307 ultima
724 3248 851 3325 ideoque
861 3251 890 3307 in
902 3247 1052 3324 disyllabis
1067 3247 1157 3324 prior.

156 3328 314 3390 Praeterea
329 3348 472 3409 nunquam
486 3333 515 3391 in
531 3331 632 3391 eadem
647 3331 723 3391 bena
740 3340 768 3390 et
787 3339 887 3407 acuta,
909 3333 1043 3410 quoniam
1058 3329 1159 3390 eadem

156 3410 232 3472 fiexa
260 3423 289 3473 et
310 3421 408 3489 acuta,
434 3416 532 3493 itaque
553 3423 654 3475 neutra
675 3414 792 3474 claudet
812 3431 916 3475 vocem
939 3414 1075 3474 Latinam.
1116 3413 1159 3473 Ea
