2566 4026
207 163 247 226 98
528 176 564 224 ει.
577 176 656 222 uno.
670 176 889 235 ornumornum

166 329 294 396 lodicit‘l
332 331 478 391 Adliciunt
492 329 553 404 lris,
576 331 623 406 qui
642 339 741 389 contra
756 333 897 408 sentiunt,
918 332 995 410 quod
1011 351 1117 411 saepe,
1135 353 1211 412 quae

205 416 311 475 inullis
328 415 426 475 litibus
441 416 644 492 impugnarunt
660 423 776 474 actores
792 433 959 491 causarum,
984 417 1085 476 eadem
1100 420 1128 476 ln
1145 419 1210 479 aliis

205 498 369 559 defendant.
418 497 502 571 Quod
525 514 582 556 non
603 499 673 557 artis
696 499 749 559 sed
769 498 891 558 homiuis
913 509 959 560 est
978 501 1086 560 vitium.
1130 501 1212 563 Haec

205 592 270 642 sunt
284 585 462 661 praecipua,
483 599 557 659 quae
575 590 674 641 contra
689 581 856 642 rhetoricen
873 583 1019 652 dicantur;
1043 585 1099 645 alia
1115 594 1144 644 et
1159 589 1210 646 mi·

204 685 276 727 nora
291 676 320 726 et
337 676 430 726 tamen
446 684 484 726 ex
499 665 543 724 his
557 664 684 725 fontibus
700 666 838 726 derivata.

163 750 196 804 41
291 747 482 810 confirmatur
497 758 592 809 autem
607 767 674 808 esse
691 759 781 809 artem
796 768 859 810 cam
874 752 1013 812 breviter.
1047 752 1118 813 Nam
1134 756 1208 830 sive,

204 844 235 894 ut
251 833 408 895 Cleanthes
424 833 533 908 voluit,
555 851 602 892 ars
620 842 664 892 est
677 842 815 912 potestas
833 836 932 912 mum,
955 837 983 896 id
1004 846 1049 895 est
1068 836 1208 913 ordinem,

204 919 361 998 efficiens:
383 936 451 977 esse
472 927 553 978 certe
575 919 650 976 viam
674 925 760 995 atque
782 919 912 979 ordinem
936 920 1060 980 lobene
1085 920 1209 981 dicendo

203 1020 288 1063 nemo
311 1001 499 1069 dubitaverit;
528 1004 591 1060 sive
613 1000 663 1060 ille
685 1001 720 1061 ab
743 1002 873 1062 omullus
895 1004 958 1064 fere
981 1004 1120 1081 probatus
1145 1005 1209 1064 finis

205 1086 395 1161 observatur,
422 1096 512 1146 artem
535 1095 669 1145 constare
699 1102 736 1144 ex
763 1087 1001 1164 perceptionibus
1024 1090 1207 1147 cousentIen·

204 1171 280 1231 tibus
297 1179 326 1230 et
344 1171 550 1230 coexercitatis
568 1169 602 1228 ad
618 1169 703 1228 finem
717 1169 816 1229 utiIem
832 1171 923 1230 vitae:
950 1173 1005 1230 iam
1021 1171 1208 1231 ostendemus

163 1255 274 1315 ‘anihil
296 1271 353 1314 non
374 1254 476 1314 horum
491 1255 520 1313 ln
536 1252 682 1313 rhetorice
704 1255 811 1313 inesse.
843 1251 938 1328 Quid?
961 1256 1039 1333 quod
1060 1264 1090 1314 et
1110 1257 1206 1333 inspe-

204 1342 301 1401 ctione
317 1347 346 1399 ct
360 1340 570 1399 exercitatione
584 1347 615 1397 ut
629 1346 706 1397 artes
723 1347 841 1397 ceterae
857 1335 993 1399 constat?
1029 1339 1093 1399 Nec
1110 1349 1207 1417 potest

204 1443 251 1484 ars
265 1439 323 1483 nou
338 1441 422 1497 esse,
444 1424 468 1481 si
484 1431 529 1481 est
549 1439 596 1480 ars
614 1421 785 1495 dialectice,
809 1421 886 1500 quod
906 1423 970 1482 lere
989 1432 1119 1498 constat,
1145 1442 1206 1486 cum

204 1507 239 1567 ab
257 1525 291 1567 ea
306 1508 407 1585 specie
420 1507 512 1582 magis
527 1523 611 1583 quam
624 1522 735 1582 genere
751 1505 875 1566 differat.
910 1506 969 1567 Sed
984 1524 1040 1567 nec
1061 1507 1112 1567 illa
1127 1510 1207 1567 omit·

203 1591 290 1651 tenda
306 1599 386 1665 sunt,
411 1606 467 1668 qua
487 1591 515 1648 in
535 1608 568 1648 re
590 1589 664 1648 alius
684 1606 717 1647 se
740 1590 960 1651 inartificialiter
980 1590 1053 1650 alius
1075 1592 1208 1651 artificia·

205 1676 272 1735 liter
285 1683 385 1752 gerat,
409 1676 438 1733 in
453 1691 489 1733 ea
504 1691 572 1733 esse
587 1681 692 1740 artem:
715 1675 786 1733 etin
802 1691 855 1749 eo,
880 1675 976 1753 quod,
1001 1676 1048 1752 qui
1064 1675 1207 1750 didicerit,

165 1760 306 1820 ldmelius
330 1759 433 1832 iaciat,
462 1775 546 1837 quam
570 1759 696 1836 quinon
718 1756 866 1832 didicerit,
896 1777 964 1819 esse
984 1767 1084 1817 artem.
1118 1758 1207 1836 Atqui

204 1860 261 1903 non
277 1843 371 1902 solum
386 1842 488 1903 doctus
505 1841 650 1902 Indoctum
666 1841 719 1901 sed
737 1843 822 1901 etiam
837 1841 953 1903 doctior
967 1843 1083 1902 doctum
1097 1843 1125 1901 io
1142 1842 1206 1901 rhe-

204 1929 313 1988 torices
329 1944 420 2005 opere
436 1926 601 2005 superabit,
623 1943 718 2003 neque
734 1934 834 1985 essent
855 1926 940 1987 aliter
961 1928 1022 1986 eius
1044 1934 1102 1986 tam
1121 1925 1208 1985 multa

204 2020 365 2091 praecepta
380 2020 496 2088 tamque
515 2012 628 2087 magni,
651 2009 699 2087 qui
715 2008 870 2078 docerent;
893 2010 982 2090 idque
999 2028 1062 2070 cum
1078 2009 1208 2070 omnibus

205 2094 397 2156 confitendum
419 2103 463 2153 est
484 2103 542 2153 tum
563 2093 646 2153 nobis
663 2095 838 2172 praecipue,
863 2096 912 2171 qui
931 2097 1073 2155 rationem
1095 2093 1209 2153 dicendi

205 2198 220 2240 a
236 2178 314 2239 bono
328 2181 392 2238 viro
408 2195 465 2237 non
480 2195 658 2256 separamus.

499 2331 549 2381 EX
568 2331 710 2390 QUIBUS
726 2330 907 2384 ARTIBUS.

288 2423 392 2485 XVIII.
431 2424 501 2486 cum
521 2427 577 2485 sint
599 2435 694 2487 autem
718 2429 820 2488 artium
840 2427 917 2488 alias
934 2430 1048 2506 positae
1069 2429 1098 2487 in
1113 2429 1209 2504 Inspe-

206 2513 318 2586 ctione,
339 2508 370 2568 td
391 2518 436 2569 est
459 2512 627 2588 cognitione
645 2521 675 2570 ει
696 2513 896 2572 aestimatione
919 2529 1030 2587 rerum,
1054 2510 1148 2588 qualis
1166 2518 1210 2567 εει

204 2595 380 2671 astrologia,
396 2595 504 2655 nullum
519 2597 641 2672 exigens
658 2605 751 2655 actum
766 2597 843 2656 sed
834 2612 899 2674 rpso
914 2597 973 2691 rei,
990 2596 1070 2653 cuius
1087 2592 1210 2651 studium

134 2692 140 2711 ··
204 2679 309 2755 habet,
333 2679 484 2739 intellectu
505 2688 656 2754 contenta,
686 2696 760 2758 quae
783 2669 951 2758 θεωρητικὴ
970 2685 1108 2743 vocatum
1134 2673 1208 2734 aliae

205 2767 233 2823 in
255 2762 387 2842 agendo,
411 2781 529 2841 quarum
552 2763 581 2822 in
601 2761 659 2822 hoc
680 2763 743 2822 finis
765 2771 810 2822 est
836 2771 865 2822 et
886 2763 952 2838 ipso
974 2768 1039 2820 actu
1060 2757 1210 2861 perficitur

206 2847 335 2926 nihilque
350 2854 418 2925 post
439 2854 533 2906 actum
549 2848 649 2926 operis
664 2847 817 2925 relinquit,
840 2862 914 2924 quae
929 2864 1078 2923 πρακτικη
1094 2842 1208 2916 dicitur,

180 2931 300 3011 aqualis
317 2931 432 2990 saltatio
448 2939 507 2998 est;
530 2931 629 2991 aliae
620 2949 648 2990 m
664 2931 781 3007 ellectu,
799 2947 874 3009 quae
890 2929 1005 3008 operis,
1023 2928 1100 3005 quod
1117 2925 1210 2986 oculis

206 3015 373 3089 subiicitur,
398 3017 644 3075 consummatione
665 3015 750 3075 linem
769 3016 931 3093 accipiunt,
955 3030 1038 3090 mam
1053 2999 1212 3088 ποιητικὴν

206 3098 405 3199 appellamus,
414 3097 719 3178 mrffimtpictura:
742 3099 807 3158 fere
828 3095 1009 3159 iudicandum
1030 3104 1089 3171 est,
1111 3094 1210 3153 rheto-

135 3180 144 3233 ἶ
196 3184 287 3243 niceo
306 3183 335 3241 in
356 3190 441 3241 actu
463 3185 641 3253 consistere;
671 3183 729 3243 hoc
751 3185 842 3258 enim,
866 3180 943 3260 quod
968 3189 1014 3240 est
1039 3141 1128 3241 oillcii
1154 3178 1210 3255 sui,

111 3304 118 3331 ι
207 3265 331 3345 perlicit.
371 3265 468 3344 Atque
483 3268 523 3327 ita
541 3266 577 3327 ab
593 3266 724 3327 omnibus
740 3265 846 3326 dictum
863 3275 917 3325 est.

183 3354 201 3410 3
292 3348 361 3409 llilri
376 3359 471 3410 autem
485 3350 600 3411 videtur
615 3353 701 3411 etiam
717 3369 755 3410 ex
772 3350 831 3411 illis
847 3351 955 3411 ceteris
971 3349 1080 3408 artibus
1094 3346 1212 3407 multum

208 3450 367 3495 assumere.
407 3432 479 3496 Nam
499 3443 530 3495 et
544 3443 642 3515 potest
665 3434 820 3514 aliquando
841 3436 904 3515 ipsa
926 3451 976 3494 res
991 3451 1046 3512 per
1066 3449 1099 3492 se
1115 3433 1211 3510 inspe-
