2566 4026
358 193 447 240 rusu.
462 191 808 259 oauuon.nrn.v11,3.
1042 185 1083 247 23

83 365 153 407 vero
171 366 244 426 quae
267 355 344 406 tauta
367 355 411 405 est
428 347 509 406 huius
526 348 678 426 praecisae
700 346 967 426 comprehensionis
984 367 1087 409 ncces·

83 429 173 492 sitas?
204 429 266 505 An,
290 433 314 489 si
330 448 387 488 non
403 430 522 506 dixero,
546 429 643 492 Homo
657 439 702 492 cot
716 433 835 494 animal
849 434 977 494 mortale
991 436 1087 495 ratio-

83 517 167 592 nale,
190 532 248 573 non
267 523 387 592 potero,
412 516 553 591 expositis
577 522 620 572 tot
641 517 774 594 corporis
792 517 935 592 animique
955 518 1087 595 proprie·

83 599 204 672 tatibus,
233 598 318 657 latius
347 599 478 657 oratione
506 597 591 657 ducta
613 598 663 657 vel
689 617 706 658 a
726 600 780 659 diis
805 617 869 657 eum
889 597 938 656 vel
961 617 978 658 a
1003 602 1087 658 mutis

83 679 272 742 discernere?
301 678 397 755 Quid?
428 683 505 758 quod
520 699 574 740 neo
590 698 646 739 uno
670 684 755 743 modo
771 681 905 741 delinitur
919 700 968 741 res
986 684 1087 742 eadem
1096 696 1129 751 16

83 767 129 843 (ut
144 766 213 825 iacit
226 763 350 824 Cicero:
372 766 446 843 quid
460 773 505 826 est
519 766 597 826 enim
611 767 727 844 culpo?
745 767 921 846 universos)
939 775 968 825 et
983 766 1087 825 latiore

81 851 221 927 varioque
248 857 386 923 tractatu,
413 857 444 906 ut
465 865 563 908 omnes
588 859 721 910 oratores
747 849 919 928 plerumque
942 849 1085 909 fecerunt.

81 932 238 992 Rarissima
254 933 328 990 enim
342 932 417 1009 apud
434 948 486 991 eos
502 934 665 1010 reperietur
679 934 729 994 illa
744 951 781 992 ex
796 932 1005 994 consuetudine
1023 935 1085 1011 phi·

82 1017 271 1094 losophorum
292 1016 376 1074 ducta
401 1018 525 1075 servitus
548 1017 609 1094 (est
634 1026 714 1077 certe
738 1018 879 1097 servitus)
904 1016 939 1076 ad
955 1026 1035 1076 certa
1051 1034 1085 1076 se

81 1100 173 1159 verba
185 1099 377 1176 astringendi,
393 1099 480 1176 idque
495 1099 658 1159 iaciendum
669 1103 697 1159 in
713 1101 793 1160 libris
803 1098 953 1160 Ciceronis
965 1100 1002 1160 de
1014 1099 1085 1159 Ora·

81 1193 146 1243 tore
171 1192 249 1242 vetat
271 1182 309 1242 ti.
333 1181 485 1242 Antonius.
513 1182 586 1243 Nam
605 1193 651 1242 est
672 1185 757 1244 etiam
778 1184 991 1262 periculosum,
1011 1202 1127 1260 cum,17

81 1269 106 1326 si
132 1284 189 1325 uno
214 1267 306 1327 verbo
330 1267 367 1325 sit
392 1275 533 1342 erratum,
555 1276 616 1328 tota
639 1285 725 1328 causa
751 1269 896 1328 cecidisse
922 1269 1084 1336 videamur;

82 1352 247 1429 optimaque
264 1359 308 1409 est
323 1350 373 1410 illa
387 1349 480 1409 media
494 1352 556 1426 via,
578 1369 634 1429 qua
652 1353 740 1411 utitur
757 1349 862 1412 Cicero
881 1368 934 1428 pro
948 1349 1084 1426 Caecina,

80 1444 111 1493 ut
131 1453 180 1494 res
196 1443 392 1513 proponatur,
415 1434 506 1494 verba
528 1451 586 1493 non
606 1435 816 1514 periclitentur.
854 1433 989 1512 Etenim,
1003 1436 1085 1496 reci-

79 1527 256 1597 peratores,
278 1537 339 1578 oon
359 1534 397 1578 ea
417 1519 484 1579 colo
504 1519 552 1578 oie
572 1527 633 1597 cat,
656 1535 737 1597 quoe
751 1519 796 1581 od
820 1537 933 1598 corpus
950 1526 1087 1580 nostrum

80 1604 233 1680 citamque
251 1603 406 1681 pervenit,
423 1604 584 1664 sedetiam
599 1605 690 1665 multo
706 1605 806 1666 maior
820 1622 874 1680 ca,
892 1618 987 1680 quae,
1001 1603 1086 1681 perd-

81 1687 149 1748 culo
166 1688 272 1748 mortis
298 1687 427 1762 iniecto,
451 1687 617 1764 formidine
643 1688 777 1748 animum
797 1689 997 1764 perterritum
1021 1687 1087 1747 loco

80 1789 175 1848 saepe
196 1778 226 1831 et
247 1777 329 1831 certo
343 1776 424 1831 statu
439 1771 583 1832 demovet.
611 1771 686 1847 Aut,
709 1789 772 1830 cum
792 1771 949 1830 finitionem
965 1787 1086 1848 praece·
1095 1776 1129 1832 18

81 1855 121 1913 dit
148 1853 300 1932 probatio,
326 1861 357 1912 ut
382 1855 411 1912 in
434 1853 601 1932 Philippicis
628 1853 732 1916 Cicero
766 1855 898 1915 Servium
926 1853 1085 1932 Sulpicium

81 1939 210 1997 occisum
232 1937 267 1998 ab
283 1936 409 1996 Antonio
429 1937 541 2017 colligit
559 1949 588 1998 et
609 1941 639 1999 in
658 1938 788 2000 clausula
814 1938 926 1998 demum
949 1939 989 1997 ita
1010 1938 1085 1996 linit:

80 2020 114 2081 lc
139 2024 218 2081 enim
240 2021 378 2099 profecto
405 2031 529 2084 mortem
553 2025 669 2100 attulit,
700 2024 753 2101 qui
774 2041 872 2084 cauca
893 2023 999 2083 mortio
1017 2022 1085 2099 fult.

80 2103 145 2164 Non
165 2106 332 2182 negaverim
359 2115 470 2181 tamen,
492 2105 566 2165 haec
590 2124 725 2187 quoqne,
753 2115 784 2166 ut
807 2105 944 2184 expediet
968 2122 1084 2179 causae,

81 2207 149 2246 esse
166 2189 313 2263 iacienda,
337 2197 366 2247 et
388 2190 412 2246 si
434 2189 547 2267 quando
563 2191 643 2250 firma
658 2189 865 2267 comprehendi
881 2189 989 2265 poterit
1003 2187 1087 2247 brevi

81 2271 236 2349 complexu
258 2272 415 2331 verborum
435 2273 542 2332 linitio:
565 2292 632 2333 esse
653 2274 682 2334 id
703 2282 761 2332 turn
784 2273 904 2350 elegans
926 2281 985 2332 tum
1000 2273 1086 2331 etiam

80 2357 283 2431 fortissimum,
299 2358 323 2415 si
338 2355 424 2414 modo
441 2358 495 2415 erit
511 2356 561 2416 illa
573 2355 816 2434 inexpugnabilis.

164 2439 234 2499 Eius
259 2449 356 2500 certus
381 2439 452 2498 ordo
477 2448 539 2515 est,
568 2440 653 2518 quid
675 2437 746 2500 sitl
770 2456 814 2498 an
834 2437 905 2498 hoc
921 2434 990 2496 sit?
1013 2437 1128 2502 etin19

80 2523 137 2582 hoc
156 2523 219 2582 lere
241 2524 325 2583 labor
338 2524 430 2582 maior
445 2532 509 2600 est,
529 2532 559 2582 ut
581 2524 736 2584 linitionem
758 2521 928 2598 confirmes,
951 2539 1035 2600 quam
1055 2528 1086 2579 ut

80 2609 109 2665 in
125 2625 186 2666 rem
201 2606 357 2666 finitionem
372 2606 514 2686 applices.

164 2689 197 2748 ln
224 2708 277 2766 eo,
305 2690 388 2769 quid
421 2687 488 2750 sit?
517 2690 626 2770 duplex
652 2708 726 2769 opus
754 2699 808 2750 est.
845 2688 917 2750 Nam
936 2697 967 2747 et
987 2697 1087 2748 nostra

81 2773 275 2833 confirmanda
298 2785 343 2834 est
365 2783 394 2834 et
418 2773 558 2834 adversae
576 2776 665 2852 partis
684 2774 859 2834 destruenda
874 2773 973 2832 finitio.
1002 2770 1128 2834 ideo-no

81 2875 138 2934 que
156 2859 184 2915 in
199 2857 319 2934 schola,
335 2858 383 2917 ubi
398 2857 482 2917 nohis
500 2860 555 2937 ipsi
573 2859 706 2935 fingimus
722 2856 995 2932 contradictionem,
1013 2854 1086 2914 duos

80 2957 192 3018 ponere
207 2941 345 3001 debemus
361 2942 450 3017 lines,
474 2942 576 3020 quales
593 2944 729 3020 utrinque
743 2960 810 3001 esse
826 2942 924 3020 optimi
939 2947 1085 3018 poterunt.

80 3023 119 3082 Αι
140 3026 168 3082 in
190 3025 255 3083 foro
279 3024 503 3102 providendum,
526 3045 591 3085 num
611 3025 687 3084 sorte
711 3043 894 3104 supervacua
916 3033 945 3083 et
966 3022 1037 3083 nihil
1051 3021 1087 3083 ad

81 3122 197 3167 causam
217 3111 364 3186 pertinens
387 3127 422 3168 an
445 3109 577 3186 ambigua
596 3127 632 3169 an
651 3110 794 3170 contraria
819 3127 855 3168 an
877 3107 1034 3168 communis
1050 3107 1088 3165 sit

81 3191 186 3260 linitio;
204 3209 325 3270 quorum
348 3191 417 3251 nihil
438 3193 575 3253 accidere
592 3194 646 3251 nisi
667 3194 779 3270 agentis
802 3192 887 3271 culpa
907 3199 1015 3269 potest.
1050 3188 1126 3252 Uti]

80 3284 161 3334 recte
177 3285 273 3335 autem
294 3276 438 3351 finiamus,
463 3277 502 3336 ita
520 3276 586 3350 liet,
609 3277 633 3334 si
653 3278 733 3353 prius
749 3277 777 3334 in
794 3277 887 3335 animo
905 3273 1087 3335 constitueri-

80 3375 160 3434 mus,
178 3360 245 3438 qnid
254 3359 378 3419 velimus
394 3359 524 3419 eliicere.
557 3360 606 3420 Sic
617 3362 692 3419 enim
707 3359 919 3419 accommodari
935 3358 971 3418 ad
985 3357 1087 3418 volun·

80 3449 169 3501 tatem
188 3443 279 3502 verba
295 3452 441 3522 poterunt.
475 3442 572 3524 Atque
595 3452 626 3503 ut
647 3444 831 3502 anotissimo
854 3441 1006 3522 exemplo,
1028 3457 1087 3521 quo
