2566 4026
225 141 284 205 162
541 155 903 215 munnoumnrumnr

178 309 315 376 otricum
330 317 391 385 εει,
415 317 473 368 tum
489 325 543 387 pro
558 307 674 385 Ligario
692 309 729 369 ad
745 308 947 378 Tuberonem:
971 328 1036 370 nanr
1053 321 1116 373 erat
1132 313 1224 376 multo

221 392 316 454 lutura
333 391 513 470 languidior,
534 392 559 452 εἰ
577 400 658 452 εεεει
672 392 758 453 aliter
772 393 905 470 figurata.
942 392 1027 466 Quod
1042 396 1157 456 facilius
1173 415 1225 458 co·

221 485 357 554 gnoscet,
373 477 398 535 si
414 476 478 554 quis
493 475 574 537 illam
587 483 677 536 totam
693 485 807 554 partem
822 475 1124 556 vehementissimam,
1142 483 1226 542 cuius

221 559 296 620 haec
312 559 406 619 forma
422 566 485 634 εει,
506 556 611 622 Habes
630 561 742 640 ipitur,
768 558 899 636 Tubero,
920 563 1003 639 quod
1024 570 1071 626 est
1090 582 1225 626 occasu·

221 645 281 705 tomi
295 644 429 705 mamma
448 644 636 721 optandum,
658 652 688 703 et
709 651 827 719 cetera,
851 653 1003 705 convertat
1024 646 1060 706 ad
1082 647 1225 718 iudicem,

221 735 280 787 tum
295 728 370 787 enim
385 743 457 786 vere
474 743 578 787 aversa
591 726 724 788 videatur
747 728 841 787 oratio
857 736 886 788 et
903 727 1043 809 languere
1057 730 1102 788 vis
1119 732 1222 808 omnis,

222 809 383 871 dicentibus
400 809 485 870 nobis
506 809 607 873 Habet
620 811 715 890 ipttur
732 808 866 889 Tubero,
889 813 973 890 qood
987 820 1032 874 εει
1046 816 1226 877 accusatore·

178 895 356 961 fismocime
374 894 551 974 optandum.
592 892 648 955 lllo
673 894 748 955 enim
769 895 855 955 modo
879 895 987 973 pressit
1008 904 1095 975 atque
1111 898 1224 974 institit,

173 971 187 994 '
221 977 279 1038 hoc
294 985 403 1039 tautum
416 977 584 1038 indicasset.
616 977 702 1051 Quod
714 977 789 1039 idem
805 979 834 1036 in
847 977 1058 1055 Demosthene,
1075 981 1100 1039 si
1116 981 1224 1041 denum

221 1061 301 1121 illum
317 1063 491 1138 mutaveris,
509 1060 632 1122 accidet.
665 1059 781 1141 [Quint
803 1077 861 1120 non
877 1062 1034 1122 Sallustius
1057 1063 1170 1125 directo
1187 1063 1223 1124 ad

222 1142 410 1220 Ciceronem,
431 1146 460 1205 in
484 1162 571 1224 quem
592 1145 685 1223 ipsum
704 1144 837 1220 dicebat,
861 1162 931 1204 usus
947 1154 993 1205 est
1009 1147 1169 1224 principio,
1192 1155 1222 1206 et

222 1229 338 1307 quidem
353 1229 501 1307 protinus:
522 1227 666 1290 Graviter
687 1236 716 1290 et
735 1231 839 1306 totquc
860 1230 962 1291 animo
983 1231 1150 1292 maledictu
1168 1238 1223 1292 ica

218 1320 364 1392 paterer,
386 1310 496 1375 llarcc
516 1310 620 1374 Tulli?
645 1313 720 1372 sicut
742 1310 846 1372 Cicero
867 1311 982 1374 iecerat
1002 1314 1030 1372 in
1054 1312 1222 1374 Catilinam:

115 1418 159 1435 “
179 1393 388 1474 titthocsqce
418 1398 543 1458 tandem
569 1396 735 1474 obstaret}
782 1396 842 1471 Ac,
871 1413 908 1456 ne
935 1397 999 1475 quis
1025 1397 1223 1476 apostrophen

222 1481 360 1555 miretur,
384 1479 460 1540 idem
484 1477 590 1538 Cicero
611 1497 665 1557 pro
683 1479 794 1540 Scauro
810 1479 932 1540 ambitus
947 1496 1016 1554 reo,
1039 1499 1115 1560 quae
1136 1497 1224 1541 causa

224 1570 269 1623 εει
285 1563 313 1620 in
337 1564 567 1637 commentariis,
586 1562 672 1640 (nam
693 1562 738 1622 bis
759 1563 881 1623 eundem
903 1563 1052 1642 defendit)
1078 1580 1223 1643 prosopo-

223 1645 310 1725 poeia
332 1643 479 1724 loquentis
503 1662 556 1724 pro
578 1663 631 1705 reo
652 1647 754 1715 utitur;
776 1663 830 1724 pro
852 1646 970 1706 Rabirio
991 1663 1065 1707 vero
1086 1647 1223 1707 Postumo

224 1729 389 1807 eodemque
409 1729 522 1790 Scauro
548 1746 601 1789 reo
629 1729 853 1809 repetundarum
881 1731 966 1790 etiam
987 1729 1144 1808 exemplis3
1168 1740 1238 1808 pro·

180 1812 359 1883 toGluentio
383 1812 435 1890 (ut
456 1811 542 1872 modo
564 1813 701 1893 ostendi)
725 1815 891 1891 partitione.
934 1812 1000 1872 Non
1020 1821 1116 1873 tamen
1136 1813 1222 1886 haec,

224 1896 292 1976 quia
307 1905 431 1975 possunt
445 1896 521 1956 bene
537 1896 692 1975 aliquando
708 1897 788 1973 lieri,
806 1897 913 1974 passim
929 1896 1061 1956 iacienda
1077 1905 1152 1970 sunt,
1170 1895 1222 1955 sed

223 1981 358 2059 quotiens
374 1990 562 2059 praeceptum
576 1981 680 2041 vicerit
694 1983 782 2048 ratio:
808 1981 953 2058 quomodo
975 1988 1005 2040 et
1026 1979 1222 2054 similitudine,

223 2064 289 2124 dum
308 2063 408 2139 brevi,
439 2073 468 2125 et
489 2064 677 2125 translatione
700 2074 787 2144 atque
810 2064 874 2123 aliis
895 2065 988 2142 tropis
1011 2063 1106 2142 (quae
1128 2063 1223 2122 omnia

224 2147 301 2207 cauti
322 2146 365 2209 illi
387 2166 422 2208 ac
444 2147 600 2225 diligentes
622 2147 798 2227 prohibent)
820 2156 933 2208 utemur
953 2148 1081 2222 interim,
1105 2148 1159 2205 nisi
1176 2147 1222 2205 cui

223 2230 319 2290 divina
340 2229 390 2290 illa
410 2248 465 2308 pro
479 2230 595 2308 Ligario
610 2233 718 2308 ironia,
742 2232 779 2291 de
799 2249 856 2310 qua
877 2230 966 2310 paulo
987 2239 1053 2290 ante
1083 2231 1221 2303 dixeram,

182 2319 214 2376 tr
223 2312 368 2392 displicet.
404 2313 472 2375 Alia
496 2315 680 2377 exordiorum
700 2316 769 2375 vitia
788 2314 886 2374 verius
908 2314 1095 2376 tradiderunt.
1139 2312 1225 2387 Quod

192 2438 201 2451 .
223 2397 253 2457 iu
275 2397 375 2475 plures
401 2415 503 2458 causas
525 2399 738 2461 accommodari
759 2407 876 2476 potest,¹
901 2398 1024 2476 vulgare
1044 2399 1161 2464 dicitur;
1193 2395 1222 2456 id

223 2482 316 2541 minus
340 2481 502 2542 favorabile
525 2482 680 2562 aliquando
703 2491 871 2543 tamennon
888 2482 1027 2542 inutiliter
1042 2483 1223 2554 assumimus,

224 2565 335 2642 magnis
351 2583 441 2645 saepe
458 2565 621 2626 oratoribus
646 2584 704 2626 non
719 2567 866 2625 evitatum.
906 2563 971 2637 Quo
994 2573 1023 2623 et
1040 2564 1224 2624 adversarius

224 2649 264 2707 uti
288 2657 401 2727 potest,
425 2666 574 2709 commune
591 2649 767 2728 appellatum
791 2648 870 2726 quod
891 2647 1074 2706 adversarius
1098 2646 1223 2703 insuam

224 2731 377 2792 utilitatem
393 2731 553 2793 deflectere
569 2740 682 2810 potest,
702 2729 919 2798 commutabile;
944 2727 1023 2807 quod
1044 2743 1150 2788 causae
1165 2742 1223 2785 non

226 2814 381 2891 cohaeret,
414 2824 594 2893 separatum
623 2815 700 2894 quod
731 2814 845 2874 aliunde
873 2811 1009 2887 trahitur,
1040 2809 1222 2875 translatum;

224 2907 381 2977 praeterea
398 2899 477 2977 quod
493 2899 621 2976 longum,
638 2897 716 2977 quod
732 2906 832 2957 contra
848 2902 1007 2975 praecepta
1024 2901 1081 2961 εει;
1100 2909 1222 2971 quorum

224 2980 367 3062 pleraque
388 2998 446 3041 non
470 2983 603 3061 principii
627 2983 714 3042 modo
736 2989 802 3040 suut
815 2979 886 3042 vitia
898 2978 952 3039 sed
967 2977 1054 3037 totius
1073 2977 1222 3036 orationis.

183 3073 217 3133 lt
308 3065 389 3126 Haec
410 3067 446 3126 de
470 3067 637 3144 prooemio,
662 3065 796 3144 quotiens
812 3064 867 3123 erit
882 3063 944 3122 eius
959 3078 1044 3136 usus,
1068 3077 1125 3119 non
1148 3076 1223 3118 sem·

225 3167 280 3227 per
300 3159 396 3210 autem
419 3158 479 3215 εει;
509 3167 573 3211 nam
596 3158 625 3209 et
646 3165 857 3228 supervacuum
879 3145 1032 3224 aliquando
1050 3152 1111 3219 est,
1140 3145 1165 3202 si
1186 3142 1224 3202 sit

225 3240 416 3310 praeparatus
431 3234 502 3293 satis
520 3234 607 3294 etiam
622 3234 684 3292 sine
699 3233 757 3294 hoc
771 3230 876 3306 iudex,
898 3237 946 3289 aut
961 3229 986 3287 si
1002 3245 1052 3288 res
1066 3244 1223 3306 praepara-

224 3314 304 3375 tione
324 3331 381 3375 non
405 3324 502 3393 egeat.
550 3314 726 3377 Aristoteles
747 3312 862 3395 quidem
883 3314 912 3372 in
932 3320 1022 3372 totum
1037 3311 1066 3372 id
1085 3328 1224 3371 necessa·

225 3398 298 3458 rium
313 3398 389 3479 apud
405 3398 500 3460 bonos
516 3400 627 3463 iudices
642 3409 740 3480 negat.
776 3396 941 3477 Aliquando
960 3404 1055 3458 ιειιιειι
1070 3395 1111 3458 uti
1125 3413 1181 3455 nec
1198 3391 1223 3454 si
