2566 4026
344 193 777 261 mss.01sss01s.n1o.1x,1.
1020 183 1056 244 91

61 363 124 417 tum
144 369 211 412 esse
230 349 392 416 uidemur,-
415 357 443 409 et
462 348 534 408 buic
555 351 714 409 contraria
730 368 825 428 saepe
843 351 1006 428 percursio
1021 359 1065 412 est

61 446 91 500 et
114 433 158 496 ad
180 434 251 511 plns
278 433 522 510 intelliqeudum,
546 448 638 509 quom
659 434 793 510 diceris,
816 434 1013 512 siqnifieatio,
1037 442 1066 496 et

62 521 208 582 distincte
222 519 349 577 concisa
365 517 500 578 brevitas
522 524 551 576 et
572 518 765 588 eatenuotio;
785 525 814 578 et
827 518 899 578 buic
916 517 1107 581 adiunctam

60 604 174 679 illusio,
192 617 213 660 o
224 602 404 678 praeceptis
421 598 568 660 Caesaris
581 619 642 660 non
657 601 843 677 abborrens,
865 610 894 662 et
909 601 948 662 ab
966 620 1001 660 re
1016 601 1065 661 di-

57 687 199 767 pressim·
218 686 251 744 in
266 701 328 762 quo
343 702 413 744 cum
425 682 521 762 fuerit
536 684 712 760 delectatio,
729 692 791 745 tum
806 686 924 746 reditus
943 684 987 744 od
1001 702 1067 746 rem

61 778 157 850 aptus
180 777 209 830 et
226 769 394 829 concinnus
414 786 481 827 esse
501 766 640 836 debebit,·
661 769 903 846 propositioque,
928 767 1003 846 qnid
1022 769 1067 828 sis

62 857 222 928 dicturas,
239 859 268 912 et
286 852 325 912 ab
342 869 394 927 eo,
415 853 497 928 quod
512 857 557 911 est
573 851 703 927 dictum,
722 852 886 928 seiunctio,
902 861 931 913 et
948 852 1067 912 reditas

61 940 108 1000 od
116 937 307 1016 propositum
328 943 357 995 et
369 934 492 996 iteratio
509 944 537 996 et
557 937 686 996 rationis
706 944 782 1015 apto
806 936 980 1007 conclusio,·
1006 943 1109 1000 sumto

61 1022 200 1101 auqeudi
213 1019 408 1080 minuendive
428 1034 527 1078 causo
550 1020 688 1080 ueritatis
712 1020 879 1099 superlatio
893 1027 985 1096 atque
1000 1025 1066 1078 tro·

60 1105 168 1181 iectio,
197 1112 226 1163 et
245 1103 363 1180 roqotio
389 1111 481 1178 atque
511 1101 582 1163 baie
606 1102 736 1180 finitima
764 1105 855 1180 quasi
875 1103 1068 1180 percontatio

61 1188 271 1268 expositioque
287 1187 456 1247 sententiae
465 1202 560 1254 suae,·
574 1194 637 1247 tam
652 1188 717 1261 illa,
735 1201 816 1263 quae
832 1187 964 1248 maaime
978 1186 1069 1263 quasi

61 1273 173 1351 irrepit
189 1273 221 1331 in
243 1269 394 1330 bominum
415 1277 544 1345 mentes,
570 1270 635 1330 alio
656 1272 788 1332 dicentis
804 1289 844 1331 ac
865 1270 1068 1348 siquificantis

63 1355 286 1432 dissimulatio,
310 1369 390 1431 qnae
411 1362 456 1414 est
474 1353 688 1432 periucuudo,
713 1373 782 1414 cum
802 1355 835 1414 in
855 1355 993 1416 oratioue
1006 1373 1068 1415 non

62 1440 250 1502 contentione
264 1439 322 1498 sed
338 1455 476 1498 sermone
491 1443 663 1506 tractatum·
684 1438 796 1499 deiude
819 1437 984 1513 dubitatio,
1007 1442 1110 1501 lumbo

64 1522 248 1598 distributio,
267 1528 328 1582 tum
346 1522 512 1596 correctio,
534 1521 583 1581 ael
595 1529 666 1583 ante
685 1522 735 1583 cel
745 1527 815 1600 post
829 1538 922 1599 quam
937 1522 1067 1598 amens,

63 1608 113 1670 cel
136 1625 205 1668 cnm
219 1605 338 1682 aliquid
358 1620 379 1664 a
398 1614 426 1665 te
440 1606 507 1681 ipso
525 1605 660 1666 reiioias.
696 1603 902 1667 Praemuuitio
918 1607 1009 1666 etiam
1024 1614 1068 1666 est

63 1692 174 1768 adid,
197 1690 280 1768 quod
295 1690 497 1767 opprediare,
519 1696 548 1748 et
569 1690 693 1751 reiectio
712 1690 745 1750 in
766 1689 879 1760 alium,·
902 1689 1068 1751 communi-

64 1777 164 1851 catio,
183 1790 263 1851 quae
280 1780 325 1832 est
339 1774 431 1850 qnasi
448 1791 517 1833 cum
537 1772 576 1833 iis
590 1775 684 1852 ipsis,
706 1774 793 1852 apud
807 1790 883 1851 quos
899 1772 1000 1848 dicas,
1017 1771 1068 1834 de·

63 1859 206 1921 liberatio
210 1879 224 1925 ,·
247 1875 364 1917 morum
379 1875 418 1917 ac
433 1858 515 1917 oitoe
528 1856 656 1918 imitatio
672 1858 722 1918 ael
738 1859 770 1918 in
781 1859 925 1936 personis
940 1857 990 1919 ael
1002 1857 1069 1918 nne

62 1944 142 2019 illis,
163 1958 307 2020 maqnum
326 1940 483 2018 quoddam
504 1949 715 2002 ornamentum
739 1943 887 2003 orationis
913 1949 943 2002 et
962 1947 1069 2019 aptum

63 2028 111 2088 ad
131 2026 249 2086 animos
271 2024 482 2085 catuliandos
508 2024 557 2084 oei
578 2026 712 2086 manime
733 2041 829 2104 saepo
850 2033 952 2086 autem
977 2025 1068 2085 etiam

64 2112 110 2172 ad
125 2108 374 2176 commonendam
392 2126 598 2186 personarum
616 2108 691 2186 ficto
706 2109 844 2169 inductio
859 2108 908 2170 ael
920 2104 1070 2186 pravissi-
1077 2116 1111 2170 31

63 2213 146 2255 mum
162 2195 262 2254 lumen
277 2192 434 2271 ouqendi,·
456 2192 635 2268 descriptio,
657 2193 775 2252 erroris
794 2192 948 2266 inductio,
965 2194 1008 2253 ad
1022 2192 1069 2252 lu'-

63 2279 221 2341 laritatem
235 2277 386 2354 impulsio,
403 2276 654 2352 anteoocupatio‚·
671 2283 733 2335 tum
748 2275 810 2335 dno
826 2276 891 2350 illa,
907 2290 987 2352 quoe
1001 2293 1068 2336 ma·

62 2364 146 2424 mmo
157 2369 285 2436 moamt,
296 2360 497 2421 similitudoet
508 2358 695 2436 exemplum
707 2359 846 2436 diqestio,
854 2359 1069 2436 interpellatio,

65 2445 230 2518 eontentio,
246 2445 422 2521 reticeutio,
439 2442 667 2504 commendatio.
709 2439 776 2504 Voa
798 2443 952 2519 quaedam
974 2442 1113 2503 liberast

65 2539 159 2608 atque
174 2529 265 2590 etiam
280 2527 456 2610 effrenatior
470 2527 606 2605 auqeudi
629 2543 746 2595 cousa;
766 2525 951 2601 iracundia,
967 2525 1071 2587 obiur-

63 2614 160 2694 qatio,
173 2613 354 2691 promissio,
373 2612 568 2691 deprecatio,
584 2609 767 2687 obsecratio,
786 2610 953 2671 declinatio
969 2608 1072 2670 breois

67 2697 273 2777 aproposito,
294 2713 355 2756 nou
375 2703 409 2758 at
422 2695 564 2774 superior
577 2696 632 2756 illo
648 2695 811 2774 diqressio,
823 2694 980 2773 purqotio,
999 2712 1071 2754 con-

65 2782 191 2857 ciliatio,
207 2780 314 2856 laesio,
330 2781 443 2859 optatio
460 2787 552 2856 atque
567 2780 734 2840 execratio.
764 2776 820 2840 His
828 2778 898 2858 sere
908 2778 1114 2841 tumtnttnsss

64 2866 222 2928 illustrant
248 2865 415 2926 orationem
437 2865 615 2927 sententiae.
664 2859 820 2924 Orationis
845 2871 947 2924 autem
974 2862 1073 2940 ipsius

67 2958 214 3027 tanquam
236 2966 394 3009 armornm
413 2955 458 3009 est
477 2949 526 3009 oel
546 2949 591 3009 ad
610 2965 699 3008 usum
720 2948 912 3009 comminatio
934 2953 963 3007 et
982 2945 1074 3022 qnasi

64 3034 171 3115 petitio
187 3032 237 3094 uel
251 3034 295 3093 od
304 3038 493 3092 venustatem
507 3032 578 3110 ipsa
593 3031 746 3095 tractatio.
772 3028 853 3093 Nam
869 3039 897 3092 et
908 3030 1073 3109 qeminatio

65 3117 229 3179 verborum
244 3115 335 3177 babet
347 3116 502 3176 interdum
516 3116 592 3192 uim,
608 3118 743 3193 leporem
758 3116 855 3191 alias,
873 3121 902 3176 et
913 3114 1073 3192 paululum

65 3203 256 3263 immutatum
270 3200 397 3262 uerbum
412 3208 505 3277 atque
522 3197 693 3277 dedeaum,
709 3206 738 3259 et
754 3197 890 3260 eiusdem
903 3198 992 3259 verbi
1007 3215 1073 3259 cre·

65 3287 127 3349 bra
144 3294 207 3346 tum
221 3302 242 3344 a
256 3286 356 3363 primo
372 3285 511 3361 repetitio
533 3284 641 3344 tamin
658 3289 827 3344 extremum
847 3283 1024 3359 conversio,
1043 3290 1074 3344 et

65 3371 99 3431 in
116 3370 227 3431 eodem
240 3368 338 3430 oerba
351 3369 481 3446 impetus
502 3375 533 3428 et
553 3368 712 3428 concursio
729 3374 758 3428 et
778 3367 936 3428 adiunctio
958 3375 986 3427 et
998 3384 1073 3446 pro·

65 3454 196 3537 pressio,
210 3462 239 3514 et
249 3452 385 3517 eiusdem
394 3452 482 3513 uerbi
492 3451 634 3512 crebrius
643 3451 737 3532 positi
753 3451 908 3530 quaedum
920 3451 1074 3513 distinctio
