2566 4026
352 155 790 225 1usr.onlron.u1a.111,1.
1016 148 1076 210 107

65 321 206 375 auctores
224 329 282 371 non
302 313 447 387 convenit,
463 328 517 371 nos
536 321 631 372 autem
648 313 801 374 Aristoteli
817 314 969 375 credimus.
1003 314 1076 378 Hinc

65 397 149 458 velut
166 397 301 457 diversae
317 398 412 456 secari
430 406 591 474 coeperunt
605 399 680 457 viae.
709 396 782 458 Nam
794 407 823 457 et
837 398 975 459 Isocratis
991 410 1118 479 prae-14

66 482 238 542 stantissimi
259 481 394 558 discipuli
414 480 530 539 luerunt
553 482 582 540 in
608 483 684 540 omni
707 481 865 541 studiorum
884 500 1005 559 genere,
1026 501 1075 544 eo·

66 585 125 645 que
142 567 199 624 iam
214 566 331 624 seniore
348 565 497 641 (octavum
515 566 589 624 euim
605 573 633 625 et
650 567 866 644 nonagesimum
880 566 1010 646 implevit
1028 586 1075 628 an·

65 651 159 728 num)
176 648 380 727 pomeridianis
396 647 505 708 scholis
521 647 698 709 Aristoteles
717 652 891 729 praecipere
906 660 997 710 artem
1012 669 1075 712 ora·

66 736 173 794 toriam
189 735 304 811 coepit,
329 742 398 792 uoto
423 732 538 810 quidem
558 731 609 793 illo
629 734 676 812 (ut
692 733 829 815 traditur)
850 751 938 793 versu
957 752 995 795 ex
1010 734 1073 794 Phi·

65 818 180 879 locteta
203 818 374 895 frequenter
399 834 486 876 usus:
523 807 654 897 Αἰσχρὸν
676 821 808 894 σιωπᾶν,
829 807 999 898 Ἰσοκράτην
1024 817 1077 878 ἐᾶν

66 901 171 981 λέγειν,
191 900 293 979 Turpe
308 920 376 962 esse
390 910 495 962 tacere
510 910 539 961 ei
553 899 714 963 Isocraten
728 904 797 980 pati
811 903 925 963 dicere.
955 901 1013 961 Ars
1032 911 1078 964 est

66 988 232 1064 utriusque,
248 985 302 1044 sed
317 984 446 1062 pluribus
464 1003 527 1043 eam
541 983 623 1044 libris
637 984 816 1047 Aristoteles
833 985 1004 1065 complexus
1020 996 1074 1047 est.

65 1070 181 1131 Eodem
201 1078 332 1147 tempore
356 1068 542 1128 Theodectes
565 1069 634 1144 fuit,
656 1069 693 1130 de
715 1071 796 1130 ouius
817 1087 908 1149 opere
930 1088 1018 1148 supra
1036 1071 1076 1130 di·

67 1165 146 1214 ctum
169 1163 223 1212 est.
271 1152 490 1231 Theophrastus
513 1169 629 1231 quoque
655 1153 825 1214 Aristotelis
854 1154 1013 1233 discipulus
1041 1155 1077 1215 de
1087 1165 1119 1219 15

65 1239 218 1299 rhetorice
235 1237 389 1314 diligenter
405 1238 539 1315 scripsit,
559 1246 646 1315 atquo
661 1237 728 1298 hinc
744 1238 794 1299 vel
809 1237 965 1298 studiosius
982 1237 1076 1317 philo·

67 1322 155 1402 sophi
172 1339 257 1401 quam
280 1320 415 1380 rhetores
437 1322 654 1400 praecipueque
673 1322 838 1382 Stoicorum
853 1340 888 1382 ac
905 1322 1076 1401 Peripateti·

67 1424 170 1467 corum
192 1407 349 1484 principes.
389 1403 472 1464 Fecit
492 1405 596 1466 deinde
617 1405 697 1466 velut
717 1408 863 1485 propriam
882 1405 1120 1484 Hermagoraslti

67 1494 155 1565 viam,
173 1507 257 1568 quam
271 1489 385 1568 plurimi
399 1499 464 1548 sunt
476 1491 584 1558 secuti;
604 1492 650 1550 cui
669 1493 791 1551 maxime
807 1508 859 1569 par
875 1501 962 1569 atque
980 1509 1075 1551 aemu-

67 1576 113 1634 lus
129 1573 245 1634 videtur
263 1574 431 1634 Athenaeus
450 1574 551 1633 luisse.
583 1572 673 1635 hlulta
688 1585 755 1653 post
774 1575 949 1654 Apollonius
964 1573 1075 1652 Aiolou,

67 1659 158 1719 multa
176 1658 289 1734 Areus,
315 1658 403 1719 multa
427 1656 574 1718 Caecilius
600 1667 629 1719 et
644 1658 883 1721 Halicarnasseus
906 1657 1075 1733 Dionysius.

71 1743 233 1821 Praecipue
249 1752 344 1803 tamen
359 1745 388 1802 in
402 1761 435 1802 se
452 1752 659 1803 converterunt
678 1744 771 1804 studia
790 1743 991 1823 Apollodorus
1007 1741 1077 1802 Per·
1087 1747 1118 1807 ll

69 1845 227 1905 gememus,
250 1829 297 1906 qui
318 1836 495 1906 praeceptor
514 1826 694 1905 Apolloniae
711 1825 847 1889 Caesaris
867 1827 992 1904 Augusti
1011 1825 1075 1904 luit,

69 1921 97 1972 et
116 1910 291 1971 'l'heodorus
310 1910 475 1988 Gadareus,
497 1913 545 1990 qui
566 1929 599 1971 se
619 1911 675 1973 dici
691 1912 791 1973 maluit
806 1910 965 1987 Rhodium,
992 1927 1078 1987 quem

69 1995 203 2055 studiose
228 1996 361 2072 audisse,
387 2013 451 2056 cum
472 1997 501 2055 iu
523 2014 585 2057 eam
606 1995 728 2056 insulam
749 1997 945 2071 secessisset,
972 1994 1077 2054 dicitur

68 2079 204 2141 'liberius
221 2078 340 2140 Caesar.
372 2079 408 2140 Hi
424 2081 553 2141 diversas
569 2082 721 2159 opiniones
736 2081 928 2156 tradiderunt,
945 2077 1076 2157 appella·
1087 2085 1120 2141 18

68 2167 149 2242 tique
176 2163 242 2224 inde
266 2161 463 2244 Apollodorei
482 2182 516 2225 ac
541 2163 709 2227 Theodorei
734 2164 770 2225 ad
795 2181 905 2224 morem
927 2171 1023 2223 certas
1048 2163 1077 2221 in

68 2247 258 2327 philosophia
273 2256 370 2308 sectas
386 2247 537 2326 sequendi.
574 2248 633 2308 Sed
648 2247 824 2327 Apollodori
846 2256 1005 2326 praecepta
1018 2264 1076 2307 ma·

69 2335 116 2410 gis
135 2350 175 2392 ex
195 2331 346 2411 discipulis
369 2349 552 2410 cognoscas,
576 2347 697 2409 quorum
719 2332 955 2409 diligentissimus
976 2332 1005 2390 in
1019 2339 1076 2390 tra-

68 2416 166 2477 dendo
196 2416 250 2476 fuit
275 2416 374 2477 Latine
402 2417 490 2494 GaJus
515 2414 653 2492 Valgius,
682 2414 795 2475 Graece
829 2414 954 2474 Atticus.
1004 2412 1077 2472 Nam

70 2502 163 2578 ipsius
180 2500 245 2559 sola
262 2501 376 2560 videtur
390 2500 448 2559 Ars
467 2501 544 2560 edita
561 2499 597 2559 ad
612 2497 757 2573 hlattium,
777 2499 843 2577 quia
859 2506 974 2558 ceteras
990 2498 1077 2556 missa

70 2584 106 2644 ad
123 2582 280 2644 Domitium
302 2584 427 2664 epistola
448 2602 506 2645 non
521 2584 664 2660 agnoscit.
701 2581 786 2641 Plura
803 2582 920 2659 scripsit
941 2579 1077 2641 Theodo-

71 2686 131 2744 rus,
152 2670 235 2727 cuius
251 2670 412 2729 auditorem
426 2669 626 2745 Hermagoran
641 2675 707 2726 sunt
724 2667 772 2745 qui
787 2666 922 2726 viderint.

157 2751 352 2813 Romanorum
367 2754 474 2831 primus
499 2753 656 2830 (quantum
671 2768 729 2828 ego
744 2750 859 2828 quidem
881 2750 991 2830 sciam)
1009 2755 1120 2811 con-19

71 2837 142 2897 didit
164 2835 260 2914 aliqua
283 2838 312 2896 in
333 2837 408 2897 hanc
427 2839 575 2898 materiam
596 2834 634 2896 hl.
654 2833 727 2895 Cato
742 2834 794 2895 ille
814 2833 990 2908 Censorius,
1008 2840 1077 2911 post

69 2918 107 2979 ll.
131 2919 275 2980 Antonius
297 2922 458 2990 inchoavit;
487 2938 552 2980 nam
574 2920 632 2981 hoc
650 2919 744 2979 solum
764 2937 837 2998 opus
858 2920 920 2979 eius
941 2927 1028 2997 atque
1048 2916 1077 2977 id

69 3006 164 3082 ipsum
188 3005 391 3084 imperfectum
412 3015 516 3065 manet.
553 3005 653 3065 Seouti
672 3006 764 3064 minus
781 3002 931 3072 celehres;
957 3018 1078 3081 quorum

70 3090 254 3165 memoriam,
281 3092 305 3148 si
328 3107 385 3168 quo
406 3089 474 3151 loco
498 3107 547 3148 res
573 3097 694 3168 poscet,
720 3105 778 3149 non
794 3089 930 3148 omittam.
960 3085 1120 3149 Prosci-2⁰

70 3191 158 3251 puum
180 3190 253 3233 vero
281 3172 378 3233 lumen
400 3176 476 3234 sicut
500 3173 686 3253 eloquentiae
708 3175 748 3232 ita
769 3173 936 3252 praeceptis
960 3187 1077 3250 quoque

69 3259 133 3316 eius
150 3257 239 3333 dedit,
255 3258 369 3318 unicum
381 3259 457 3337 apud
469 3274 522 3318 uos
536 3259 685 3336 specimen
701 3258 800 3318 orandi
814 3256 998 3336 docendique
1013 3270 1078 3314 ora·

69 3342 162 3400 torias
185 3350 281 3418 artes,
312 3341 351 3403 hl.
368 3341 494 3411 'l'ullius;
516 3351 584 3420 post
609 3358 694 3420 quem
713 3351 813 3402 tacere
834 3339 1078 3401 modestissimum

70 3424 166 3503 foret,
188 3428 244 3486 nisi
267 3435 297 3486 et
319 3427 484 3487 rhetoricos
505 3443 575 3486 suos
596 3427 661 3506 ipse
684 3425 865 3486 adolescenti
886 3424 942 3486 sihi
958 3424 1077 3504 elapsos
