2566 4026
419 195 508 240 msc.
523 193 672 239 onsnon.
688 193 757 239 nna.
775 194 788 239 1
793 225 803 259 ,
816 193 841 242 1.
1099 183 1117 244 7

117 349 200 410 dubie
217 349 303 428 prior
318 349 393 407 ratio
408 355 469 423 est,
485 355 567 406 recte
582 356 677 406 tamen
695 349 780 406 etiam
794 347 955 424 loquantur.
989 348 1048 409 llas
1064 351 1151 428 pri-b

117 452 189 494 mum
204 432 306 493 audiet
321 449 411 510 puer,
433 430 532 490 bamm
545 429 635 490 verba
652 431 793 508 effingere
808 431 943 492 imitando
958 432 1118 494 conabitur.

117 517 152 578 lit
166 526 271 576 natura
287 517 464 594 tenacissimi
479 533 575 574 sumus
593 531 707 590 eorum,
730 531 804 592 qnae
819 513 936 574 rudibus
958 520 1038 576 annis
1053 535 1118 595 per·

118 603 263 679 cepimus;
294 609 326 659 ut
347 616 450 677 sapor,
472 615 529 676 quo
546 615 622 658 nova
645 598 770 674 imbuas,
791 599 889 674 durat,
916 616 970 660 nec
991 601 1120 661 lanarum

118 684 258 759 colores,
284 683 388 762 quibus
404 681 528 760 simplex
544 683 595 742 ille
616 682 723 742 candor
742 690 866 741 mutatus
888 691 949 759 est,
972 684 1029 744 elui
1050 703 1117 763 pos·

118 777 191 828 sunt.
222 767 262 828 Et
277 767 351 827 baec
365 767 429 844 ipsa
443 768 534 843 magis
549 767 736 844 pertinaciter
749 765 880 842 haerent,
898 782 956 843 quo
972 768 1118 828 deteriora

118 860 191 912 sunt.
237 850 312 912 Nam
336 850 411 910 bona
434 850 521 910 facile
540 859 683 911 mutantur
707 854 735 910 in
761 852 859 928 peius;
887 850 1067 928 numqnando
1090 855 1118 911 in

118 936 225 997 bonum
245 935 372 994 verteris
393 931 481 994 vitia?
510 933 575 993 Non
595 943 746 994 assuescat
768 951 857 1011 ergo,
880 951 917 993 ne
939 934 1004 994 dum
1024 935 1117 995 inians

119 1020 235 1098 quidem
251 1027 312 1093 est,
332 1019 473 1093 sermoni,
496 1019 544 1095 qui
560 1018 752 1078 dediscendus
767 1020 813 1076 sit.
897 1026 903 1033 ‘

201 1103 236 1163 ln
248 1100 415 1182 parentibus
427 1119 498 1160 vero
514 1119 597 1179 quam
612 1101 763 1180 plurimum
777 1119 844 1160 esse
858 1101 1025 1161 eruditionis
1038 1110 1144 1179 opta-6

118 1188 220 1248 verim.
259 1184 323 1246 Nec
344 1185 380 1245 de
400 1185 529 1264 patribus
548 1194 655 1245 tantum
674 1186 789 1263 loquor.
830 1184 903 1244 Nam
924 1184 1119 1246 Gracchorum

117 1272 307 1350 eloquentiae
321 1269 439 1329 multum
454 1269 612 1329 contulisse
628 1271 793 1347 accepimus
809 1266 973 1328 Corneliam
987 1278 1118 1345 matrem,

117 1358 200 1416 cuius
228 1354 412 1414 doctissimus
439 1369 534 1412 sermo
559 1355 587 1413 in
613 1362 751 1432 posteros
777 1369 893 1432 quoque
915 1360 960 1411 est
986 1353 1118 1430 epistolis

117 1439 255 1506 traditus3
278 1446 307 1497 et
327 1437 425 1497 Laelia
442 1434 475 1496 G.
493 1436 550 1495 iilia
568 1437 730 1497 reddidisse
751 1439 780 1496 in
804 1436 950 1514 loquendo
971 1445 1119 1515 paternam

115 1523 294 1600 elegantiam
309 1522 423 1595 dicitnr,
441 1529 469 1580 et
483 1519 657 1581 Hortensiae
672 1520 708 1594 Q.
721 1522 798 1582 filiae
813 1522 905 1581 oratio
922 1521 997 1600 apud
1009 1520 1117 1581 'lrinm-

116 1610 197 1667 viros
223 1605 320 1665 babita
347 1605 453 1681 legitur
478 1620 535 1663 non
561 1614 667 1665 tantum
694 1607 722 1665 in
747 1624 835 1665 senus
863 1606 1012 1665 bonorem.
1055 1605 1143 1666 Neci

115 1701 213 1752 tamen
231 1691 267 1765 ii,
290 1688 393 1767 quibus
412 1689 529 1748 discere
543 1690 615 1766 ipsis
630 1706 687 1748 non
708 1691 844 1766 contigit,
864 1690 1002 1748 minorem
1022 1707 1117 1750 curam

116 1775 244 1836 docendi
271 1772 381 1833 liberos
406 1771 547 1842 habeant;
577 1773 630 1833 sed
655 1775 711 1832 sint
734 1782 856 1852 propter
879 1773 937 1834 hoc
964 1775 1057 1853 ipsum
1082 1773 1118 1834 ad

115 1868 218 1921 cetera
241 1859 334 1935 magis
355 1855 519 1934 diligentes.

199 1942 247 2002 De
262 1943 377 2020 pueris,
398 1943 473 2001 inter
494 1958 567 2018 quos
591 1940 759 2002 educabitur
779 1941 830 2002 ille
851 1942 918 2003 huic
940 1942 1004 2020 spei
1029 1940 1116 2000 desti·

114 2037 220 2102 natus,
242 2025 317 2086 idem
335 2025 412 2103 quod
431 2024 468 2084 de
481 2025 639 2085 nutricibus
654 2025 759 2085 dictum
779 2028 825 2086 sit.

200 2110 249 2170 De
267 2109 448 2188 paedagogis
469 2109 527 2169 boc
549 2110 686 2188 amplius,
708 2119 737 2169 ut
753 2119 801 2169 aut
818 2111 873 2170 sint
895 2109 998 2170 eruditi
1020 2110 1144 2189 plane,8

114 2212 202 2274 quam
225 2195 343 2272 primam
364 2211 430 2252 esse
452 2211 549 2253 curam
570 2194 673 2269 velim,
695 2203 742 2255 aut
763 2213 797 2254 se
821 2211 878 2253 non
899 2212 966 2254 esse
989 2194 1116 2255 eruditos

114 2281 221 2340 sciant.
252 2276 330 2337 Nihil
347 2286 392 2337 est
412 2279 495 2355 peius
518 2279 570 2353 iis,
593 2278 641 2356 qui
657 2277 771 2355 paulum
793 2279 900 2357 aliquid
921 2278 995 2339 ultra
1012 2280 1117 2358 primas

114 2364 232 2424 litteras
252 2362 404 2440 progressi
426 2361 528 2421 falsam
545 2361 600 2421 sibi
619 2364 758 2422 scientiae
780 2364 1000 2443 persuasionem
1018 2363 1117 2423 indue-

114 2455 192 2507 runt.
235 2445 308 2505 Nam
328 2454 358 2504 et
378 2446 704 2524 cedere·praeoipiendi
728 2446 856 2525 partibus
883 2447 1065 2523 indignantur
1090 2454 1118 2504 et

114 2531 198 2591 velut
214 2530 277 2589 iure
297 2529 421 2608 quodam
441 2532 612 2607 potestatis,
635 2547 692 2609 qno
715 2530 779 2589 iere
794 2530 852 2589 hoc
865 2529 1009 2589 bominum
1024 2547 1118 2606 genus

114 2614 293 2690 intumescit,
306 2615 455 2692 imperiosi
470 2621 556 2692 atque
569 2615 681 2674 interim
696 2613 861 2673 saevientes
876 2611 1023 2672 stultitiam
1039 2627 1119 2670 suam

115 2700 291 2777 perdocent.
319 2695 383 2757 Nec
398 2700 489 2757 minus
505 2715 588 2757 error
604 2715 704 2758 eorum
718 2706 805 2758 nocet
820 2696 962 2764 moribus;
979 2694 1145 2772 siquidemit

114 2782 262 2842 Leonides
274 2781 434 2841 Alexandri
449 2781 649 2860 paedagogus,
665 2791 696 2842 ut
710 2801 726 2842 a
739 2781 900 2856 Babylonio
912 2779 1047 2856 Diogene
1063 2787 1118 2838 tra·

115 2867 204 2942 ditur,
221 2865 392 2944 quibusdam
407 2884 471 2925 enm
484 2867 561 2925 vitiis
577 2865 686 2941 imbuit,
705 2884 778 2944 quae
793 2865 942 2925 robustum
958 2880 1074 2943 quoqne
1090 2870 1119 2922 et

114 2952 172 3010 iarn
184 2952 339 3010 maximum
350 2967 450 3027 regern
462 2948 497 3009 ab
510 2950 560 3009 illa
571 2951 747 3010 institutione
760 2950 864 3029 puerili
876 2957 941 3008 sunt
954 2956 1118 3027 persecuta.

202 3036 234 3095 Si
256 3035 302 3094 cni
317 3032 405 3093 multa
426 3033 529 3093 videor
545 3035 682 3111 exigere,
706 3037 816 3112 cogitet
832 3044 978 3094 oratorem
1000 3033 1117 3108 institui,
1128 3040 1163 3092 10

114 3136 178 3178 rem
199 3118 334 3193 arduam,
365 3119 450 3178 etiam
471 3135 535 3178 cnm
556 3119 583 3178 ei
603 3119 752 3179 formando
774 3117 845 3179 nihil
866 3119 1006 3187 deluerit;
1033 3134 1118 3196 prae·

113 3211 198 3264 terea
213 3203 298 3282 plura
313 3219 349 3262 ac
364 3202 527 3262 difficiliora
541 3220 708 3279 superesse.
732 3201 804 3262 Nam
821 3211 849 3262 et
864 3204 959 3265 studio
975 3209 1119 3280 perpetuo

114 3296 144 3347 et
159 3286 418 3368 praestantissimis
433 3287 673 3365 praeceptoribus
687 3295 716 3346 et
727 3286 856 3365 plurimis
872 3286 1030 3366 disciplinis
1046 3302 1119 3364 opus
1181 3342 1189 3353 ,,

114 3382 171 3432 est.
219 3371 409 3451 Quapropter
432 3371 637 3449 praecipienda
664 3380 729 3430 sunt
755 3373 877 3451 optima;
907 3389 981 3450 quae
1004 3372 1029 3430 si
1056 3368 1119 3447 quis
1129 3374 1162 3428 11

113 3457 301 3535 gravabitur,
322 3471 382 3514 non
395 3456 498 3515 rationi
515 3455 658 3515 defuerint
674 3454 726 3514 sed
741 3455 856 3516 bomini.
