2566 4026
382 191 472 239 nisu.
496 192 645 241 oanuon.
668 193 737 241 n1e.
759 195 812 255 rx,
835 191 862 243 3.
1061 184 1119 245 119

486 381 528 393 —
546 346 725 424 Tectumque
745 349 901 425 laremque

160 428 316 507 Armaque
324 426 578 509 Ampelaeumque
590 449 696 491 cartem
708 428 909 508 Cressamque
921 433 1119 510 pltaretram‚·

122 513 169 572 vei
188 514 326 573 diversis:
350 510 447 574 Arma
465 515 622 592 uirumque
642 547 684 557 —
700 511 826 575 Multum
845 516 897 575 tlte
918 522 946 575 el
965 518 1060 577 terris
1081 528 1162 581 -52

119 595 214 658 Multa
241 614 368 676 quoque.
413 595 558 656 Aduerbia
584 614 700 676 quoque
724 606 753 655 et
772 599 942 676 pronomina
962 601 1162 676 variantur,53

119 679 179 741 Hic
195 683 277 741 lllum
297 681 362 741 oltlr‘
380 683 534 756 iuoeuem,
557 714 600 725 —-
620 681 676 740 Bis
691 700 778 742 senos
794 683 844 742 eui
854 689 960 743 mostra
977 684 1059 758 alies,
1077 718 1119 728 ·-

118 763 177 824 llic
189 765 259 825 utili
269 783 447 843 responsum
455 767 575 843 primus
587 766 670 825 dedit
684 765 736 826 ille
744 768 868 842 peleutl.
897 765 956 825 Sed
968 777 1119 845 utrumque

120 849 303 908 coacervatio
317 857 346 906 et
356 858 463 908 tantum
475 851 570 908 iuncta
581 857 629 907 aut
641 848 790 908 dissoluta.
811 847 947 909 Omnibus
959 852 1120 929 scriptores
1126 858 1162 911 54

118 949 172 990 sua
189 934 301 990 nomina
319 932 459 991 dederunt
480 932 532 992 sed
547 933 626 991 varia
645 941 674 990 et
688 941 719 990 ut
742 934 846 1009 cuique
862 933 980 1009 fingenti
999 934 1117 1012 placuit.

118 1012 196 1073 Fons
221 1016 334 1093 quidem
360 1035 449 1090 unus,
464 1017 542 1095 ·quia
562 1017 675 1075 acriora
696 1015 764 1075 iacit
787 1017 1022 1094 et'instantiora,
1046 1035 1119 1096 quaa

118 1096 252 1174 dicimus,
271 1108 300 1157 et
310 1101 366 1158 vim
383 1100 520 1177 quandam
535 1117 605 1177 prae
621 1117 653 1157 se
665 1099 788 1160 ferentia
802 1100 882 1160 velut
894 1103 1010 1179 saepius
1027 1118 1119 1161 erum-

117 1184 213 1259 pentis
233 1183 365 1242 affectus.

203 1308 395 1385 Gradatio,
419 1329 492 1388 quae
514 1311 617 1370 dieitur
637 1312 758 1388 κλῖμαξ,
781 1313 957 1390 apertiorem
972 1312 1059 1372 habet
1074 1331 1119 1373 ar·

117 1401 176 1451 tem
198 1403 227 1452 et
247 1396 338 1470 magis
357 1395 534 1469 affectatam,
567 1394 692 1472 ideoque
721 1413 788 1454 esse
816 1396 909 1454 rarior
930 1394 1027 1455 debet.
1066 1395 1160 1460 Estss

117 1486 213 1536 autem
227 1479 289 1555 ipsa
306 1496 422 1556 quoque
441 1478 625 1544 adiectionis;
644 1480 751 1556 repetit
762 1481 846 1555 enim,
864 1497 939 1558 quae
953 1478 1117 1556 dictasunt,

118 1569 148 1619 et
162 1563 328 1639 priusquam
344 1563 378 1621 ad
398 1562 474 1622 aliud
490 1561 663 1637 descendat,
685 1563 713 1620 in
736 1562 882 1640 prioribus
898 1563 1017 1622 resistit.
1048 1563 1118 1622 Eius

116 1645 281 1722 exemplum
298 1664 335 1704 ex
351 1645 463 1706 Graeco
479 1647 628 1704 notissimo
645 1646 848 1706 transferatur:
869 1643 938 1708 Nou
953 1649 1035 1707 euim
1052 1648 1120 1708 dimi

116 1729 240 1805 quidem
253 1731 310 1791 sed
326 1749 386 1791 aaa
400 1731 514 1808 scripsi
520 1774 529 1806 ,
550 1750 608 1790 mec
629 1731 741 1808 scripsi
760 1731 883 1809 quidem
906 1731 963 1792 secl
982 1731 1121 1793 nacolii

116 1812 315 1890 legationem,
337 1833 394 1874 aee
416 1815 477 1874 ottt
493 1815 615 1890 quidem
635 1815 692 1875 sed
710 1834 770 1875 aou
787 1817 935 1895 persuasi
958 1813 1117 1876 Thebanis.

116 1895 179 1954 Sint
197 1904 291 1955 tamen
307 1898 410 1957 tradita
432 1906 460 1956 et
481 1897 596 1957 Latina:
618 1895 768 1977 Asriearm
790 1901 933 1960 uirtutem
954 1900 1162 1976 iudustria‚56

114 1979 213 2040 cirlus
225 1982 367 2058 plotium,
381 1983 483 2059 gloria
498 1983 634 2042 aemulos
653 1983 853 2060 comparavit.
885 1980 923 2042 m
940 1979 1037 2042 Calvi:
1053 1980 1121 2043 Nou

115 2082 190 2141 erqo
212 2067 311 2142 maqis
331 2067 535 2143 pecuariorum
554 2066 797 2143 repetundarum
826 2083 919 2143 quam
940 2068 1119 2143 malestatis,

113 2162 213 2224 aeque
227 2150 396 2211 malestatis
406 2151 506 2226 magis
520 2164 611 2225 quam
623 2146 763 2210 Plautiae
774 2150 860 2227 lepis,
873 2166 970 2226 meque
981 2148 1121 2212 Plautiae

114 2230 195 2307 lepis
221 2234 319 2311 maqis
348 2247 439 2310 quam
464 2233 611 2306 ambitus,
634 2248 732 2308 aeque
755 2234 888 2293 ambitus
906 2234 1006 2309 magis
1029 2249 1121 2310 quam

116 2315 248 2374 ommam
263 2317 362 2394 lequm
377 2325 429 2376 est.
462 2315 607 2374 Invenitur
623 2315 698 2392 apud
717 2323 822 2392 poetas
841 2331 974 2394 quoque,
998 2325 1028 2374 ut
1044 2314 1120 2393 apud
1128 2321 1162 2377 ol

114 2395 269 2457 Homerum
285 2399 322 2458 de
342 2408 476 2477 sceptro,
494 2398 571 2477 quod
588 2416 603 2457 a
620 2398 690 2456 love
707 2399 741 2457 ad
760 2397 1007 2474 Agamemnonem
1025 2415 1120 2476 usque
1191 2399 1193 2406 ’

116 2479 243 2556 deducit,
260 2492 289 2542 et
304 2483 379 2560 apud
397 2491 525 2542 nostrum
541 2484 626 2541 etiam
643 2483 798 2559 tragicum:

197 2563 270 2626 loce
281 2575 474 2646 propaqatus
488 2574 542 2642 est,
558 2575 591 2626 ul
604 2567 774 2644 perlibrat,
794 2563 952 2642 Tantalus,

203 2645 252 2708 Ea
269 2649 395 2712 Tantalo
411 2657 496 2711 ortus
510 2649 628 2728 Pelops,
643 2668 683 2710 ea
699 2648 808 2727 Pelope
823 2658 924 2709 aulem
938 2656 1025 2709 salus

199 2729 322 2803 Atreus,
339 2736 391 2812 qui
404 2742 540 2795 nostrum
553 2752 648 2812 porro
659 2740 816 2812 propagat
829 2752 936 2811 qartus.

201 2842 240 2902 At
263 2863 337 2922 quae
363 2865 416 2923 per
439 2846 711 2906 detractionem
734 2844 803 2905 liunt
823 2845 949 2922 figurae,
968 2842 1161 2902 brevitatis58

114 2927 311 3005 novitatisque
337 2931 459 2988 maxime
480 2931 601 3006 gratiam
622 2938 737 3008 petunt;
768 2946 886 3006 quarum
916 2946 971 2987 una
999 2935 1044 2985 est
1073 2943 1118 3001 ea,

116 3028 200 3088 quam
215 3010 290 3069 libro
305 3015 438 3089 proximo
455 3014 483 3071 in
498 3014 604 3090 figuras
621 3032 658 3072 ex
674 3013 834 3092 συνεκδοχῇ
850 3011 957 3086 distuli,
975 3028 1037 3070 oum
1052 3009 1119 3068 sub·

115 3101 237 3153 tractum
252 3095 371 3154 verbum
386 3097 503 3176 aliquod
520 3099 590 3156 satis
607 3116 644 3156 ex
664 3097 770 3156 ceteris
785 3095 970 3171 intelligitur:
993 3102 1023 3152 ut
1045 3090 1118 3152 Gae-

115 3176 171 3238 lius
196 3178 225 3237 in
247 3177 416 3253 Antonium,
444 3179 575 3259 Stupere
597 3181 714 3259 gaudio
739 3179 887 3241 Graecus.
931 3178 1021 3238 Simul
1045 3178 1118 3236 enim

115 3260 228 3321 auditur
244 3263 351 3342 eoepit.
379 3261 483 3324 Cicero
499 3263 534 3324 ad
545 3263 677 3324 Brutum:
693 3262 800 3327 Sermo
810 3263 912 3324 mullus
925 3263 1044 3324 scillcet
1057 3261 1119 3321 uisi

116 3346 155 3405 de
171 3349 220 3417 le,·
235 3347 311 3424 quid
326 3349 404 3407 enlm
416 3349 541 3425 potius?
578 3345 652 3408 Tum
666 3345 810 3424 Flauius,
828 3344 926 3422 Cras,
941 3347 1053 3425 iuquit,
1069 3353 1116 3406 la·

114 3427 253 3507 bellerii,
279 3438 307 3491 el
322 3450 376 3510 epo
389 3431 503 3493 ibidem
518 3431 576 3492 lras
591 3432 672 3493 iuter
692 3450 816 3494 ooeuam
833 3431 974 3491 maraci.
1006 3425 1059 3489 Uni
1071 3428 1160 3510 ¹si·59
