2566 4026
297 181 724 251 rusmonnrouurniun,
741 183 806 237 so.
1015 178 1055 238 'tt

48 341 85 401 uit
105 340 182 398 vitiis
202 344 317 406 carere;
340 357 394 412 ne,
413 337 478 397 dum
498 338 630 398 volumus
654 357 721 398 esse
740 341 879 400 meliores
894 343 1054 421 veteribus,

48 426 136 484 simus
150 432 256 482 tantum
272 422 435 482 dissimiles.

132 506 261 568 Reddam
276 525 366 581 nunc,
384 524 468 583 quam
484 508 643 583 proximam
658 515 769 584 partem
785 507 914 569 dixeram
935 528 1002 570 esse
1018 510 1096 576 dest

47 592 187 669 tropis,
214 607 288 668 quos
309 597 407 651 motas
423 590 573 650 clarissimi
595 599 758 650 nostrorum
780 601 916 653 auctores
936 604 1052 654 vocant.

45 675 156 734 Horum
179 674 295 735 tradere
313 682 471 752 praecepta
494 682 523 734 et
543 675 721 751 grammatici
741 676 848 736 solent.
889 677 948 737 Sed
965 696 980 738 a
996 696 1052 753 me,

47 777 113 820 cum
129 758 166 817 de
190 758 305 818 illorum
327 757 425 817 officio
442 757 596 834 loquerer,
618 758 705 818 ditata
721 777 789 836 pars
808 760 882 820 haec
903 770 965 836 cst,
988 763 1053 840 quia

47 842 84 903 de
110 851 211 902 ornatu
234 843 373 902 orationis
390 843 508 919 gravior
528 840 680 902 videbatur
702 842 786 902 locus
803 853 833 903 ει
849 845 951 904 maiori
971 847 1054 923 operi

46 927 251 987 reservandus.

456 1078 499 1127 DE
518 1077 644 1132 TROPIS.

132 1172 182 1233 Vl.
214 1173 355 1252 'lropus
377 1183 422 1233 εει
442 1173 524 1233 verbi
545 1174 594 1234 vel
616 1175 757 1234 sermonis
778 1176 929 1253 apropria
945 1176 1052 1253 signifi·

48 1260 162 1321 catione
179 1259 206 1317 in
223 1258 308 1318 aliam
324 1277 387 1318 cum
403 1259 509 1317 virtute
524 1259 651 1318 mutatio.
689 1255 774 1318 Girca
792 1277 877 1336 quem
891 1259 1051 1338 inexplica-

47 1342 115 1404 bilis
141 1352 169 1403 ει
190 1343 382 1419 grammaticis
411 1345 486 1401 inter
513 1343 596 1420 ipsos
619 1350 649 1402 et
671 1341 855 1421 philosophis
876 1360 972 1421 pugna
995 1352 1049 1419 est,

48 1445 125 1506 quae
146 1428 201 1486 sint
222 1444 346 1504 genera,
374 1443 448 1505 quac
471 1427 605 1504 species,
629 1427 677 1504 qui
697 1443 852 1501 numerus,
878 1427 926 1504 qui
947 1427 1051 1507 cuique

47 1511 225 1571 subiiciatur.
269 1510 331 1570 Nos
350 1511 480 1586 omissis,
503 1527 577 1587 quae
597 1509 666 1569 nihil
687 1510 723 1571 ad
739 1510 934 1569 instruendum
954 1518 1078 1570 orato-2

46 1614 110 1656 rem
122 1595 281 1672 pertinent,
300 1593 549 1670 cavillationibus,
572 1596 757 1654 necessarios
771 1594 894 1654 maxime
916 1603 1003 1672 atquo
1024 1596 1052 1653 in

45 1697 130 1740 usum
145 1687 282 1756 receptos
299 1697 489 1756 exequemur;
511 1676 584 1739 haec
598 1678 684 1738 modo
701 1678 730 1737 in
746 1678 790 1737 his
809 1686 964 1737 annotasse
984 1695 1051 1739 con·

46 1763 135 1838 tenti,
153 1761 291 1840 quosdam
306 1764 398 1839 gratia
414 1762 631 1839 significationis
645 1762 785 1840 quosdam
800 1762 916 1822 decoris
933 1763 1050 1837 assumi,

46 1856 77 1907 et
98 1863 164 1905 csse
188 1845 262 1905 alios
281 1847 309 1904 in
323 1845 421 1905 verbis
438 1848 564 1925 propriis
590 1847 663 1907 alios
684 1849 713 1906 in
732 1846 895 1922 translatis,
918 1847 1052 1925 vertique

46 1932 155 1991 formas
171 1946 228 2002 uon
238 1930 393 1989 verborum
407 1930 492 1990 modo
509 1932 562 1992 sed
577 1940 605 1991 et
624 1948 759 1991 sensuum
775 1939 805 1990 et
821 1930 1048 2008 compositionis.

46 2014 145 2088 Quare
162 2013 229 2073 milri
247 2014 380 2073 videntur
396 2032 528 2090 errasse,
554 2016 601 2093 qui
618 2032 675 2075 non
693 2014 766 2076 alios
790 2014 974 2075 crediderunt
990 2019 1078 2074 tro-3

47 2115 118 2177 poe,
142 2115 226 2175 quam
247 2099 274 2157 in
295 2097 397 2176 quibus
413 2099 533 2158 verbum
552 2116 606 2177 pro
624 2098 715 2159 verbo
735 2107 903 2177 poneretur.
948 2096 1052 2176 Neque

46 2181 118 2243 illud
134 2184 254 2258 ignoro,
277 2183 306 2241 in
321 2182 422 2241 iisdem
437 2182 515 2257 fere,
541 2183 589 2259 qui
604 2181 784 2258 significandi
799 2183 892 2258 gratia
915 2180 1051 2240 adhiben-

46 2275 109 2342 tur,
128 2283 195 2325 esse
211 2274 240 2324 et
252 2275 397 2334 ornatum;
417 2265 470 2324 sed
485 2282 540 2324 uon
557 2265 632 2324 idem
646 2265 760 2324 accidet
777 2274 894 2340 contra,
911 2273 1052 2342 eruutquc

46 2349 162 2428 quidam
179 2359 285 2409 tantum
300 2350 336 2410 ad
351 2350 481 2426 speciem
496 2348 715 2408 accommodati.

130 2433 300 2511 Incipiamus
324 2435 410 2510 igitur
433 2432 468 2492 ab
491 2449 544 2508 eo,
576 2433 624 2510 qni
645 2449 708 2491 cum
729 2430 979 2509 frequentissimus
1005 2435 1078 2490 asta

45 2528 104 2578 tum
126 2518 214 2593 longe
231 2517 459 2596 pulcherrimus,
486 2515 739 2575 translatione
762 2515 844 2591 dico,
876 2530 951 2592 quac
968 2534 1051 2591 μετα-

45 2597 126 2683 φορὰ
142 2601 254 2661 Graece
271 2609 402 2661 vocatur.
444 2599 526 2673 Quae
543 2600 657 2678 quidem
673 2617 736 2658 cum
752 2599 790 2658 ita
807 2608 852 2659 est
868 2597 903 2658 ab
920 2598 983 2675 ipsa
998 2612 1049 2655 no·

43 2687 89 2745 his
114 2702 255 2744 concessa
271 2694 388 2759 natura,
411 2692 442 2742 ut
458 2683 565 2743 indocti
582 2700 698 2761 quoque
714 2700 748 2742 ac
763 2699 820 2742 non
837 2681 996 2741 sentientes
1015 2695 1058 2740 ea·

43 2770 217 2846 frequenter
232 2777 361 2828 utantur:
382 2777 440 2826 tum
455 2768 493 2826 ita
509 2767 631 2827 iucunda
648 2776 734 2845 atque
749 2766 855 2841 nitida,
883 2774 914 2824 ut
936 2766 964 2824 in
985 2781 1049 2824 ora·

43 2855 125 2913 tione
141 2852 297 2931 quamlibet
316 2852 393 2912 clara
411 2853 531 2930 proprio
550 2860 644 2912 tamen
660 2851 766 2910 lumine
785 2849 909 2909 eluceat.
945 2847 1077 2926 Nequct

43 2938 120 2997 euim
145 2935 274 3013 vulgaris
298 2953 365 2995 esse
386 2952 481 3012 neque
505 2935 619 2996 humilis
641 2952 696 2994 nec
718 2934 844 2994 insuavis
865 2942 946 2993 recte
964 2932 1050 2992 modo

44 3022 137 3081 ascita
153 3028 261 3098 potest.
307 3017 426 3097 Gopiam
450 3035 566 3097 quoque
590 3019 731 3078 sermonis
751 3026 840 3094 auget
861 3015 1049 3095 permutando

43 3113 91 3164 aut
112 3104 282 3178 mutuando,
307 3122 382 3182 quae
401 3118 459 3161 uon
482 3102 583 3171 habet;
609 3102 745 3181 quodque
771 3101 969 3162 difficillimum
995 3108 1050 3176 est,

42 3196 191 3267 praestat,
205 3206 241 3246 ne
253 3187 304 3247 ulli
319 3189 361 3246 rei
372 3204 477 3246 nomen
488 3187 594 3247 deesse
609 3186 752 3246 videatur.
779 3184 964 3246 Transfertur
978 3200 1050 3261 ergo

43 3290 149 3331 nomen
161 3281 208 3330 aut
223 3271 344 3331 verbum
360 3287 446 3331 exeo
464 3271 548 3346 loco,
568 3271 596 3329 in
612 3287 669 3350 quo
688 3270 837 3349 proprium
852 3277 912 3344 est,
931 3269 959 3327 in
975 3286 1049 3343 eum,

44 3358 71 3414 in
91 3372 148 3433 quo
166 3364 213 3414 aut
230 3356 378 3433 proprium
394 3354 477 3414 deest
493 3362 541 3414 aot
556 3354 724 3415 translatum
741 3354 861 3432 proprio
877 3352 978 3411 melius
995 3359 1050 3410 est.

43 3439 74 3499 ld
94 3439 231 3513 iacimus,
251 3447 298 3497 aut
315 3440 380 3516 quia
400 3455 524 3498 necesse
539 3446 600 3516 est,
621 3447 669 3498 aut
684 3439 751 3518 quia
767 3437 972 3515 significantius
994 3444 1077 3512 est,t
