2566 4026
400 199 805 266 rusu.0nuuon.u1n.x1‚
821 196 847 250 3.
1068 187 1129 250 235

118 375 179 435 per
193 356 268 428 ltos;
289 371 344 432 epo
359 363 388 415 te
408 355 441 414 io
457 355 565 414 eodem
585 355 691 430 patrio
704 371 763 431 per
778 355 900 414 eosdem
917 355 1051 415 retinere
1065 374 1126 418 ooo

117 440 248 518 potero?
281 437 319 497 Et
343 456 406 497 cum
426 437 502 497 bona
524 433 556 494 0.
580 436 691 496 Rabirii
713 453 770 496 uno
791 437 929 496 sestertio
951 437 1074 498 addicit:
1097 436 1123 500 0

119 541 219 584 mecm
232 523 378 583 miserum
391 523 598 598 acerbumque
610 522 821 599 praeconium.
852 518 905 580 Illa
922 537 1039 598 quoque
1054 522 1126 580 mire
1135 531 1185 589 173

119 607 190 666 iacit
214 608 243 665 in
269 607 457 684 peroratione
482 605 562 665 velut
585 604 746 664 deficientis
775 603 880 664 dolore
901 612 931 663 et
952 603 1125 680 fatigatione

119 690 284 749 confessio:
308 698 340 749 ut
355 708 409 768 pro
425 689 529 749 eodem
545 686 670 765 Milone,
688 686 753 750 Sed
766 686 839 766 tinia
851 689 909 759 sit,·
929 690 1126 766 nequeenim

116 792 198 851 prce
212 774 351 834 lacrimis
370 775 434 835 iom
454 774 537 852 loqui
554 791 688 850 possum.
721 772 804 847 Quae
819 771 942 831 similem
957 771 1055 831 verbis
1074 771 1124 831 ha·

117 857 191 916 bere
207 856 315 917 dehent
330 859 416 917 etiam
429 857 699 936 pronuntiationem.
731 856 856 916 Possunt
871 855 963 915 videri
979 855 1036 916 alia
1052 861 1185 934 quo-174

119 959 177 1019 que
195 940 278 1000 huius
302 943 392 1019 partis
410 950 497 1019 atque
521 940 627 1001 officii:
652 958 721 1000 reos
743 940 893 1015 excitare,
911 956 1021 1018 pueros
1038 940 1123 1000 attol-

117 1025 197 1101 lere,
224 1027 406 1104 propinquos
429 1026 612 1103 producere,
635 1033 736 1084 vestes
758 1024 885 1092 laniare;
908 1024 962 1083 sed
983 1040 1037 1083 suo
1054 1024 1123 1084 loeo

116 1109 284 1169 dictasunt.

203 1190 240 1251 Et
261 1195 327 1271 quia
349 1193 378 1251 in
400 1191 530 1271 partibus
553 1210 658 1253 causae
681 1193 748 1253 talis
764 1200 810 1251 est
824 1191 965 1250 varietas:
987 1192 1056 1250 satis
1074 1207 1124 1269 ap·

116 1285 212 1355 paret,
225 1275 497 1337 accommodandam
509 1277 659 1336 sententiis
674 1277 746 1354 ipsis
759 1276 1031 1354 pronuntiationem,
1049 1275 1125 1334 sicut

116 1359 310 1429 ostendimus;
341 1360 395 1419 sed
417 1359 516 1419 verbis
539 1377 673 1438 quoque,
697 1359 775 1437 quod
797 1360 955 1420 novissime
982 1358 1122 1434 dixeram,

116 1460 175 1502 non
190 1461 308 1521 semper
323 1444 376 1503 sed
391 1443 555 1522 aliquando.
583 1443 629 1503 An
645 1460 702 1502 non
717 1443 776 1503 lroc
791 1443 926 1504 misellos
941 1450 970 1501 et
984 1452 1184 1519 pauper-175

117 1529 205 1589 eclam
220 1529 370 1588 summissa
387 1537 474 1606 atque
493 1536 658 1603 contracta,
673 1529 764 1607 [orda
777 1536 807 1587 et
823 1527 985 1589 medemena
1001 1534 1030 1585 et
1044 1528 1124 1588 latro

118 1620 218 1670 erecta
237 1620 266 1669 et
282 1613 425 1672 concitata
440 1629 516 1671 voce
534 1611 685 1673 dicendum
701 1608 766 1671 est?
795 1609 921 1671 Accedit
937 1610 1012 1670 enlm
1029 1610 1074 1669 vis
1094 1618 1124 1670 et

116 1695 281 1772 proprietas
298 1694 386 1754 rebus
401 1696 451 1756 tali
469 1696 683 1774 astipulatione,
703 1713 778 1774 quae
794 1695 848 1754 nisi
864 1695 950 1754 assit:
970 1692 1047 1754 aliud
1062 1711 1123 1754 vox

115 1778 192 1838 aliud
205 1779 313 1837 animus
327 1779 470 1839 ostendat.
503 1777 599 1854 Quid?
614 1779 692 1858 quod
707 1779 809 1840 eadem
824 1777 916 1838 verba
931 1786 1038 1838 mutata
1055 1783 1183 1855 pro-176

114 1862 292 1921 nuntiatione
307 1863 443 1940 indicant,
461 1863 612 1939 affirmant,
632 1863 821 1943 exprobrant,
837 1871 956 1940 negant,
972 1862 1122 1938 mirantur,

113 1946 313 2022 indignantur,
329 1949 519 2025 interrogant,
534 1950 664 2025 irrident,
681 1944 818 2008 elevant?
849 1945 945 2007 Aliter
960 1947 1035 2006 euim
1049 1946 1123 2005 dici·

115 2039 175 2087 tur:
201 2027 245 2088 Tm
260 2031 333 2089 miti
348 2032 548 2109 quodeunque
562 2032 619 2093 ltoe
639 2035 729 2110 requi
746 2041 775 2091 et
791 2027 954 2092 Cantando
967 2030 1124 2091 tuillium?

115 2120 145 2169 et
164 2109 248 2171 Tune
264 2112 315 2171 iile
332 2109 475 2173 Aeaeos?
494 2121 524 2172 et
539 2112 649 2192 Meque
662 2116 778 2176 timoris
792 2111 898 2192 Arpoe
913 2121 962 2190 tat,
984 2111 1121 2174 Drance.

114 2194 153 2253 Et
175 2210 212 2251 ne
232 2210 347 2271 morer,
368 2197 442 2254 intra
465 2213 498 2254 se
515 2198 638 2274 quisque
654 2197 703 2257 vel
719 2196 776 2256 hoe
790 2195 839 2255 vel
857 2196 952 2271 aliud,
975 2196 1054 2273 quod
1069 2213 1122 2256 vo·

114 2279 173 2353 let,
189 2295 244 2355 per
261 2295 360 2336 omnes
382 2278 504 2338 allectus
519 2288 633 2347 versem
660 2297 760 2339 verum
781 2297 865 2354 esse,
888 2278 966 2356 quod
988 2277 1120 2356 dicimus,

115 2363 199 2421 solet.

206 2443 299 2504 Unum
311 2447 366 2505 iarn
381 2446 426 2505 his
441 2444 631 2506 adiiciendum
646 2454 701 2521 est,
719 2464 782 2505 cum
794 2447 955 2524 praecipue
966 2445 995 2502 iu
1007 2445 1122 2504 actione
1131 2446 1182 2503 177

118 2538 271 2608 spectetur
299 2530 403 2590 decor:
431 2547 521 2608 saepe
544 2529 647 2590 aliud
668 2529 767 2590 alios
791 2529 936 2590 decere.
970 2526 1025 2588 Est
1047 2529 1122 2588 enirn

117 2614 211 2673 latens
229 2614 369 2691 quaedam
386 2615 415 2673 iu
432 2613 489 2674 hoc
509 2615 582 2674 ratio
599 2623 629 2675 et
643 2613 859 2683 inenarrabilis3
881 2622 910 2673 et
930 2621 961 2672 ut
975 2630 1048 2672 vere
1064 2613 1122 2672 hoc

115 2697 223 2757 dictum
239 2707 294 2773 est,
313 2707 400 2776 eaput
415 2716 492 2774 esse,
510 2699 618 2760 decere
634 2699 712 2778 quod
726 2699 831 2760 iacias:
847 2700 887 2758 ita
902 2699 931 2758 id
946 2714 1041 2775 neque
1058 2698 1122 2756 sine

115 2790 179 2840 arte
201 2799 269 2840 esse
291 2800 387 2860 neque
408 2791 499 2842 totum
517 2791 578 2842 arte
594 2785 668 2844 tradi
684 2791 791 2861 potest.
830 2781 863 2841 ln
878 2781 1047 2861 quibusdam
1063 2781 1181 2839 vir-liii

114 2873 192 2924 tutes
208 2882 266 2923 non
282 2865 390 2927 habent
406 2868 543 2944 gratiam,
566 2869 595 2926 in
611 2866 781 2945 quibusdam
795 2868 865 2926 vitia
879 2868 943 2944 ipsa
959 2864 1119 2925 delectant.

113 2945 254 3008 llaxinros
277 2960 394 3010 actores
424 2951 653 3027 comoediarum,
681 2951 860 3010 Demetrium
888 2958 917 3010 et
941 2948 1119 3026 Stratoclea,

112 3030 234 3108 plaeere
253 3032 376 3093 diversis
397 3034 548 3095 virtutihus
565 3036 697 3096 vidimus.
730 3036 789 3097 Sed
807 3034 877 3094 illud
899 3035 991 3094 minus
1006 3033 1118 3109 mirum,

114 3113 194 3190 quod
217 3115 290 3175 alter
315 3118 387 3178 deos
409 3127 439 3178 et
458 3120 579 3179 iuvenes
604 3128 633 3178 et
658 3119 753 3180 honos
780 3126 879 3197 patres
901 3134 1064 3194 servosque
1089 3124 1119 3176 et

113 3204 260 3256 matronas
277 3209 425 3277 etgraves
442 3221 511 3263 anus
528 3204 653 3282 optime,
675 3203 750 3263 alter
768 3220 852 3262 acres
872 3218 977 3274 senes,
995 3200 1117 3260 callidos

113 3296 235 3356 servos,
260 3286 419 3361 parasitos,
442 3287 564 3347 lenones
579 3295 609 3346 et
625 3287 719 3347 omnia
735 3287 888 3363 agitatiora
908 3285 1023 3345 melius.
1055 3282 1123 3344 Fuit

113 3362 190 3422 enim
211 3372 311 3425 natura
336 3365 464 3438 diversa;
489 3388 554 3430 nam
574 3388 634 3430 vox
656 3387 772 3448 quoque
793 3368 935 3429 Demetrii
955 3368 1118 3444 iucundior,

112 3446 191 3508 illius
208 3449 304 3507 acrior
321 3458 392 3510 erat.
427 3450 617 3514 dunctandae
638 3455 777 3513 memoria
798 3454 890 3530 magis
908 3454 1117 3532 proprietates,
1127 3453 1180 3511 179
