2566 4026
152 111 194 172 56
465 123 501 169 m.
524 121 603 168 rae.
627 120 847 179 omuurnraur

153 276 207 338 bus
229 278 305 337 curis
326 275 414 336 horas
436 272 613 355 partiamur?
637 292 701 334 cum
722 276 895 353 praesertim
917 276 1030 336 reliciat
1050 278 1160 340 animos

154 380 188 422 ac
209 370 327 439 reparet
341 362 468 421 varietas
484 362 564 438 ipsa,
595 367 755 436 contraque
777 360 814 419 sit
842 359 990 438 aliquanto
1011 360 1160 423 difficilius

152 447 181 505 in
203 443 305 505 labore
323 461 381 504 uno
401 461 603 523 perseverare.
648 441 719 502 ldeo
739 452 769 502 et
793 443 876 503 stilus
896 444 1024 504 lectione
1043 449 1159 526 requie·

125 531 224 605 fiscit,
249 538 277 588 et
299 530 390 607 ipsius
413 528 549 588 lectionis
572 527 697 588 taedium
726 526 840 586 vicibus
863 527 985 588 levatur.
1032 529 1160 603 Quamli-

152 613 203 673 bet
224 612 313 671 multa
341 613 502 690 egerimus,
528 612 652 690 quodam
675 620 771 670 tamen
791 611 878 671 modo
903 621 1040 672 recentes
1063 632 1161 674 sumus

153 696 237 757 adid
257 696 334 774 quod
356 697 515 775 incipimus.
563 696 633 770 Quis
653 712 711 755 non
725 694 844 755 obtundi
860 705 976 774 potest,
1002 698 1027 755 si
1048 715 1102 776 per
1118 709 1161 758 to-

152 789 211 840 tum
233 779 309 839 diem
333 782 530 859 cuiuscunque
554 781 623 839 artis
644 798 729 839 unum
749 781 917 856 magistrum
941 777 1037 841 ferat?
1070 781 1161 842 llluta·

153 865 232 924 tione
255 864 435 948 recreabitur
457 866 532 924 sicut
548 865 576 922 in
592 863 681 940 cibis,
707 881 828 942 quorum
848 864 1016 925 diversitate
1033 866 1162 926 reficitur

125 948 318 1009 ostomachus
348 958 377 1008 et
406 948 537 1028 pluribus
568 948 678 1007 minore
704 947 819 1008 fastidio
843 948 937 1008 alitur.
983 949 1042 1008 Aut
1065 950 1162 1010 dicant

152 1033 200 1091 isti
218 1032 303 1109 mibi,
328 1051 402 1111 quae
421 1034 458 1092 sit
481 1032 537 1093 alia
554 1034 628 1093 ratio
646 1032 787 1092 discendi.
830 1031 1022 1092 Grammatico
1038 1033 1096 1093 soli
1112 1035 1161 1094 de·

153 1117 329 1192 serviamus,
363 1116 467 1177 deinde
493 1125 663 1195 geometrae
691 1125 815 1176 tantum:
854 1117 1018 1176 omittamus
1048 1119 1162 1177 interim

154 1200 403 1278 quoddidicimus;
417 1220 485 1262 mox
496 1211 675 1261 transeamus
685 1200 720 1260 ad
729 1200 884 1260 musicum:
899 1200 1035 1260 excidant
1046 1204 1160 1279 priora;

154 1293 184 1343 et
206 1302 270 1344 cum
281 1285 387 1344 Latinis
401 1285 579 1345 studebimus
595 1286 717 1360 litteris,
735 1301 793 1344 uon
812 1285 1004 1362 respiciamus
1021 1285 1056 1345 ad
1072 1285 1161 1345 Grae·

155 1385 219 1437 cas;
244 1379 289 1444 et,
313 1379 344 1429 ut
369 1369 462 1429 semel
485 1370 590 1445 finiam,
625 1369 696 1429 nibil
718 1369 857 1430 iaciamus
878 1369 933 1427 nisi
955 1366 1160 1429 norissimuml

124 1448 212 1514 icor
231 1470 289 1512 non
310 1453 387 1513 idem
409 1452 564 1513 suademus
580 1452 734 1528 agricolis:
757 1471 794 1512 ne
813 1471 882 1513 arva
897 1453 982 1513 simul
1005 1460 1035 1512 et
1060 1454 1160 1516 vincta

154 1543 182 1594 et
198 1535 279 1595 oleas
303 1545 332 1594 et
349 1536 495 1595 arbustum
515 1536 627 1605 colant;
652 1553 689 1596 ne
711 1538 802 1615 pratis
822 1546 852 1595 et
873 1536 1031 1615 pecoribus
1047 1546 1077 1597 ct
1093 1537 1161 1597 hor·

152 1618 189 1677 tis
208 1628 237 1678 et
259 1619 423 1679 alvearibus
446 1619 605 1698 avibusque
622 1620 842 1680 accommodent
865 1617 982 1680 curam?
1024 1618 1082 1680 Cur
1104 1622 1162 1700 ipsi

153 1700 260 1781 aliquid
277 1701 442 1762 forensibus
460 1705 604 1781 negotiis,
628 1703 737 1782 aliquid
754 1704 907 1764 desideriis
923 1705 1091 1779 amicorum,
1109 1705 1161 1765 ali·

154 1786 222 1864 quid
244 1787 404 1848 rationibus
420 1788 604 1863 domesticis,
632 1788 739 1866 aliquid
762 1806 849 1848 curae
871 1790 1016 1868 corporis,
1031 1787 1162 1849 nonnihil

152 1870 349 1949 voluptatibus
366 1872 472 1931 cotidie
495 1868 617 1933 damus?
647 1890 766 1949 quarum
789 1889 843 1932 nos
863 1892 919 1933 una
941 1890 989 1932 res
1013 1871 1163 1951 quaelibet

152 1954 224 2015 nilril
247 1956 468 2016 intermittentes
491 1956 638 2034 fatigaret.
685 1956 768 2016 Adeo
793 1956 909 2018 facilius
937 1966 982 2017 est
1004 1957 1093 2017 multa
1119 1956 1161 2016 ia·

155 2056 224 2098 cere
244 2057 329 2118 quam
349 2040 406 2099 diu.

126 2130 145 2185 8
238 2121 313 2184 lllud
340 2123 455 2203 quidem
479 2124 592 2184 minime
615 2124 773 2184 verendum
793 2134 855 2201 est,
887 2143 923 2185 ne
946 2125 1077 2186 laborem
1102 2134 1158 2184 stu‹

152 2207 263 2267 diorum
283 2208 366 2286 pueri
388 2207 533 2268 difficilius
549 2209 687 2284 tolerent,
711 2211 902 2287 nequeenim
925 2209 984 2269 ulla
1008 2218 1089 2269 aetas
1108 2209 1158 2268 mi·

151 2309 204 2350 nus
226 2291 372 2368 fatigatur.
417 2290 518 2350 Mirum
534 2294 572 2352 sit
593 2293 725 2368 forsitan,
750 2294 803 2355 sed
821 2295 1028 2372 experimentis
1054 2293 1159 2371 depre-

123 2374 271 2437 9bendas.
316 2375 389 2435 Nam
412 2385 440 2436 et
464 2375 607 2438 dociliora
627 2386 693 2437 sunt
718 2379 850 2456 ingenia,
875 2380 1043 2458 priusquam
1070 2377 1159 2436 obdu·

152 2467 279 2518 ruerunt.
325 2458 357 2519 ld
372 2461 421 2521 vel
441 2458 499 2520 boc
517 2471 686 2540 argumento
701 2471 798 2540 patet,
817 2463 894 2541 quod
913 2464 986 2522 intra
1002 2461 1159 2537 biennium,

153 2561 239 2622 quam
264 2543 355 2602 verba
386 2554 469 2605 reete
496 2544 624 2606 formare
652 2554 823 2625 potuerunt,
857 2546 986 2623 quamvis
1013 2543 1094 2601 nullo
1118 2547 1159 2601 in·

153 2635 267 2704 stante,
292 2629 469 2689 omniafere
493 2629 664 2709 loquuntur;
690 2638 719 2689 at
743 2629 866 2702 noviciis
887 2628 992 2686 nostris
1013 2644 1067 2703 per
1088 2634 1160 2702 quot

154 2728 244 2772 annos
260 2729 357 2790 sermo
376 2712 493 2773 Latinus
515 2712 675 2791 repugnat!
719 2711 812 2789 Magis
834 2711 929 2784 scias,
953 2711 1082 2787 siquem
1103 2711 1158 2768 iam

151 2795 300 2855 robustum
321 2798 472 2856 instituere
494 2795 597 2856 litteris
622 2795 777 2874 coeperis,
806 2811 864 2854 non
891 2795 953 2853 sine
987 2811 1074 2852 causa
1101 2794 1159 2853 dici

151 2880 347 2958 παιδομαθεῖς
370 2897 439 2957 eos,
467 2881 515 2959 qui
541 2881 570 2938 in
594 2897 646 2940 sua
676 2879 802 2957 quidque
825 2887 887 2938 arte
908 2879 1015 2958 optime
1038 2878 1157 2938 faciant.

112 2960 188 3026 rom
209 2964 366 3040 patientior
382 2973 427 3024 est
446 2964 555 3024 laboris
576 2972 676 3024 natura
693 2964 792 3042 pueris
810 2981 895 3042 quam
913 2962 1075 3022 iuvenibus.
1107 2961 1157 3020 Vi·

152 3044 270 3122 delicet,
293 3057 325 3107 ut
347 3066 472 3127 corpora
495 3049 643 3108 infantium
662 3066 717 3107 nec
734 3065 838 3123 casus,
868 3066 925 3127 quo
943 3048 1092 3106 interram
1113 3055 1157 3105 to-

151 3129 225 3187 tiens
249 3130 433 3208 deferuntur,
457 3142 514 3192 tam
533 3135 662 3210 graviter
682 3132 804 3192 aldictet
828 3150 884 3193 nec
906 3132 958 3193 illa
983 3150 1037 3211 per
1056 3148 1157 3190 manus

152 3221 181 3272 et
209 3231 305 3290 genua
331 3218 458 3295 reptatio
482 3235 538 3277 nec
565 3225 633 3296 post
659 3215 751 3276 breve
779 3226 892 3295 tempus
921 3216 1048 3276 continui
1076 3215 1157 3274 lusus

152 3303 180 3355 et
205 3299 293 3356 totius
316 3299 372 3358 diei
397 3301 560 3378 discursus,
585 3301 651 3380 quia
673 3300 786 3379 pondus
814 3301 872 3362 illis
903 3300 987 3360 abest
1008 3317 1063 3359 nec
1088 3315 1157 3359 sese

151 3380 206 3458 ipsi
228 3391 365 3458 gravant:
389 3385 433 3444 sic
448 3385 532 3444 animi
553 3402 688 3465 quoque,
712 3385 818 3461 credo,
838 3385 903 3463 quia
920 3385 1031 3443 minore
1051 3389 1156 3444 conatu
