2566 4026
214 177 273 239 130
523 190 560 238 rr.
582 188 662 237 rae.
685 187 906 248 ammomum

168 348 273 411 ttolso
296 345 372 406 malo
395 345 481 422 cive)
503 344 532 402 iu
547 345 709 403 coniunctis
726 359 798 401 vero
820 338 912 421 posse
930 351 959 402 et
975 342 1048 404 duos
1064 351 1094 402 et
1110 345 1162 402 tris
1177 346 1220 404 iu-

211 431 305 490 veniri
320 428 369 488 vel
384 428 529 501 diversos,
545 435 576 485 ut
592 428 694 504 siquis
709 425 787 486 aliud
804 444 838 486 se
852 443 910 486 uon
921 426 1031 487 fecisse
1047 426 1125 486 aliud
1137 438 1220 488 recte

212 514 321 574 iecisse
338 510 490 578 delendat;
509 509 558 570 vel
573 512 691 587 generis
708 509 849 585 eiusdem,
867 519 898 569 ut
913 511 938 570 si
956 511 1020 589 quis
1033 510 1089 570 duo
1103 513 1220 575 crimina

169 605 312 674 abneget.
358 594 444 669 Quod
466 593 571 654 accidit
593 596 694 670 etiam,
718 595 743 652 si
767 592 804 652 de
826 611 931 654 unare
953 602 1108 673 quaeratur
1124 595 1220 673 aliqua

212 680 345 740 sedeam
365 679 466 757 plures
486 686 601 755 petant,
624 676 672 736 vel
695 676 798 737 eodem
823 680 886 737 iure
907 686 938 737 ut
957 679 1150 756 proximitatis
1171 680 1219 743 vel

212 764 343 838 diverso,
359 771 390 822 ut
406 781 470 822 cum
484 761 531 821 hic
541 769 715 821 testamento
728 760 778 820 ille
789 763 975 840 proximitate
987 764 1103 822 uitetur.
1139 763 1217 837 Quo·

212 850 287 907 tiens
303 856 398 906 autem
416 845 494 905 aliud
509 845 558 905 alii
576 847 694 922 petitori
712 847 885 922 opponitur,
902 846 1058 906 dissimiles
1077 864 1145 906 esse
1161 857 1217 907 sta·

169 939 257 996 attus
273 947 400 991 necesse
416 938 472 1005 est,
489 937 520 988 ut
536 930 565 988 in
579 928 631 988 illa
650 930 866 989 controversia:
890 927 1083 991 Testamenta
1100 932 1219 1008 lepibos

209 1017 299 1094 facto
319 1021 393 1075 rato
414 1015 482 1076 aiot.
528 1010 747 1074 intestatorum
766 1014 943 1091 parentium
969 1014 1061 1076 liberi
1086 1015 1220 1076 decedes

211 1100 282 1160 siut.
323 1095 495 1160 Abdicatus
514 1117 554 1158 oe
575 1098 709 1174 quidde
729 1097 1069 1176 bouitpctn'ecttpiot.
1102 1096 1220 1183 Notbue

211 1191 283 1245 acte
299 1182 463 1261 lept'b'mum
485 1189 579 1242 cotue
601 1183 752 1260 lepitr'mus
774 1180 857 1260 filius
886 1182 941 1257 eit,
964 1191 1033 1260 poet
1051 1183 1217 1260 lepitimum

211 1276 304 1329 natue
321 1274 437 1328 tontum
456 1267 541 1327 ciete
578 1262 618 1326 Ic
635 1266 830 1344 adoptionem
846 1267 926 1326 dare
939 1267 1040 1329 liceat.
1079 1265 1119 1327 Io
1139 1269 1217 1328 cdo-

208 1352 341 1430 ptiouem
364 1352 438 1412 doto
452 1351 558 1413 redire
576 1351 609 1411 in
627 1351 779 1428 familiam
797 1351 901 1426 liceat,
927 1351 956 1410 ei
973 1358 1066 1428 poter
1086 1358 1217 1411 natura-

170 1436 251 1500 9ib'e
270 1437 337 1495 eice
358 1435 463 1495 liberie
485 1436 661 1495 decesserat.
711 1432 766 1506 Qut
788 1452 826 1494 ex
849 1433 961 1493 duobus
986 1434 1123 1510 legitimis
1145 1435 1216 1494 alte

212 1536 275 1577 rum
289 1520 318 1577 iu
335 1517 522 1594 adoptionem
537 1516 658 1576 dederat
672 1517 793 1576 alterum
809 1516 1012 1593 abdicaverat,
1033 1517 1149 1577 sustulit
1166 1535 1216 1577 uo·

212 1600 306 1669 tlrum;
330 1602 459 1660 instituto
483 1599 594 1660 herede
617 1599 751 1660 abdicato
773 1600 912 1669 decessit.
958 1601 1032 1661 'l'res
1057 1618 1157 1661 omues
1180 1602 1217 1661 de

212 1684 297 1757 bouis
313 1684 497 1744 contendunt.
527 1683 661 1760 Nothum,
679 1685 727 1761 qui
744 1700 802 1742 nou
820 1686 857 1744 sit
872 1684 1029 1762 legitimus,
1047 1685 1151 1746 Graeci
1166 1703 1216 1744 vo-

213 1776 293 1837 eaut;
318 1766 446 1828 Latinum
471 1769 514 1827 rei
530 1785 650 1842 nomeu,
673 1777 704 1826 ut
727 1765 798 1826 Cato
818 1785 935 1847 quoque
952 1772 982 1828 iu
999 1771 1130 1829 oratione
1148 1787 1215 1846 qua·

212 1852 276 1911 dam
298 1860 420 1911 testatus
443 1860 504 1927 est,
532 1869 589 1910 uon
616 1850 754 1911 habemus
775 1851 903 1931 ideoque
924 1855 1029 1913 utimur
1048 1855 1215 1931 peregrino.

170 1934 271 2001 98Sed
287 1935 322 1995 ad
340 1937 530 2015 propositum.
561 1934 669 1995 Heredi
685 1936 795 2013 scripto
818 1938 975 2014 opponitur
991 1937 1057 2011 lex,
1078 1934 1216 1997 Abdico—

213 2030 262 2081 tus
282 2039 321 2081 cc
340 2020 416 2097 quid
433 2021 473 2080 dc
493 2020 581 2080 boot'e
599 2021 703 2098 patrie
725 2021 850 2098 capiat·
878 2020 909 2079 lit
934 2029 1026 2079 status
1056 2020 1157 2097 scripti
1188 2029 1217 2078 et

210 2103 382 2179 voluntatis,
410 2121 452 2163 oo
473 2104 536 2165 cllo
556 2103 644 2164 modo
663 2121 778 2181 capere
794 2106 914 2183 poerit?
939 2123 982 2166 cu
1005 2122 1045 2164 ec
1065 2105 1218 2165 volontate

208 2189 334 2266 patris?
354 2205 396 2247 cn
410 2186 501 2249 beree
513 2189 670 2265 scriptus?
697 2185 795 2246 Notho
811 2187 921 2267 duplex
932 2188 963 2247 lit
975 2189 1118 2265 quaestio,
1138 2185 1215 2264 quod

211 2280 280 2349 post
301 2270 447 2347 legitimos
468 2280 551 2330 uatus
573 2273 610 2331 sit
632 2279 661 2329 et
678 2270 755 2348 quod
777 2291 838 2334 ooo
853 2274 890 2332 sit
908 2280 979 2334 cote
993 2271 1151 2348 legitimum
1166 2289 1215 2329 ua-

170 2360 267 2418 99tus.
301 2353 384 2414 Prior
402 2353 596 2432 syllogismon
619 2354 723 2429 habet,
750 2373 793 2416 cra
817 2375 878 2434 pro
892 2375 953 2417 corr
974 2357 1057 2417 uotis
1077 2357 1137 2416 siut
1159 2356 1215 2415 bo-

212 2440 321 2513 becde',
346 2439 398 2516 pct'
418 2456 439 2496 o
455 2439 577 2516 familia
593 2448 664 2500 eunt
689 2441 838 2501 alleuati?
885 2438 987 2500 Altera
1015 2448 1043 2498 et
1064 2439 1165 2516 scripti
1187 2446 1216 2496 et

211 2522 378 2582 uoluntatis.
410 2521 475 2581 Nou
496 2541 563 2582 esse
581 2525 656 2582 euim
671 2522 746 2582 hunc
767 2532 863 2582 natum
886 2532 953 2581 aute
972 2522 1131 2598 legitimum
1147 2538 1215 2580 cou-

211 2609 302 2681 venit,
320 2605 371 2665 sed
384 2606 532 2666 voluntate
545 2606 619 2683 legis
632 2624 666 2664 se
679 2605 814 2682 tuebitur,
828 2622 912 2683 quam
924 2605 1000 2664 dicet
1012 2604 1099 2663 talem
1110 2604 1213 2676 luisse,

212 2700 243 2748 ut
258 2690 404 2766 legitimus
421 2698 501 2748 esset
516 2690 620 2748 nothus
635 2697 703 2747 tunc
719 2696 819 2764 uatus,
842 2705 906 2747 cum
929 2686 1002 2746 alius
1026 2686 1170 2762 legitimus
1186 2688 1215 2744 iu

171 2773 314 2836 100domo
338 2790 396 2831 uon
419 2781 509 2832 esset.
548 2773 692 2849 Scriptum
712 2787 829 2849 quoque
852 2771 928 2847 legis
944 2768 1081 2829 excludet
1100 2768 1212 2844 dicens,

211 2855 280 2918 Non
297 2859 419 2935 utique,
441 2859 470 2917 oi
483 2864 592 2935 posteo
613 2856 763 2933 lepitimce
783 2863 875 2916 natue
892 2872 953 2915 ooo
970 2854 1026 2925 sit,
1050 2854 1140 2914 ootbo
1160 2872 1213 2914 oo-

213 2960 300 3010 cerc;
328 2949 483 3019 uteturque
504 2940 561 3000 hoc
582 2947 767 3016 argumento:
795 2936 891 3017 Fiopc
914 2939 1011 2999 solum
1036 2945 1141 2997 natum
1163 2955 1214 2998 uo·

212 3024 311 3102 tbcm,
339 3027 427 3086 coice
450 3024 640 3086 condicionis
658 3024 738 3084 erit?
775 3020 904 3084 Tantum
930 3021 1029 3083 doio?
1050 3021 1137 3097 atqui
1155 3040 1215 3080 oon

212 3110 271 3168 erit
288 3118 359 3186 post
381 3109 544 3188 teptttmum
566 3114 668 3170 octus.
708 3104 829 3167 Fatuus?
856 3107 943 3184 atqui
968 3123 1030 3166 ooo
1058 3104 1116 3165 crit
1143 3113 1216 3165 aute

212 3192 359 3268 lepitimoe
377 3199 478 3254 octor.
524 3188 630 3265 Quare
654 3195 683 3251 ei
702 3191 806 3252 verbis
830 3191 906 3269 lepte
926 3191 1006 3251 stari
1026 3207 1088 3250 noo
1106 3197 1215 3266 potest,

173 3285 222 3336 101
234 3275 386 3338 voluntate
405 3276 549 3338 standum
569 3285 623 3337 eet.
667 3272 732 3335 Nec
754 3292 925 3353 quemquam
947 3273 1059 3348 turbet,
1079 3271 1156 3350 quod
1178 3290 1216 3331 ex

214 3375 268 3416 uua
284 3359 352 3435 lege
367 3360 424 3419 duo
442 3368 532 3420 status
548 3360 629 3425 liant:
654 3359 762 3439 duplex
778 3367 839 3436 est,
856 3360 895 3418 ita
909 3360 967 3418 vim
981 3359 1100 3419 duarum
1117 3356 1214 3416 habet.

214 3440 322 3501 Redire
335 3444 364 3500 in
378 3443 512 3503 familiam
528 3444 638 3503 volenti
655 3444 757 3503 dicitur
773 3442 808 3503 ab
830 3442 923 3504 altero
940 3445 1076 3523 primum,
1103 3439 1140 3501 Ut
1162 3440 1215 3500 tibi
