2566 4026
379 157 469 206 msn.
486 157 636 207 aaaron.
652 155 842 226 mn.v11,9.
1073 149 1113 212 39

113 315 237 392 quidam
247 314 336 375 iussit
346 316 421 393 pomi
430 319 563 375 statuam
575 330 704 376 auream
715 313 835 375 bustam
845 320 1003 377 tenentem.
1020 315 1115 389 Quae-

113 401 196 472 ritur,
218 406 311 458 statua
326 397 436 458 hastam
452 407 554 456 tenens
570 415 659 457 aurea
677 414 744 456 εεεε
760 396 880 472 debeat,
902 415 937 457 an
950 398 1032 459 basta
1047 419 1116 461 esse

113 498 197 541 aurea
214 483 241 540 in
253 491 347 542 statua
362 481 481 542 alterius
497 479 658 540 materiae?
674 479 720 540 Fit
734 498 789 558 per
800 479 907 541 flexum
918 481 995 542 idem
1006 485 1114 561 magis:

158 561 385 643 Quinquapiata
400 567 453 627 ubi
472 573 561 625 eraut
578 573 698 625 cautum
711 566 785 625 iude
800 566 914 626 occidit
928 563 1072 629 Achilles.

114 647 226 724 Saepe,
248 651 304 708 utri
324 648 444 708 duorum
466 647 697 708 antecedentium
714 664 810 707 sermo
826 647 994 709 subiunctus
1011 652 1063 726 sit,
1089 652 1145 717 ina

113 730 199 790 dubio
222 742 279 792 est:
309 733 385 792 unde
406 742 435 792 ει
460 733 675 809 controversia,
700 729 799 793 Heres
814 751 901 793 meas
920 736 1012 794 uaori
1031 753 1118 797 meae

114 816 194 876 dare
210 816 341 878 damnas
356 823 419 878 esto
439 817 576 895 arpenti,
598 819 681 893 quod
701 816 841 893 adederit,
862 819 966 895 ponda
988 828 1116 884 centum.

112 897 184 958 Uter
200 897 305 975 eligat,
321 902 477 978 quaeritur.

197 981 306 1041 Verum
319 984 363 1060 id,
381 983 458 1061 qnod
474 1001 511 1042 ex
528 982 572 1043 his
587 982 708 1061 primum
727 991 787 1057 εει,
809 983 966 1044 mutatione
987 1002 1116 1060 casuum,

113 1083 239 1145 sequens
261 1065 402 1127 divisione
418 1067 573 1127 verborum
593 1076 640 1127 ant
653 1066 841 1128 translatione
857 1067 1040 1143 emendatur,
1058 1076 1117 1128 ter·

113 1151 182 1209 tium
205 1148 378 1210 adiectione.
429 1150 596 1210 Accusativi
622 1152 816 1227 geminatione
843 1151 919 1211 iacta
943 1151 1117 1230 amphibolia
1127 1164 1160 1218 10

114 1233 237 1293 solvitur
248 1232 392 1308 ablativo,
410 1243 440 1293 ut
454 1233 540 1310 illud,
553 1232 717 1296 Lachetem
727 1235 836 1296 audivi
848 1237 1039 1313 percussisse
1053 1234 1116 1298 De-

113 1336 219 1393 meam,
242 1317 307 1393 liet,
341 1337 362 1379 a
376 1315 509 1380 Lachete
525 1337 710 1397 percussam
722 1317 870 1381 Demeam.
910 1317 969 1379 Sed
991 1317 1116 1379 ablativo

113 1402 186 1479 ipsi,
209 1402 282 1460 utin
298 1403 388 1480 primo
405 1402 541 1479 diximus,
561 1403 635 1461 inest
649 1401 787 1463 naturalis
802 1401 987 1481 amphibolia.
1029 1398 1117 1467 Coelo

114 1487 253 1546 decurrit
273 1494 396 1564 aperto:
418 1495 511 1546 utrum
525 1504 580 1563 per
600 1494 730 1564 apertum
746 1485 877 1561 coelum,
896 1504 932 1546 an
949 1504 1012 1546 cnm
1033 1504 1117 1565 aper·

114 1579 172 1629 tum
195 1578 284 1629 εεεει.
323 1570 436 1630 Divisio
452 1571 645 1648 respiratione
663 1579 693 1630 ει
713 1586 794 1631 mora
814 1578 943 1630 constat:
972 1578 1118 1648 statuam,
1127 1583 1160 1637 ll

114 1651 218 1713 deinde
240 1671 369 1715 auream
389 1654 528 1724 bartam·
553 1652 602 1713 vel
623 1663 756 1719 statuam
773 1672 918 1730 auream,
942 1652 1045 1714 deinde
1062 1655 1119 1716 tc-

116 1746 203 1798 etam.
252 1736 388 1797 Adiectio
404 1736 469 1798 talis
486 1746 546 1814 εει,
563 1747 740 1816 arpentum,
757 1742 839 1816 quod
853 1739 979 1817 deperit
992 1741 1073 1817 ipse,
1089 1747 1120 1797 ut

114 1819 201 1881 heres
220 1821 412 1898 intelligatur;
432 1821 482 1881 vel
496 1823 581 1901 ipsa,
599 1829 630 1881 ut
645 1838 728 1881 uxor.
773 1822 947 1883 Adiectione
967 1822 1044 1883 facta
1059 1839 1117 1883 am·

114 1903 260 1983 phibolia‚
281 1905 375 1983 qualis
396 1906 449 1981 sit,
472 1903 536 1967 Nos
550 1902 657 1983 Ileates
675 1906 744 1967 illas
765 1907 1040 1987 deprehendimus,
1067 1904 1116 1965 de·

114 1989 256 2048 tructione
283 1988 425 2049 solvetur.
470 1989 602 2050 Pluribus
630 1989 728 2050 verbis
754 1991 975 2065 emendandum,
1003 1988 1052 2049 ubi
1077 1989 1116 2065 ld,
1130 1993 1160 2046 la

116 2071 211 2150 quod,
231 2089 288 2150 quo
308 2073 468 2148 referatur,
492 2072 607 2133 dubium
626 2083 687 2151 est,
715 2082 744 2134 et
764 2077 858 2153 ipsum
877 2084 923 2135 εει
943 2073 1117 2150 ambiguum.

115 2155 213 2218 Heres
236 2175 322 2217 meas
347 2159 427 2218 dare
446 2157 492 2217 r'lb'
514 2159 647 2218 damnas
670 2164 733 2219 esto
754 2160 857 2220 amaia
877 2176 946 2219 saa.
988 2157 1020 2218 ln
1040 2157 1118 2236 quod

116 2257 207 2318 genus
223 2241 322 2300 incidit
337 2239 442 2301 Cicero
456 2239 580 2319 loquens
598 2242 635 2303 de
651 2238 683 2300 (l.
701 2240 819 2302 Fannio.
860 2240 894 2303 Is
912 2243 1014 2303 soceri
1033 2242 1120 2302 iusti·

115 2333 193 2399 tuta,
223 2340 328 2402 quem,
361 2326 436 2404 quia
462 2332 620 2403 cooptatus
646 2327 679 2387 ia
699 2322 859 2403 Aupurum
882 2325 1040 2403 collectum
1059 2344 1121 2386 aaa

115 2417 200 2483 erat,
227 2426 288 2469 mou
317 2409 481 2470 admodum
509 2409 675 2488 dilipedat;
698 2411 885 2487 praesertim
913 2409 1054 2469 camille
1084 2405 1118 2481 O.

114 2489 297 2554 Scaeuolam
311 2493 371 2553 sibi
383 2493 528 2554 minorem
542 2499 617 2553 reatu
636 2511 784 2571 peaerum
799 2493 1006 2572 praetulisset.
1047 2489 1119 2551 Nam

114 2577 173 2637 sibi
188 2584 218 2635 ει
231 2575 267 2635 ad
283 2591 418 2636 socerum
432 2576 537 2636 referri
553 2584 583 2636 ει
597 2576 633 2636 ad
648 2574 786 2636 Fannium
806 2583 915 2655 potest.
964 2574 1119 2634 Productio
1128 2580 1162 2634 13

115 2676 233 2738 quoqne
253 2662 363 2738 scripto
380 2669 410 2720 ει
425 2662 572 2739 correptio
593 2660 622 2719 in
637 2660 724 2721 dubio
739 2658 842 2722 relicta
862 2676 950 2720 causa
967 2668 1012 2718 εει
1032 2658 1119 2718 ambi·

115 2745 248 2820 guitatis,
264 2746 336 2803 utin
349 2743 421 2820 hoo,
440 2740 525 2806 Cato.
556 2743 643 2804 Aliud
658 2745 732 2804 enim
744 2744 871 2805 ostendit
882 2743 980 2803 brevis
992 2743 1119 2803 secunda

116 2826 229 2902 syllaba
253 2844 322 2886 casu
340 2830 531 2904 nominativo,
554 2827 631 2887 aliud
647 2829 749 2889 eadem
763 2828 877 2904 syllaba
893 2827 1034 2906 producta
1049 2844 1120 2887 casu

116 2911 212 2971 dativo
231 2920 279 2969 aut
302 2910 437 2972 ablativo.
483 2911 624 2972 Plurimae
641 2922 795 2989 praeterea
815 2921 880 2971 sunt
897 2910 972 2972 aliae
988 2912 1118 2989 species,

116 3011 187 3072 quas
203 2996 341 3073 persequi
356 2994 425 3056 nihil
440 3013 563 3056 neeesse
578 3005 632 3055 est.

200 3077 264 3138 Nec
285 3079 393 3156 refert,
420 3097 477 3157 qno
494 3078 580 3139 modo
595 3081 632 3138 sit
652 3079 729 3140 facta
745 3078 920 3157 amphibolia
936 3088 984 3140 aut
1002 3094 1058 3156 quo
1074 3095 1120 3137 re·
1128 3085 1163 3140 14

115 3161 255 3221 solvatur.
292 3162 371 3223 Duae
385 3165 458 3223 enim
469 3183 517 3223 res
534 3164 690 3240 significari
704 3164 884 3224 manifestum
899 3172 961 3239 est,
980 3172 1025 3238 et,
1042 3163 1120 3241 quod

116 3245 151 3305 ad
173 3248 312 3323 scriptum
333 3264 474 3307 vocemve
491 3249 632 3326 pertinet,
655 3249 684 3306 in
699 3256 849 3325 utramque
865 3255 976 3325 partem
991 3264 1043 3325 par
1064 3255 1119 3305 εει.

117 3328 246 3407 {deoque
261 3330 368 3390 frustra
389 3333 581 3410 praecipitur,
604 3339 634 3390 ut
649 3333 678 3390 iu
691 3330 749 3390 hoc
764 3340 840 3390 statu
857 3348 961 3391 vocem
976 3332 1067 3409 ipsam
1084 3330 1121 3390 ad
1212 3407 1217 3415 ἱ

116 3422 243 3473 nostram
262 3423 372 3491 partem
397 3431 534 3474 conemur
554 3423 682 3474 vertere.
724 3412 813 3493 Nam,
839 3416 864 3474 si
884 3414 913 3475 id
932 3415 996 3475 deri
1010 3422 1120 3493 potest,
