2566 4026
224 148 283 209 too
538 157 901 217 ammonitionum

218 315 292 376 baec
306 330 417 391 genera
438 311 582 373 recidere.
614 310 686 371 llam
701 314 725 371 si
740 312 863 372 iudicem
879 312 1056 390 benivolum,
1073 322 1224 393 attentum,

217 398 344 459 docilem
364 395 476 457 habeo:
501 394 568 474 quid
589 395 711 473 amplius
730 395 851 457 debeam
868 406 987 475 optare,
1009 415 1067 457 non
1089 400 1224 477 reperio;

218 500 283 542 cum
300 490 393 540 metus
409 481 490 558 ipsc,
514 481 562 558 qui
577 481 699 540 maxime
716 478 831 540 videtur
848 499 914 540 esse
931 490 1014 541 extra
1029 481 1119 558 haec,
1138 492 1167 542 et
1182 491 1224 542 at·

219 575 329 626 tentum
343 563 467 624 iudicem
482 562 570 624 iaciat
586 571 616 623 et
631 562 667 623 ab
684 564 809 624 adverso
831 564 934 624 favore
951 565 1110 626 deterreat.

177 659 211 711 52
300 647 409 707 Verum
432 648 566 726 quoniam
585 663 642 706 non
667 649 796 707 estsatis
811 647 1012 709 demonstrare
1034 649 1224 727 discentibus,

219 751 293 811 quae
309 733 365 792 sint
380 733 535 791 iuratione
552 732 705 809 prooemii,
724 731 778 792 sed
794 732 947 793 dicendum
964 734 1060 810 etiam,
1078 734 1224 813 quomodo

219 816 321 895 perlici
337 815 475 877 facillime
491 816 622 894 possint:
643 814 701 875 lroc
718 815 840 892 adiicio,
863 826 894 876 ut
915 817 1043 877 dicturus
1069 819 1224 892 intueatur,

219 900 298 978 quid,
315 900 391 978 apud
409 917 504 978 quern,
521 915 576 978 pro
598 916 671 977 quo,
691 908 792 959 contra
808 918 911 978 quem,
928 917 986 980 quo
1004 910 1148 979 tempore,
1167 918 1225 979 quo

219 984 304 1060 loco,
328 1000 385 1063 quo
408 1001 505 1042 rerum
528 991 622 1058 statu,
647 1000 703 1061 qua
724 984 805 1060 vulgi
821 985 897 1045 lama
913 982 1067 1045 dicendum
1082 987 1137 1059 sit,
1157 984 1226 1063 quid

219 1068 344 1128 iudicem
359 1067 468 1127 sentire
485 1066 626 1127 credibile
642 1067 695 1143 sit,
720 1076 872 1145 antequam
890 1069 1060 1147 incipimus,
1082 1077 1140 1128 turn
1156 1067 1225 1147 quid

219 1150 417 1212 desideremus
433 1159 482 1211 aut
501 1150 703 1230 deprecemur.
740 1149 806 1229 Ipsa
821 1152 902 1212 illum
916 1162 1018 1213 natura
1034 1169 1069 1212 eo
1082 1151 1178 1226 ducet,
1195 1159 1226 1210 ut

177 1238 308 1312 53sciat,
333 1235 401 1315 quid
422 1235 544 1314 primurn
559 1232 711 1294 dicendum
731 1236 778 1293 sit.
810 1235 849 1295 At
871 1254 946 1296 nunc
963 1253 1063 1312 omne,
1084 1252 1140 1315 quo
1157 1251 1225 1294 eoe-

219 1328 340 1398 perunt,
359 1320 540 1397 prooemium
554 1327 671 1396 putant,
696 1326 741 1394 et,
762 1326 793 1377 ut
808 1319 936 1399 quidque
949 1321 1108 1395 succurrit,
1125 1321 1225 1398 utique

222 1406 246 1462 si
267 1403 363 1481 aliqua
386 1404 528 1463 sententia
543 1401 715 1478 blandiatur,
739 1403 898 1464 exordium.
936 1403 1026 1464 blulta
1047 1412 1141 1463 autem
1162 1403 1225 1461 sine

220 1486 307 1546 dubio
323 1495 389 1546 sunt
409 1495 438 1546 et
455 1486 519 1546 aliis
535 1485 665 1564 partibus
682 1502 787 1546 causae
803 1488 979 1555 communia;
1002 1486 1071 1547 nibil
1088 1487 1225 1547 tamenin

221 1587 335 1649 quaque
356 1569 457 1629 melius
474 1569 587 1644 dicitur,
606 1586 691 1648 quam
709 1569 787 1647 quod
804 1587 899 1649 aeque
914 1570 991 1631 bene
1010 1569 1066 1631 diei
1084 1570 1152 1630 alibi
1167 1587 1225 1629 non

177 1654 322 1732 adpossit.
361 1652 480 1713 blultum
497 1654 609 1729 gratiae
626 1652 749 1712 exordio
767 1662 827 1730 est,
851 1653 930 1732 quod
945 1654 981 1714 ab
999 1655 1114 1714 actione
1130 1654 1226 1713 diver·

220 1754 272 1797 sae
288 1737 378 1815 partis
392 1737 541 1797 materiam
557 1735 658 1804 trahit;
682 1735 740 1796 hoc
757 1737 840 1816 ipso,
858 1737 937 1817 quod
959 1754 1016 1797 non
1033 1738 1224 1816 compositum

221 1821 297 1881 domi
317 1819 370 1881 sed
392 1818 432 1880 ibi
454 1828 541 1898 atque
563 1837 602 1880 ex
621 1838 655 1880 re
670 1828 766 1880 natum
789 1830 818 1882 et
841 1821 981 1883 facilitate
997 1821 1100 1881 lamam
1117 1820 1225 1897 ingenii

221 1913 311 1981 auget
336 1912 366 1963 et
386 1903 463 1964 iacis
491 1903 631 1982 simplicis
658 1907 824 1984 sumptique
852 1924 890 1965 en
918 1906 1052 1984 proximo
1082 1905 1224 1964 sermonis

222 1988 307 2049 fldem
325 2003 442 2067 quoque
464 1988 602 2067 acquirit;
626 1987 700 2049 adeo
715 1996 763 2064 ut,
788 1989 901 2048 etiamsi
924 1989 1038 2068 reliqua
1056 1989 1166 2067 scripta
1184 1996 1225 2047 at·

222 2089 278 2151 que
294 2069 444 2132 elaborata
460 2073 532 2148 sint,
549 2080 644 2131 tamen
659 2071 831 2151 plerumque
849 2073 982 2132 videatur
996 2082 1058 2133 tota
1075 2081 1223 2149 extempo

221 2155 291 2215 ralis
313 2156 422 2230 oratio,
448 2155 529 2215 cuius
551 2156 659 2215 initium
680 2155 750 2215 nihil
772 2157 939 2234 praeparati
955 2155 1092 2216 habuisse
1107 2156 1225 2216 manile·

179 2242 295 2299 adetum
315 2247 369 2297 est.
407 2237 654 2318 Frequentiasime
677 2257 749 2300 vero
772 2241 954 2318 prooemium
975 2239 1094 2299 decebit
1117 2249 1146 2300 et
1160 2257 1226 2299 sen·

221 2323 373 2383 tentiarum
389 2330 418 2382 et
434 2324 652 2401 compositionis
669 2333 698 2383 et
715 2324 797 2384 vocis
815 2332 845 2384 et
860 2321 957 2384 vultus
974 2323 1135 2400 modestia,
1153 2324 1227 2384 adeo

221 2415 252 2466 ut
269 2408 298 2465 in
314 2423 425 2483 genere
442 2424 548 2467 causae
566 2409 651 2468 etiam
668 2407 847 2468 indubitabili
862 2395 967 2471 flducla
983 2427 1016 2469 se
1034 2410 1097 2488 ipsa
1114 2410 1227 2468 nimium

223 2508 348 2551 exerere
364 2506 422 2550 non
437 2489 552 2551 debeat.
594 2489 661 2550 Odit
682 2491 757 2550 enim
781 2491 869 2552 iudex
882 2492 947 2553 lere
963 2493 1101 2570 litigantis
1118 2492 1228 2552 securi·

223 2583 328 2650 tatem,
355 2592 477 2654 cumque
492 2574 536 2634 ius
553 2593 635 2634 suum
650 2574 809 2653 intelligat,
832 2577 938 2636 tacitus
960 2577 1156 2636 reverentiam
1174 2592 1227 2651 po·

180 2660 214 2715 56
223 2657 321 2718 stulat.
359 2657 423 2718 Nec
437 2659 529 2718 minus
546 2658 718 2735 diligenter,
743 2677 780 2718 ne
796 2660 926 2736 suspecti
950 2660 1038 2718 simus
1056 2657 1115 2717 ulla
1131 2665 1225 2734 parte,

221 2742 381 2810 vitandum3
399 2751 520 2821 propter
541 2740 619 2820 quod
642 2742 755 2801 minime
771 2742 911 2802 ostentari
927 2741 1014 2802 debet
1031 2743 1059 2799 in
1076 2739 1226 2818 principiis

224 2844 309 2902 cura,
335 2825 401 2906 quia
424 2826 538 2886 videtur
559 2843 606 2885 ars
632 2826 723 2885 omnis
748 2826 870 2886 dicentis
888 2832 989 2884 contra
1004 2823 1128 2883 iudicem
1147 2821 1225 2883 adbi-

181 2909 297 2971 diberi.
337 2909 396 2970 Sed
421 2910 513 2987 ipsum
537 2909 613 2969 istud
635 2910 745 2969 evitare
768 2925 896 2969 summae
922 2908 990 2966 artis
1008 2914 1063 2965 est.
1103 2905 1176 2966 Nam
1198 2905 1227 2965 id

223 2995 287 3053 sine
309 2991 396 3052 dubio
420 2992 456 3053 ab
480 2992 611 3053 omuibus
635 3002 664 3053 et
688 2993 803 3071 quidem
826 2991 933 3069 optimc
956 2997 1147 3068 praeceptum
1165 2997 1225 3057 est;

222 3094 325 3137 verum
345 3076 528 3155 aliquatenus
543 3085 706 3156 temporum
728 3074 901 3135 condicione
916 3081 1057 3150 mutatur,
1081 3074 1147 3152 quia
1170 3074 1226 3132 iam

224 3158 395 3239 quibusdam
416 3161 444 3220 in
468 3161 580 3221 iudiciis
601 3160 782 3238 maximeque
801 3157 971 3235 capitalibus
990 3165 1039 3216 aut
1061 3157 1136 3236 apud
1158 3175 1225 3217 oen·

224 3243 363 3303 tumviros
379 3244 435 3322 ipsi
450 3245 560 3305 iudices
579 3244 699 3321 exigunt
715 3241 856 3301 sollicitas
873 3250 902 3300 et
918 3249 1069 3302 accuratas
1082 3242 1224 3317 actiones,

225 3327 429 3406 contemnique
450 3347 500 3405 se,
521 3328 576 3387 nisi
599 3329 626 3386 in
650 3325 773 3386 dicendo
800 3325 885 3384 etiam
906 3324 1056 3402 diligentia
1074 3333 1224 3405 appareat,

183 3409 364 3487 secrodunt,
383 3428 438 3471 nec
460 3411 571 3473 doceri·
585 3418 693 3472 tantum
716 3408 769 3469 sed
787 3409 873 3469 etiam
890 3409 1031 3471 delectari
1045 3410 1155 3470 volunt.
1188 3406 1225 3468 ue
