2566 4026
225 180 286 242 140
535 193 571 239 u.
588 192 667 238 nnn.
686 191 904 250 omnumunu

224 363 338 426 quaque
354 348 461 423 optime
478 354 573 405 coeat.
613 345 765 405 Plurimum
788 346 877 422 igitur
893 347 1091 422 auctoritatis,
1114 354 1145 405 ut
1162 345 1233 423 dixi,

224 439 254 491 et
265 429 402 508 ponderis
416 428 522 487 habent
533 428 656 506 longae,
671 429 830 488 celeritatis
841 428 963 497 breves;
981 431 1093 507 quaesi
1107 431 1233 489 miscen-

223 522 269 574 tur
291 512 461 592 quibusdam
484 512 597 589 longis,
629 521 761 587 currunt,
789 513 813 571 si
841 514 1061 588 continuantur,
1090 512 1232 574 exultant.

181 597 335 672 bahcres,
354 613 428 674 quae
442 613 479 655 ex
492 595 630 656 brevibus
642 595 678 655 ad
690 596 793 673 longas
809 597 973 674 insurgunt;
992 596 1139 670 leuiores,
1158 614 1234 674 quac

223 700 239 741 a
262 681 357 757 longis
380 680 409 739 in
427 679 534 739 breves
560 679 748 739 descendunt.
794 677 909 758 Optime
930 680 1065 758 incipitur
1086 698 1103 739 a
1125 680 1233 757 longis,

223 773 305 824 recte
327 763 481 841 aliquando
497 780 514 822 a
532 762 686 836 brevibus,
703 772 732 823 ut
745 761 862 824 Nocnm
872 766 987 825 crimen
993 786 1008 834 ‚·
1023 763 1117 823 lenius
1133 781 1150 823 a
1167 764 1235 824 dua·

223 848 294 922 bus,
312 856 343 906 ut
357 845 571 908 Animadverti
584 848 723 915 indices:
740 847 793 907 sed
813 864 866 925 pro
884 845 1017 907 Cluentio
1034 856 1133 923 recte,
1156 845 1234 926 quod

179 940 215 997 93
224 932 333 991 initium
344 933 407 990 eins
419 931 565 1009 partitioni
577 930 672 990 simile
685 938 744 1009 est,
758 948 832 1008 quae
845 930 996 990 celeritate
1005 931 1123 1008 gaudet.
1148 929 1234 991 Glau-

224 1015 287 1075 sula
303 1031 421 1095 quoque
445 1014 574 1091 elongis
590 1014 749 1074 firmissima
767 1023 826 1081 est;
851 1013 904 1073 sed
926 1015 1044 1075 cludent
1064 1016 1152 1074 ctiam
1168 1014 1234 1075 bre·

224 1117 295 1174 ves,
314 1099 442 1176 quamvis
460 1097 600 1158 habeatur
620 1097 786 1157 indifferens
802 1098 910 1158 ultima.
955 1097 1059 1198 Neque
1081 1100 1158 1157 enim
1177 1115 1234 1175 ego

224 1184 346 1260 ignoro,
364 1183 393 1242 ln
408 1182 464 1242 line
481 1166 633 1260 prolonga
649 1183 743 1260 accipr
736 1181 891 1256 ',brerem
913 1183 979 1259 qnia
993 1182 1110 1242 videtur
1124 1181 1233 1261 aliquid

225 1266 354 1326 vacantis
378 1268 517 1344 temporis
537 1284 574 1325 ex
592 1282 645 1341 eo,
665 1264 742 1343 quod
760 1267 937 1345 insequitur,
961 1265 1122 1333 accedere3
1147 1281 1234 1325 aures

224 1358 320 1410 tamen
332 1349 488 1410 consulens
500 1367 597 1426 rneas,
608 1349 741 1426 intelligo
751 1349 869 1409 multum
880 1349 1010 1426 reterre,
1022 1367 1133 1409 verene
1146 1348 1235 1426 longa

226 1435 279 1509 sit,
303 1450 378 1512 quac
401 1433 525 1509 clandit,
550 1451 586 1492 an
608 1451 662 1512 pro
680 1433 777 1510 longa.
822 1432 925 1511 Neque
949 1435 1024 1493 enim
1043 1441 1101 1493 tam
1116 1431 1234 1511 plenum

226 1526 271 1577 est
291 1516 407 1580 Dicere
426 1519 619 1596 incipientem
640 1519 762 1596 timere,
787 1534 871 1594 quarn
890 1516 961 1577 illud
979 1519 1086 1579 Ancus
1104 1524 1149 1578 est
1165 1535 1234 1578 con·

180 1601 314 1679 timeri.
359 1601 448 1678 Atqui
463 1601 488 1659 si
504 1600 573 1661 nihil
588 1600 696 1677 refert,
713 1600 812 1660 brevis
827 1618 863 1660 an
875 1601 962 1678 longa
974 1603 1011 1660 sit
1025 1600 1142 1676 ultima,
1159 1601 1235 1660 idem

225 1703 279 1762 pes
293 1685 362 1751 erit;
383 1701 483 1743 uerum
494 1686 595 1743 nescio
608 1701 665 1761 quo
680 1685 765 1744 rnodo
781 1684 896 1744 sedebit
907 1684 980 1760 hoc,
996 1684 1069 1746 illud
1081 1683 1233 1743 subsistet.

226 1766 291 1841 Quo
313 1768 383 1826 moti
402 1766 516 1845 quidam
534 1767 640 1844 longae
658 1767 775 1828 ultimae
797 1770 851 1828 tria
870 1777 1003 1846 tempora
1019 1766 1180 1843 dederunt,
1205 1775 1234 1826 ut

225 1849 296 1909 illud
311 1859 441 1928 tempus,
459 1851 536 1928 quod
550 1850 648 1910 brevis
668 1869 705 1910 ex
723 1852 811 1930 longa
827 1853 949 1931 accipit,
966 1850 1033 1911 hnic
1051 1868 1170 1931 quoquc
1187 1869 1232 1910 ac-

198 1963 213 1998 s
228 1934 358 1993 cederet.
394 1932 459 1993 Nec
474 1934 568 1994 solum
582 1934 689 2011 refert,
707 1938 770 2016 quis
787 1935 916 2014 claudat,
933 1937 1018 1995 etiam
1034 1937 1097 2013 quis
1116 1942 1232 1994 antece·

180 2017 283 2082 cadat.
328 2017 498 2077 Retrcrsum
520 2027 614 2078 autem
631 2037 727 2097 neque
748 2020 813 2098 plus
830 2019 937 2095 tribus,
955 2021 1033 2096 iique
1049 2021 1074 2078 si
1096 2034 1154 2078 non
1176 2027 1232 2078 ter·

224 2118 275 2160 nas
298 2100 426 2177 syllabas
448 2101 609 2177 habebunt,
632 2103 784 2181 repetendi
805 2112 904 2178 erunt,
932 2103 985 2181 (sit
1000 2111 1096 2162 tamen
1115 2103 1233 2180 poetica

224 2183 410 2264 observatio)
434 2203 530 2264 neque
551 2186 643 2246 minus
661 2187 787 2255 duobns;
821 2187 929 2264 alioqui
949 2204 1003 2264 pes
1028 2188 1082 2246 erit
1103 2202 1162 2246 non
1184 2204 1232 2245 uu·

224 2287 330 2329 merus.
375 2269 477 2330 Potest
493 2279 588 2330 tamen
603 2271 653 2330 rel
669 2289 742 2330 uuus
758 2288 826 2330 esse
843 2270 1014 2346 dichoreus,
1037 2272 1061 2330 si
1081 2288 1155 2328 unus
1179 2278 1232 2344 est,

181 2354 272 2432 96qni
294 2362 408 2414 constat
430 2354 574 2413 eduobus
598 2354 724 2414 choreis.
771 2353 900 2431 itemque
924 2369 1036 2432 paeon,
1059 2355 1107 2431 qui
1130 2361 1233 2412 estex

223 2436 333 2498 choreo
350 2446 381 2498 et
402 2437 586 2516 pyrrhichio,
605 2457 690 2517 quem
706 2447 801 2516 aptum
817 2438 903 2497 initiis
919 2437 1034 2517 putant)
1055 2437 1104 2497 vel
1122 2445 1233 2511 contra,

225 2523 273 2599 qui
292 2530 337 2580 est
359 2538 376 2579 e
396 2521 486 2580 tribus
503 2521 640 2581 brevibus
657 2531 686 2581 ct
701 2522 807 2598 longa,
832 2523 878 2581 cui
895 2521 1053 2582 clausulam
1068 2524 1232 2598 assignant3

225 2604 381 2682 dequibus
399 2604 462 2664 iere
478 2604 590 2664 dnobus
605 2607 765 2683 scriptores
784 2603 867 2664 huius
889 2606 958 2664 artis
974 2605 1140 2683 loquuntur.
1175 2603 1234 2664 Alii

225 2704 341 2762 omnes,
357 2696 386 2747 et
404 2704 578 2766 quocunque
590 2698 656 2747 sunt
669 2689 753 2763 loco,
770 2696 933 2766 temporum
948 2688 1025 2766 qnod
1042 2689 1078 2749 ad
1090 2690 1233 2748 rationem

181 2773 366 2848 bipertinet,
393 2787 522 2849 paeonas
549 2771 708 2850 appellant.
749 2769 803 2831 Est
829 2780 858 2830 et
882 2771 1046 2847 dochmius,
1071 2774 1119 2850 qui
1145 2771 1176 2831 ht
1197 2789 1234 2830 ex

224 2853 347 2917 bacchio
370 2863 399 2914 ct
414 2854 508 2914 iambo
525 2855 574 2914 vel
597 2855 690 2915 iambo
712 2864 741 2915 et
757 2856 883 2930 cretico,
906 2855 1018 2914 stabilis
1040 2856 1068 2915 in
1093 2854 1233 2915 clausulis

226 2946 255 2997 et
271 2955 402 2998 seuerus.
440 2938 594 3015 Spondeus
612 2956 744 3018 quoque,
764 2957 821 3016 quo
837 2937 988 3017 plurimum
1003 2937 1233 2998 cstDemosthe·

224 3039 277 3080 nes
299 3038 390 3095 usus,
415 3022 529 3081 modurn
547 3039 664 3100 seraper
678 3041 732 3100 per
752 3041 785 3081 se
801 3021 898 3082 habet.
941 3019 1054 3100 Optime
1072 3020 1233 3100 praecedet

225 3122 290 3164 eum
306 3106 449 3180 creticus,
471 3113 503 3164 nt
522 3106 550 3164 in
566 3105 638 3165 hoc:
661 3105 709 3167 De
729 3122 792 3185 qno
808 3125 863 3185 eqo
877 3106 953 3168 nibil
968 3106 1087 3181 dicam,
1103 3107 1165 3167 nisi
1181 3107 1231 3167 de·

222 3189 358 3266 pellendi
375 3189 513 3250 criminis
530 3208 636 3250 conco.
680 3188 755 3248 Illud
772 3198 833 3265 est,
858 3189 935 3267 quod
956 3207 1043 3267 snpra
1063 3190 1141 3264 dixi,
1161 3188 1232 3248 mul·

224 3283 282 3330 turn
302 3271 431 3349 referre,
458 3289 555 3332 unone
575 3272 667 3332 verbo
694 3273 750 3332 sint
776 3272 831 3332 duo
853 3273 945 3350 pedes
968 3271 1173 3351 comprehensi
1199 3291 1233 3331 an

224 3362 348 3432 uterque
375 3353 460 3415 liber.
506 3356 555 3416 Sic
582 3357 655 3416 enirn
682 3355 714 3415 lit
740 3355 817 3415 iorte
840 3353 987 3417 Crincinis
1005 3375 1126 3425 consae
1143 3355 1234 3418 molle

223 3432 460 3515 Archipiratae,
480 3439 612 3509 mollius,
635 3440 659 3499 si
679 3439 842 3515 tribrachys
857 3438 1033 3518 praecedat,
1052 3440 1234 3519 sontiates,
