2566 4026
220 180 280 243 172
536 193 899 253 unanomuummm

217 348 310 412 cultas
330 350 443 408 inanem
463 347 549 408 modo
572 345 778 426 loquacitatem
799 347 877 408 dabit
909 356 938 407 et
962 347 1053 408 verba
1079 349 1109 409 in
1136 349 1225 410 labris

189 444 204 496 d
216 435 374 493 nascentia.
402 431 467 492 illic
481 433 606 507 radices,
622 431 682 491 illio
698 431 880 492 fundamenta
894 441 969 506 sunt,
983 431 1044 492 illic
1058 449 1132 511 opes
1146 434 1227 494 velut

216 519 361 577 sanctiore
379 517 503 594 quodam
525 517 638 575 aerario
658 515 842 592 reconditae,
866 515 942 575 unde
963 515 1000 576 ad
1024 516 1136 577 subitos
1155 535 1226 595 quo-

216 619 272 679 qne
289 618 386 675 casus,
411 618 475 660 cum
490 617 538 658 res
556 600 665 676 exiget,
679 598 873 677 proferantur.
904 598 991 658 Vires
1006 598 1145 660 iaciamus
1159 612 1227 660 ante

216 686 320 759 omnia,
339 700 413 762 quaa
430 683 574 743 sufficiant
589 683 682 742 labori
699 685 885 743 certaminum
907 691 936 742 et
956 701 1009 742 usu
1032 701 1089 742 non
1116 685 1225 745 exhau-

187 771 331 830 artantur.
372 766 449 827 Nihil
470 769 545 827 enim
567 785 662 826 rerum
684 769 746 845 ipsa
772 777 873 828 natura
889 766 981 826 voluit
996 784 1129 844 magnum
1146 769 1226 829 ellici

215 854 292 927 cito,
315 853 543 930 praeposuitque
566 850 761 930 pulcherrimo
786 853 892 930 cuique
908 852 990 929 operi
1007 850 1225 922 difficultatem

215 952 289 1014 quae
307 935 444 994 nascendi
461 952 577 1014 quoque
590 934 664 994 hanc
682 935 786 994 iecerit
801 935 908 1012 legem,
925 943 955 994 ut
966 935 1074 996 maiora
1091 937 1226 997 animalia

215 1019 318 1078 diutius
336 1018 498 1078 visceribus
516 1020 644 1097 parentis
658 1020 882 1078 continerentur.

299 1103 357 1162 Sed
373 1120 436 1162 oum
452 1104 488 1161 sit
504 1103 612 1181 duplex
631 1105 781 1181 quaestio,
804 1101 983 1180 quomodo
1006 1110 1035 1162 et
1054 1119 1147 1181 quae
1166 1122 1224 1164 ma·

186 1188 289 1250 ssime
305 1186 393 1246 scribi
418 1195 571 1264 oporteat,
594 1187 649 1246 iam
669 1186 736 1246 irino
758 1185 888 1246 ordinem
913 1203 1028 1263 sequar.
1066 1187 1110 1246 sit
1131 1190 1224 1265 primo

213 1270 374 1330 vellardus
392 1270 457 1329 dum
472 1270 596 1347 diligens
613 1270 714 1348 stilus,
738 1287 910 1348 quaeramus
932 1270 1040 1347 optima
1061 1288 1118 1330 nec
1133 1273 1224 1349 proti-

213 1373 266 1414 nus
283 1352 471 1414 offerentibus
487 1372 520 1412 se
535 1355 729 1431 gaudeamus,
752 1353 921 1414 adhibeatur
936 1353 1070 1412 iudicium
1086 1355 1223 1431 inventis,

213 1439 364 1516 dispositio
380 1437 521 1516 probatis.
555 1436 696 1498 Deiectus
713 1437 788 1496 enim
799 1455 895 1497 rerum
907 1435 1122 1516 verborumque
1135 1456 1223 1515 agen·

213 1521 265 1582 dus
282 1531 327 1581 est
344 1531 373 1581 et
389 1521 520 1599 pondera
532 1521 711 1600 singulorum
726 1520 921 1580 examinanda.
948 1519 1018 1579 Post
1029 1520 1134 1582 subeat
1149 1524 1223 1581 ratio

213 1605 378 1666 collocandi
394 1613 607 1682 versenturque
623 1607 699 1664 omni
714 1604 800 1665 modo
816 1604 936 1679 numeri,
955 1621 1012 1662 non
1032 1612 1063 1663 ut
1085 1606 1224 1684 quodque

184 1698 246 1754 fise
262 1688 395 1766 proferet
408 1688 529 1748 verbum
545 1698 671 1767 occupet
687 1689 793 1749 locum.
826 1688 908 1762 Quae
927 1687 1040 1765 quidem
1057 1696 1087 1748 ut
1099 1688 1223 1765 diligen·

212 1772 268 1830 tius
285 1790 471 1849 exequamur,
488 1772 649 1850 repetenda
664 1774 781 1851 saepius
799 1781 881 1832 erunt
893 1773 1067 1850 scriptorum
1078 1775 1222 1849 proxima.

211 1854 283 1914 Nam
295 1864 412 1933 praeter
427 1854 455 1913 id
468 1855 544 1933 quod
560 1857 602 1915 sic
617 1855 720 1916 meiius
736 1859 889 1933 iunguntur
900 1855 1045 1934 prioribus
1058 1858 1223 1934 sequentia,

213 1940 294 1998 calor
316 1956 432 2017 quoque
455 1939 504 1998 iile
527 1940 725 2017 cogitationis,
757 1942 804 2019 qui
831 1939 977 2000 scribendi
995 1956 1075 1999 mora
1096 1939 1222 2016 refrixit,

212 2024 316 2101 recipit
333 2041 370 2082 ex
389 2025 504 2100 integro
527 2026 606 2083 vires
623 2033 652 2085 et
666 2023 747 2085 velut
762 2026 888 2102 repetito
910 2024 1004 2102 spatio
1028 2025 1114 2082 sumit
1131 2025 1221 2102 impe·

211 2115 283 2174 tum;
313 2107 390 2185 quod
410 2108 439 2166 in
461 2109 617 2167 certamine
641 2109 762 2169 saliendi
779 2108 841 2167 fieri
864 2107 1012 2183 videmus,
1035 2115 1066 2166 nt
1088 2117 1222 2167 conatum

211 2188 328 2267 longius
350 2199 450 2269 petant
465 2201 494 2251 et
509 2191 545 2252 ad
568 2191 655 2268 illud,
679 2210 737 2272 quo
765 2191 963 2266 contenditur,
988 2191 1111 2269 spatium
1135 2209 1222 2251 cursu

211 2273 353 2344 ferentum
375 2284 463 2354 utque
485 2277 513 2335 in
535 2275 686 2337 iaculando
705 2275 823 2336 brachia
843 2275 1007 2334 reducimus
1024 2282 1054 2333 et
1070 2274 1221 2352 expulsuri

182 2365 199 2421 7
211 2357 269 2418 tela
289 2376 396 2418 nervos
419 2369 498 2419 retro
521 2359 672 2419 tendimus.
709 2360 826 2420 interim
846 2367 957 2433 tamen,
979 2359 1003 2417 si
1025 2358 1102 2417 ieret
1122 2355 1219 2434 flatus,

212 2441 304 2504 danda
320 2452 385 2502 sunt
400 2443 483 2519 vela,
507 2444 571 2502 dum
586 2460 639 2502 nos
659 2444 836 2520 indulgentia
852 2441 903 2501 iiia
917 2459 975 2500 non
990 2441 1081 2500 iailat.
1118 2438 1220 2501 Omnia

212 2528 286 2585 enim
305 2535 414 2601 nostra,
432 2526 497 2585 dum
516 2536 687 2604 nascuntur,
704 2527 835 2604 placent;
858 2525 966 2602 alioqui
984 2543 1039 2585 nec
1055 2523 1219 2585 scriberen-

210 2617 264 2668 tur.
302 2610 361 2670 Sed
382 2611 534 2669 redeamus
562 2610 597 2670 ad
620 2611 755 2670 iudicium
784 2619 813 2669 et
835 2617 1028 2669 retractemus
1050 2617 1219 2688 suspectam

180 2691 385 2754 &facilitatem
417 2695 467 2754 Sic
484 2695 638 2773 scripsisse
655 2694 821 2754 Sallustium
834 2694 1010 2770 accepimus,
1028 2701 1058 2752 et
1073 2710 1144 2752 sane
1160 2710 1218 2753 ma·

210 2777 331 2837 niiestus
358 2786 403 2836 est
425 2779 509 2838 etiam
531 2797 570 2838 ex
590 2795 681 2856 opere
702 2779 767 2855 ipso
789 2777 881 2839 lahor.
924 2775 1085 2854 Vergilium
1101 2794 1219 2855 quoque

210 2862 401 2939 paucissimos
419 2861 466 2922 die
483 2863 684 2940 composuisse
699 2880 803 2921 versus
819 2869 982 2922 auctorest
998 2860 1112 2919 Varius.
1147 2857 1217 2919 Ora·

182 2946 281 3007 9toris
297 2945 413 3023 quidem
431 2946 487 3006 alia
508 2947 642 3007 condicio
659 2954 713 3006 est.
753 2945 854 3024 itaque
873 2943 947 3005 hanc
962 2961 1071 3004 moram
1091 2952 1120 3004 et
1135 2943 1217 3004 solii-

210 3028 363 3088 citudinem
383 3031 468 3089 initiis
492 3030 614 3108 impero.
654 3029 726 3090 Nam
747 3031 868 3107 primum
888 3028 946 3088 hoc
973 3027 1216 3102 constituendum,

209 3112 266 3171 hoc
282 3112 466 3175 obtinendum
482 3122 542 3188 est,
566 3123 696 3191 utquam
712 3115 819 3192 optime
831 3111 1012 3185 ,scribamus;
1036 3110 1217 3172 celeritatem

210 3195 288 3255 dabit
304 3200 494 3259 consuetudo.
532 3197 670 3259 Paulatim
688 3215 736 3257 res
752 3198 865 3258 facilius
884 3214 917 3255 se
933 3195 1103 3271 ostendent,
1125 3195 1216 3254 verba

208 3279 435 3357 respondebunt,
455 3283 628 3360 compositio
648 3291 853 3360 prosequetur,
876 3289 977 3341 cuncta
998 3280 1123 3358 denique
1139 3288 1170 3338 ut
1188 3279 1216 3338 in

169 3362 313 3426 loiamilin
332 3364 408 3424 bene
430 3366 558 3426 instituta
579 3366 608 3425 in
630 3365 727 3425 ofiioio
746 3374 839 3425 erunt.
871 3365 984 3424 Summa
1001 3364 1074 3424 haec
1094 3371 1139 3423 est
1155 3362 1214 3423 rei:

210 3447 268 3506 cito
285 3447 441 3508 scribendo
455 3465 513 3508 non
529 3448 570 3526 iit,
592 3458 623 3509 ut
638 3448 714 3509 irene
729 3448 886 3517 scribatur;
910 3447 985 3507 irene
1000 3446 1155 3507 scribendo
1174 3447 1215 3522 nt,
