2566 4026
230 182 292 245 222
548 192 912 252 coenomanorum

230 351 293 430 pari
310 349 493 410 deformitate
512 357 541 407 et
558 346 735 407 contrahitur
750 356 779 406 et
794 347 936 422 tenditur,
960 346 1014 406 sed
1032 355 1122 406 tenso
1141 347 1248 407 subest

230 444 259 494 et
275 434 373 508 labor,
390 441 579 511 tenuaturque
595 449 654 491 vox
670 449 705 491 ac
722 432 871 509 fatigatum
894 431 1009 490 altinum
1025 433 1147 508 pectori
1166 450 1246 492 men·

187 527 286 583 83tum
301 519 392 576 minus
410 517 517 576 claram
534 524 564 575 et
579 516 660 594 quasi
676 515 808 575 latiorem
822 532 927 592 presso
942 523 1058 592 gutture
1072 513 1158 574 lacit.
1187 515 1243 576 llu-

228 619 374 662 merorum
385 617 451 660 raro
466 600 575 659 decens
588 598 725 659 allevatio
737 608 823 677 atque
837 599 996 659 contractio
1010 606 1069 664 est;
1088 597 1246 659 breviatur

230 689 305 746 enim
322 685 423 745 cervix
444 692 473 743 et
489 691 604 760 gestum
623 684 765 761 quendam
781 683 915 742 humilem
938 691 1026 761 atque
1044 682 1194 742 servilem
1217 692 1246 743 et

230 769 312 849 quasi
329 767 539 828 fraudulentum
556 767 642 842 lacit,
659 785 724 826 cum
738 786 771 826 se
788 767 815 825 in
831 765 957 826 habitum
973 766 1169 843 adulationis,
1196 767 1244 828 ad·

187 852 402 927 84mirationis,
423 859 517 910 metus
539 850 656 928 fingunt.
687 850 802 911 Bracbii
824 850 974 911 moderata
995 851 1166 928 proiectio,
1197 870 1243 911 re·

229 938 325 998 missis
346 935 473 995 humeris
494 943 580 1013 atque
610 934 823 1011 explicantibus
846 953 879 994 se
904 936 931 992 in
951 933 1132 1012 proferenda
1156 953 1244 995 mauu

230 1021 344 1098 digitis,
370 1019 522 1078 continuos
546 1028 576 1078 et
597 1018 787 1079 decurrentes
811 1018 896 1078 locos
917 1020 1040 1078 maxime
1062 1019 1166 1078 decet.
1205 1018 1245 1077 At

230 1124 293 1166 cum
308 1104 473 1182 speciosius
490 1102 558 1180 quid
573 1102 751 1181 uberiusque
767 1101 919 1162 dicendum
936 1112 995 1178 est,
1011 1101 1129 1162 utillud
1148 1101 1244 1164 Saxa

228 1197 320 1267 atque
339 1188 519 1249 solitudines
538 1188 607 1248 voci
631 1187 835 1265 respondent:
865 1188 1028 1264 expatiatur
1054 1188 1083 1245 in
1107 1185 1189 1264 latus
1213 1195 1244 1246 et

185 1284 219 1339 85
228 1274 291 1351 ipsa
308 1270 519 1350 quodammodo
536 1289 568 1330 se
587 1288 650 1330 cum
665 1279 752 1347 gestu
768 1270 858 1330 fundit
874 1271 977 1329 oratio.
1005 1268 1131 1330 Manus
1151 1288 1242 1346 vero,

229 1358 291 1417 sine
317 1355 421 1434 quibus
444 1364 544 1414 trunca
567 1363 647 1414 esset
667 1356 743 1414 actio
767 1372 803 1415 ac
825 1354 946 1431 debilis,
969 1355 1019 1413 vix
1043 1354 1101 1414 diei
1122 1363 1242 1431 potest,

229 1449 299 1520 quot
323 1448 416 1499 motus
440 1438 584 1516 habeant,
614 1456 678 1498 cum
702 1456 796 1517 paene
818 1439 911 1516 ipsam
933 1438 1090 1497 verborum
1119 1440 1243 1516 copiam

227 1532 451 1603 persequantur.
477 1522 549 1582 Nam
567 1531 684 1583 ceterae
701 1532 799 1600 partes
815 1522 981 1600 loquentem
997 1522 1150 1598 adiuvant,
1169 1521 1241 1596 hae,

185 1618 219 1672 86
228 1626 323 1688 prope
343 1617 387 1666 est
410 1616 439 1666 ut
455 1606 564 1683 dicam,
587 1608 669 1684 ipsae
693 1606 856 1686 loquuntur.
886 1605 937 1665 llis
955 1608 1119 1684 poscimus,
1148 1605 1241 1684 polli-

230 1710 344 1766 cemur,
368 1707 525 1764 vocamus,
551 1691 730 1766 dimittimus,
753 1693 907 1765 minamur,
936 1690 1151 1768 supplicamus,
1187 1688 1239 1750 ab·

228 1776 401 1848 ominamur,
418 1775 565 1850 timemus,
587 1775 813 1850 interrogamus,
830 1791 983 1851 negamus:
1006 1772 1163 1851 gaudium,
1189 1773 1239 1832 tri·

228 1859 347 1932 stitiam,
370 1855 593 1932 dubitationem,
613 1857 846 1934 confessionem,
863 1859 1086 1936 poenitentiam,
1104 1857 1238 1932 modum,

184 1942 359 2019 sstcopiam,
380 1957 543 2016 numerum,
565 1949 679 2018 tempus
697 1941 884 2001 ostendimus.
915 1940 980 2000 Non
996 1937 1170 2002 concitanti
1196 1943 1238 2000 in·

205 2020 347 2084 bibent?
375 2020 519 2102 probant?
541 2021 734 2085 admirantur?
755 2022 1007 2085 verecundantur?
1041 2022 1108 2083 Non
1130 2025 1161 2084 in
1185 2025 1237 2086 de·

226 2107 417 2169 monstrandis
430 2107 504 2167 locis
517 2126 552 2168 ac
564 2110 699 2188 personis
717 2109 920 2170 adverbiorum
932 2118 1019 2188 atque
1031 2109 1238 2186 pronominum

227 2194 357 2254 obtinent
376 2189 492 2252 vicem?
520 2191 559 2253 Ut
580 2195 609 2253 in
631 2202 709 2254 tanta
726 2212 779 2273 per
797 2212 896 2254 omnes
916 2203 1020 2270 gentes
1038 2194 1236 2274 nationesque

226 2278 342 2355 linguae
354 2277 523 2337 diversitate
534 2277 581 2338 hio
592 2278 659 2337 mibi
671 2280 795 2338 omnium
806 2278 949 2338 hominum
963 2277 1121 2336 eommunis
1134 2294 1236 2337 sermo

224 2362 365 2423 videatur.

183 2452 219 2508 88
309 2444 345 2506 itt
361 2445 389 2504 hi
407 2446 538 2525 quidem,
563 2448 599 2506 de
618 2445 721 2523 quibus
738 2464 798 2505 sum
816 2446 947 2522 locutus,
973 2464 1036 2505 oum
1058 2445 1130 2522 ipsis
1150 2447 1234 2505 voci·

226 2529 279 2589 bus
295 2529 465 2590 naturaliter
484 2538 592 2590 exeunt
607 2539 724 2607 gestum
752 2530 799 2590 alii
815 2539 896 2605 sunt,
925 2531 973 2608 qui
998 2546 1046 2587 res
1070 2529 1234 2588 imitatione

225 2613 404 2690 significant,
420 2623 450 2672 ut
465 2615 490 2672 si
505 2631 624 2691 aegrum
639 2615 803 2692 temptantis
819 2631 909 2673 venas
924 2613 1030 2673 medici
1045 2612 1232 2673 similitudine

225 2706 272 2756 aut
293 2696 491 2757 citharoedum
507 2698 636 2757 formatis
653 2698 688 2758 ad
705 2698 819 2758 modum
840 2698 1029 2775 percutientis
1045 2714 1154 2756 nervos
1171 2715 1232 2758 ma·

224 2780 307 2839 nibus
331 2780 484 2849 ostendas;
509 2782 587 2860 quod
604 2790 649 2841 est
663 2800 756 2859 genus
773 2798 856 2860 quam
877 2781 1045 2859 longissime
1062 2781 1090 2839 in
1111 2782 1232 2841 actione

180 2863 399 2941 89fngiendum.
430 2863 546 2925 Abesse
563 2867 637 2925 enim
652 2866 802 2944 plurimum
818 2884 834 2924 a
850 2865 989 2925 saltatore
1006 2864 1094 2924 debet
1118 2874 1230 2941 orator,

223 2958 254 3007 ut
270 2949 305 3007 sit
320 2958 422 3026 gestus
438 2949 605 3009 adsensum
618 2951 710 3027 magis
723 2967 807 3029 quam
823 2949 858 3008 ad
869 2949 959 3009 verba
976 2949 1229 3014 accommodatus:

224 3031 301 3109 quod
325 3034 410 3092 etiam
432 3032 618 3093 histrionibus
633 3034 721 3111 paulo
738 3033 920 3110 gravioribus
942 3034 1042 3093 lacere
1057 3034 1147 3092 moris
1164 3034 1228 3093 luit.

223 3114 302 3192 Ergo
321 3126 352 3176 ut
369 3117 404 3176 ad
420 3134 454 3176 se
471 3136 583 3178 manum
598 3118 728 3193 referre,
751 3136 814 3177 cum
832 3117 868 3178 de
891 3135 924 3176 se
942 3119 1007 3195 ipso
1023 3117 1174 3195 loquatur,
1201 3126 1230 3176 et

223 3201 251 3258 in
272 3218 356 3276 eum,
384 3218 470 3278 quem
493 3201 688 3278 demonstret,
711 3201 868 3272 intendere
889 3209 919 3260 et
939 3201 1035 3280 aliqua
1056 3201 1101 3260 bis
1123 3201 1229 3261 similia

223 3284 421 3361 permiserim·
448 3286 486 3344 ita
507 3302 564 3345 non
585 3286 727 3363 effingere
746 3294 836 3345 status
854 3285 993 3363 quosdam
1017 3295 1061 3361 et,
1088 3284 1228 3364 quidquid

180 3366 316 3443 90dicet,
339 3369 506 3428 ostendere.
537 3369 641 3449 Neque
665 3370 693 3430 id
715 3369 892 3429 inmanibus
915 3369 1009 3429 solnm
1032 3368 1130 3428 sedin
1150 3370 1227 3428 omni

221 3460 308 3526 gestu
325 3468 359 3511 ac
374 3468 450 3512 voce
469 3454 639 3514 servandum
656 3462 709 3513 est.
741 3453 807 3513 Non
825 3455 899 3514 enim
915 3462 963 3514 aut
978 3455 1006 3512 in
1023 3453 1073 3514 illa
1088 3451 1226 3533 periodo,
