2566 4026
225 157 283 220 128
539 171 576 216 u.
591 169 669 216 uun.
688 169 908 228 corumptum

223 334 302 400 ctus,
324 323 401 402 quod
425 325 452 383 in
473 342 543 382 oure
564 322 644 382 velut
665 321 788 400 quodam
807 322 953 382 vestibulo
973 323 1069 382 statim
1092 323 1229 394 offendit;

223 409 325 469 deinde
343 407 420 485 quod
441 415 541 466 natura
562 406 691 465 ducimur
711 405 746 465 ad
768 406 879 466 modos.
922 405 1026 484 Neque
1046 409 1121 467 enim
1144 408 1231 468 aliter

171 523 177 534 ·
222 493 371 567 eveniret,
400 500 431 550 ut
453 490 496 550 illi
516 506 633 567 quoque
649 505 823 566 organorum
846 490 931 565 soni,
952 509 1116 569 quanquam
1137 492 1230 552 verba

222 594 280 635 non
303 575 479 653 exprimunt,
505 573 534 632 in
554 572 627 633 alios
652 581 747 632 tamen
769 581 857 652 atque
879 573 953 633 alios
975 583 1070 633 motus
1087 575 1229 635 ducerent

182 659 390 725 rrauditorem.
428 657 460 718 ln
482 656 685 731 certaminibus
708 657 800 716 sacris
822 673 880 729 nou
899 657 1001 716 eadem
1022 658 1137 717 ratione
1160 676 1227 718 con·

223 745 309 803 citant
325 743 434 802 animos
450 758 486 801 ac
500 741 658 808 remittunt;
675 757 733 799 non
744 739 865 800 eosdem
879 741 981 800 modos
994 740 1147 817 adhibent,
1165 760 1226 802 cum

220 826 358 886 bellicum
373 834 418 886 est
434 824 592 884 canendum
609 833 638 884 et
654 842 717 884 cum
729 826 825 901 posito
836 842 913 901 genu
929 825 1150 903 supplicandum
1167 835 1225 894 est;

221 928 278 970 neo
303 910 379 970 idem
400 909 548 986 signorum
569 917 728 968 concentus
755 917 800 967 est
823 908 1003 986 procedente
1025 907 1062 968 ad
1084 909 1226 987 proelium

182 996 367 1069 ltexercitu,
392 991 467 1052 idem
491 993 623 1070 receptui
646 1009 770 1052 carmen.
814 991 1006 1068 Pythagoreis
1033 1001 1115 1052 certe
1138 994 1226 1052 moris

221 1078 291 1154 luit,
317 1086 346 1137 et
371 1095 435 1136 cum
456 1076 659 1152 evigilassem,
685 1077 796 1135 animos
818 1075 855 1136 ad
877 1075 969 1151 lyram
993 1077 1139 1152 excitare,
1169 1093 1225 1154 quo

222 1170 320 1221 essent
336 1161 371 1220 ad
387 1160 530 1237 agendum
545 1161 722 1229 erectiores;
745 1168 774 1219 et
792 1177 856 1219 cum
872 1176 1002 1218 somnum
1021 1168 1172 1238 peterent,
1191 1158 1226 1218 ad

222 1246 342 1306 eandem
358 1245 437 1323 prius
461 1244 553 1304 lenire
569 1253 697 1319 mentes,
721 1252 767 1319 ut,
790 1245 814 1302 si
836 1242 903 1321 quid
918 1243 1022 1303 fuisset
1038 1243 1226 1304 turbidiorum

92 1345 94 1351 ·
180 1343 213 1396 13
223 1330 446 1406 cogitationum,
464 1336 682 1406 componerent.
721 1325 832 1400 Quodsi
850 1328 975 1386 numeris
991 1345 1026 1386 ac
1040 1326 1135 1386 modis
1151 1328 1226 1387 inest

222 1412 362 1492 quaedam
383 1414 469 1472 tacita
487 1413 549 1472 vis:
575 1411 603 1471 in
626 1412 757 1470 oratione
775 1419 820 1469 est
839 1410 1106 1478 vehementissimae
1137 1428 1224 1490 quan·

175 1513 178 1519 ’
221 1507 336 1576 tumque
361 1497 496 1571 interest,
520 1514 623 1555 sensus
643 1496 718 1555 idem
739 1494 843 1572 quibus
864 1494 963 1554 verbis
984 1494 1140 1570 efferatur,
1164 1503 1224 1555 tan·

220 1590 288 1654 tum,
305 1579 394 1639 verba
407 1579 508 1638 eadem
523 1598 578 1657 qua
594 1580 804 1657 compositione
817 1578 865 1637 vel
877 1580 906 1638 in
916 1587 997 1637 textu
1012 1580 1165 1656 iungantur
1176 1578 1224 1637 vel

220 1666 248 1722 in
262 1664 317 1722 line
335 1662 511 1722 claudantur.
556 1662 630 1722 Nom
645 1662 787 1740 quaedam
804 1671 833 1721 ot
848 1663 999 1722 sententiis
1011 1680 1099 1740 parva
1116 1671 1146 1721 et
1162 1661 1224 1721 elo·

180 1756 213 1810 14
221 1749 336 1806 cutione
352 1746 464 1806 modica
479 1747 569 1805 virtus
589 1745 663 1806 haec
681 1746 746 1805 sola
764 1747 955 1806 commendat.
994 1745 1129 1823 Denique
1148 1744 1225 1823 quod

221 1831 424 1907 cuiquevisum
434 1831 488 1888 erit
498 1829 697 1905 vehementer,
707 1828 841 1906 dulciter,
854 1831 993 1909 speciose
1002 1829 1119 1905 dictum,
1129 1829 1225 1890 solvat

220 1923 250 1973 et
264 1913 377 1973 turbet:
401 1913 503 1972 abierit
521 1914 612 1972 omnis
627 1914 688 1989 vis,
705 1913 882 1990 iucunditas,
899 1912 1000 1973 decor.
1031 1913 1125 1973 Solvit
1137 1931 1223 1992 quae·

220 2000 284 2059 dom
300 2014 351 2056 sua
368 1999 396 2056 in
413 1995 536 2056 Oratore
552 1995 674 2058 dicero:
690 1995 795 2076 Neque
808 2017 855 2059 me
869 1998 995 2059 divitiae
1008 2007 1142 2073 movent,
1160 1999 1224 2076 qui·

219 2081 277 2142 boc
290 2100 392 2142 omnes
402 2077 568 2158 Africanos
583 2089 613 2142 et
626 2079 748 2145 Laelios
762 2081 849 2143 mube‘
861 2082 1006 2144 venalicii
1024 2088 1224 2143 mercatores·

219 2182 278 2243 que
292 2173 497 2244 superarum,
521 2174 552 2224 et
573 2167 759 2244 insequentes
775 2166 914 2244 deinceps
931 2165 1086 2244 periodos;
1111 2183 1183 2244 quas
1201 2165 1225 2225 si

219 2248 256 2308 ad
272 2248 352 2308 illum
367 2249 481 2308 modum
497 2249 612 2310 turbes:
634 2250 714 2313 velut
729 2250 821 2310 fracta
838 2259 886 2309 aut
900 2259 1066 2309 transversa
1082 2249 1142 2309 tela
1156 2266 1224 2327 pro·

179 2333 336 2392 15ieceris.
379 2333 460 2413 ldem
482 2335 618 2410 corrigit,
642 2352 717 2413 qnae
744 2351 759 2393 a
782 2332 914 2394 Graccho
936 2334 1097 2412 composita
1126 2334 1224 2393 durius

219 2425 309 2495 putat.
333 2415 416 2477 Illum
431 2417 531 2486 decet;
548 2435 601 2478 nos
617 2417 672 2478 hac
686 2436 783 2478 sumus
798 2417 971 2495 probatione
987 2417 1129 2492 contenti,
1147 2415 1226 2495 quod

219 2501 246 2559 in
269 2500 441 2575 scribendo,
473 2519 547 2579 quae
568 2519 601 2560 se
625 2502 708 2561 nobis
733 2501 874 2561 solutiora
895 2501 1079 2577 obtulerunt,
1105 2517 1224 2579 compo·

219 2584 320 2643 nimus.
369 2583 444 2658 Quid
467 2585 542 2643 enim
562 2587 663 2645 attinet
683 2603 783 2644 eorum
808 2585 940 2663 exempla
967 2603 1128 2663 quaerere,
1150 2600 1224 2662 quae

218 2667 273 2726 sibi
289 2669 412 2746 quisque
429 2670 557 2745 experiri
573 2667 692 2747 potest?
727 2668 802 2729 lllud
817 2678 937 2728 notasse
952 2670 1022 2728 satis
1037 2668 1148 2743 habeo,
1167 2685 1223 2746 quo

218 2751 385 2829 pulchriora
405 2761 435 2811 et
449 2769 538 2811 sensu
555 2761 585 2811 et
600 2752 766 2813 elocutione
782 2753 971 2829 dissolveris,
989 2752 1046 2812 hoo
1062 2753 1223 2813 orationem

217 2837 309 2911 magis
333 2834 492 2894 deformem
514 2835 598 2911 iore,
633 2838 699 2914 quia
724 2837 903 2914 negligentia
928 2836 1131 2896 collocationis
1160 2836 1223 2913 ipsa

180 2918 372 2982 loverborum
395 2918 463 2978 luce
489 2919 723 2997 deprehenditur.
768 2921 870 2999 ltaque
892 2929 923 2980 ut
949 2920 1107 2996 confiteor,
1129 2935 1223 2998 paene

218 3003 343 3062 nltimam
359 3003 523 3063 oratoribus
545 3013 634 3064 artem
659 3005 894 3083 compositionis,
923 3022 998 3082 quae
1021 3003 1155 3082 perfecta
1174 3002 1222 3077 sit,

218 3087 395 3164 contigisse:
417 3088 456 3146 ita
477 3087 534 3146 illis
558 3105 674 3166 qnoque
697 3089 801 3167 priscis
825 3088 950 3148 habitam
972 3090 1047 3147 inter
1063 3105 1165 3163 curas,
1194 3087 1221 3145 in

218 3179 353 3247 quantum
368 3170 461 3230 adhuc
477 3171 681 3249 proiecerant,
706 3182 787 3250 puto.
825 3171 928 3249 Neque
951 3173 1026 3230 enim
1042 3170 1109 3231 mihi
1126 3188 1221 3250 quam

218 3252 288 3313 libet
312 3273 431 3332 magnus
462 3264 565 3315 auctor
589 3254 693 3316 Cicero
721 3257 917 3333 persuaserit,
942 3254 1063 3331 Lysian,
1089 3254 1218 3314 llerodo·

179 3343 210 3398 17
217 3344 292 3411 tum,
318 3338 505 3414 Thucydiden
530 3357 629 3417 parum
650 3339 796 3400 studiosos
818 3341 880 3399 eius
901 3339 1003 3398 fuisse.
1044 3337 1141 3399 Genus
1164 3338 1221 3399 lor·

218 3427 298 3480 tasse
321 3422 377 3482 sint
402 3424 495 3483 secuti
518 3441 576 3482 non
598 3424 690 3499 idem,
714 3423 791 3501 quod
814 3422 1029 3484 Demosthenes
1054 3431 1103 3482 aut
1123 3422 1220 3489 Plato;
