2566 4026
186 187 246 248 254
505 194 868 254 mnuuournnmutn

188 372 250 416 cum
266 350 486 413 Demosthenen
507 367 627 429 puerum
644 350 795 410 admodum
816 351 952 411 actiones
969 353 1200 431 pupillareslre

186 437 284 499 baisse
302 437 484 497 maniiestum
505 436 559 510 sit,
581 432 706 509 Calvus,
728 431 858 511 (laesor,
883 433 1130 497 Polliomultun
1145 449 1203 499 ante

189 524 382 603 quaestoriam
405 537 504 579 omnes
528 527 652 578 aetatem
670 518 845 596 grauissima
868 519 978 579 iudicia
1003 525 1202 600 susceperint,

188 615 389 687 praetextatos
413 606 511 681 egisse
526 602 665 680 quosdam
684 604 720 660 sit
741 602 891 678 traditum,
918 601 1203 682 cnemnugunn

160 691 341 753 aduodectn
357 698 441 747 natus
464 703 554 747 annos
577 688 670 746 ariam
685 702 739 764 pro
762 688 865 746 rostris
884 687 1072 749 laudaverit.
1104 688 1202 752 Modus

186 775 254 836 milri
267 775 382 834 videtur
398 772 511 850 qnidam
526 771 679 844 tenendus,
696 778 726 828 ut
741 788 837 848 neque
849 788 1066 850 praepropere
1084 774 1201 834 destrin-

187 869 270 937 gatur
286 860 434 917 immatura
450 856 532 915 frons
550 864 596 930 et,
621 853 759 933 quidquid
772 863 821 914 est
835 854 908 917 illud
927 855 1034 916 adbuc.
1054 857 1200 933 acerbum,

187 943 368 1022 proieratum
383 958 449 1000 narn
463 940 529 999 inde
541 949 572 998 et
587 947 769 1017 contemptus
781 940 1083 1019 operisinnasoitur,
1095 952 1133 1003 et
1147 943 1200 1004 tm·

188 1027 320 1087 demente
334 1027 477 1085 iaciuntur
491 1024 704 1102 impudentiae,
723 1030 771 1098 ct,
788 1023 867 1101 quod
885 1032 931 1082 est
945 1022 1127 1105 ubicunque
1143 1045 1200 1106 per·

158 1111 427 1184 aniciosissimum,
451 1109 602 1186 praevenit
617 1109 696 1167 vires
713 1106 827 1167 fiducia.
857 1106 920 1167 Nec
935 1126 1043 1168 rursus
1068 1111 1201 1171 different·

188 1196 253 1255 dum
269 1202 315 1253 est
329 1193 491 1252 tirocinium
505 1195 534 1251 in
549 1200 745 1258 senectutem3
763 1190 948 1251 namcotidie
964 1202 1068 1254 metus
1086 1197 1202 1269 crescit,

188 1280 337 1357 maiusque
354 1278 533 1356 lit-semper,
555 1276 631 1354 quod
649 1276 745 1336 ausuri
760 1294 872 1351 sumus,
898 1282 942 1351 et,
964 1275 1039 1336 alum
1057 1278 1202 1341 delibera·

188 1381 261 1438 mus,
280 1362 395 1441 quando
409 1361 603 1440 incipiendum
618 1361 665 1435 sit,
683 1360 815 1438 incipere
831 1361 886 1419 iam
902 1377 1000 1418 seran
1013 1371 1080 1421 est.
1108 1363 1203 1438 Quare

189 1448 310 1507 fructum
340 1446 498 1505 studiorum
520 1445 640 1504 viridem
665 1453 695 1503 et
722 1444 815 1503 adhuc
837 1443 952 1504 dulcem
981 1449 1084 1522 promi
1108 1448 1203 1522 decet,

190 1533 255 1592 dnm
280 1540 309 1590 et
329 1532 415 1590 venia
441 1539 473 1589 et
495 1547 566 1608 spes
585 1537 633 1588 est
655 1537 684 1587 et
709 1537 827 1606 paratus
848 1528 934 1588 lavor
955 1537 985 1586 et
1005 1530 1130 1592 audere
1152 1549 1204 1592 nor

190 1615 332 1682 dedecet;
357 1623 401 1689 et,
424 1616 447 1672 si
465 1613 533 1692 quid
548 1613 625 1672 desit
639 1613 742 1690 operi,
767 1610 884 1690 supplet
898 1620 1002 1688 aetas,
1026 1623 1083 1691 et,
1110 1618 1137 1675 si
1148 1634 1204 1696 -qm

161 1703 256 1758 dsunt
278 1699 354 1757 dicta
376 1697 559 1771 iuveniliter,
582 1713 637 1775 pro
661 1695 760 1755 indole
781 1697 977 1774 accipiuntur:
1000 1706 1035 1756 ut
1051 1707 1136 1759 totus
1156 1700 1204 1760 ille

191 1780 343 1842 Ciceronis
358 1798 412 1858 pro
428 1782 519 1840 Sexto
527 1779 636 1839 Roscio
654 1779 751 1840 locus:
770 1777 852 1853 qnia
865 1781 945 1841 mim
960 1788 1028 1840 tam
1040 1802 1205 1846 commum

191 1882 283 1943 quam
304 1866 432 1943 spiritua
451 1866 543 1939 eicis,
573 1872 659 1925 terro
678 1866 824 1941 mortuis,
854 1883 943 1926 mccc
962 1860 1204 1942 fluctuantibus,

190 1951 261 2010 utus
282 1950 408 2010 eiectis?
438 1947 519 2020 Quae
543 1966 605 2008 cum
623 1966 677 2007 sex
696 1956 728 2008 et
743 1949 844 2026 viginti
860 1957 942 2008 natus
965 1966 1063 2009 armos
1086 1953 1205 2012 summis

190 2030 364 2094 audientium
386 2031 562 2092 clamoribus
584 2033 704 2092 dixerit.
731 2033 895 2093 defervisse
911 2042 1051 2111 tempore
1069 2044 1101 2095 et
1122 2038 1204 2096 annis

191 2114 317 2195 liquata,
341 2118 396 2177 iam
420 2117 520 2177 senior
539 2116 616 2177 idem
637 2117 753 2177 latetur.
784 2115 821 2176 lit
843 2117 964 2177 hercule
985 2121 1205 2195 qumntnmlibet

190 2211 307 2262 secreta
329 2200 422 2261 studia
449 2201 637 2261 contulerint:
663 2209 829 2260 esttamen
850 2202 988 2280 proprius
1003 2203 1129 2280 quidam
1147 2204 1206 2264 :ieri

191 2285 358 2365 profectus,
377 2285 433 2346 alia
451 2286 516 2362 lux,
539 2284 595 2345 alia
611 2286 673 2345 veri
689 2285 861 2345 discriminis
877 2285 985 2353 iacies3
1011 2286 1166 2367 plusque,
1180 2288 1205 2347 ai

192 2388 332 2449 separes,
354 2389 424 2430 usus
439 2372 502 2430 sine
521 2370 652 2430 doctrina
671 2386 755 2447 qnam
775 2370 846 2429 citra
862 2387 943 2428 usum
960 2366 1098 2432 doctrina
1113 2373 1203 2433 valet

165 2466 181 2515 5
194 2453 324 2533 Ideoque
339 2455 467 2515 nonnulli
482 2473 571 2514 senes
587 2455 615 2513 in
629 2453 732 2513 schola
744 2453 818 2512 'iacti
834 2462 950 2531 stupent
965 2454 1118 2532 novitate,
1144 2473 1205 2516 cun

193 2539 221 2597 in
244 2539 350 2599 indicia
374 2548 533 2614 venerunt,
564 2547 592 2597 et
614 2539 706 2596 omnia
731 2538 790 2596 suis
813 2536 1077 2598 exercitationibus
1098 2540 1204 2600 similia

194 2623 370 2682 desiderant.
403 2621 442 2681 m
462 2622 523 2682 illic
544 2631 573 2681 et
594 2621 682 2681 iudex
703 2630 781 2680 tacet
803 2630 832 2680 et
853 2621 1040 2681 adversarius
1056 2623 1205 2702 obstrepit

195 2715 224 2765 et
239 2705 309 2766 nihil
324 2715 436 2766 temere
452 2706 557 2766 dictum
573 2707 667 2784 perit,
685 2713 730 2780 et,
747 2707 771 2763 si
788 2706 857 2784 qnid
871 2705 924 2765 tibi
940 2723 1056 2782 sumas,
1074 2706 1203 2786 proben-

194 2790 260 2850 dum
277 2799 332 2866 est,
350 2799 380 2850 et
395 2789 554 2850 laboratam
570 2797 799 2868 congestamque
816 2789 927 2849 dierum
943 2807 979 2848 ac
994 2792 1127 2850 noctium
1144 2801 1202 2850 stu·

195 2874 243 2933 dio
265 2876 408 2934 actionem
430 2892 505 2953 aqua
526 2874 642 2947 delicit,
670 2882 699 2932 et
721 2874 829 2932 omisso
851 2891 956 2950 magna
976 2891 1100 2952 semper
1115 2874 1202 2936 flandi

195 2968 307 3019 tumore
323 2960 350 3018 in
368 2957 538 3038 quibusdem
555 2958 650 3018 causis
668 2957 842 3036 loquendum
860 2966 921 3025 est;
944 2958 1023 3036 quod
1039 2957 1084 3018 illi
1100 2957 1201 3019 diserti

167 3044 309 3105 dminime
327 3044 428 3102 sciunt.
458 3041 560 3121 ltaque
577 3040 731 3100 nonnullos
749 3044 897 3120 reperias,
922 3043 970 3120 qui
985 3040 1042 3100 sibi
1060 3042 1201 3122 eloqnem

195 3129 287 3187 tiores
298 3127 460 3203 videantur,
477 3144 561 3206 quam
576 3135 606 3184 nt
619 3143 722 3185 cauam
733 3134 829 3202 agant.
857 3123 993 3185 Ceterum
1006 3124 1099 3202 sslnnr,
1117 3145 1201 3206 quern

195 3212 329 3271 iuvenem
350 3213 519 3290 tenerisque
536 3210 629 3269 adhuc
645 3209 753 3268 viribus
771 3211 909 3269 nitentem
925 3209 953 3266 in
969 3208 1064 3269 iorum
1082 3211 1200 3271 deduxi·

196 3314 273 3370 mus,
292 3304 321 3354 et
337 3297 468 3374 incipere
484 3313 568 3374 qnam
583 3295 709 3352 maxime
727 3293 808 3352 dacili
824 3311 858 3352 ac
876 3292 1029 3353 favorabili
1046 3311 1139 3355 causa
1154 3312 1200 3353 ve·

196 3377 261 3453 lim,
287 3379 412 3440 serarum
435 3387 464 3438 ut
485 3379 572 3439 catuli
594 3377 728 3437 molliore
748 3377 858 3456 praeda
882 3377 1066 3455 saginantur,
1096 3388 1126 3439 et
1147 3395 1200 3440 non

196 3463 295 3542 ntique
321 3462 358 3522 ab
385 3463 443 3522 lroc
469 3463 551 3522 initio
579 3462 746 3521 continuare
774 3479 893 3540 operam
913 3468 943 3520 et
965 3460 1086 3538 ingenio
1109 3463 1200 3524 adbuc
