2566 4026
354 159 833 229 unsu.ounuon.c1n.1V‚s.s.
1039 147 1098 214 185

100 320 185 398 cidit,
202 320 416 400 interpellatio,
430 320 608 380 interuentus
624 318 761 392 alicuius,
776 318 922 378 tumultus.
955 318 1038 380 Unde
1054 316 1141 387 cr-1r

99 407 200 466 ceroui
214 423 330 484 quoque
345 405 374 464 iu
387 405 556 483 prooemio,
573 421 637 464 cum
651 402 764 463 diceret
780 418 833 480 pro
849 400 969 479 Milone,
988 403 1102 481 digredi

98 489 152 549 luit
166 507 303 565 necesse,
319 496 350 548 ut
363 489 427 565 ipsa
442 486 631 563 oratiuncula,
649 505 704 565 qua
718 503 787 544 usus
803 494 858 561 est,
877 494 966 565 patet.
1000 487 1102 548 Potest

98 582 193 633 autem
209 573 296 652 paulo
312 573 428 650 longius
444 573 543 648 exire,
571 573 618 649 qui
633 578 788 649 praeparat
807 569 916 648 aliquid
932 580 997 630 ante
1013 588 1100 648 quse·

99 659 223 717 stiouem
245 667 274 717 et
289 657 338 737 qui
353 656 450 716 linitae
464 655 628 734 probationi
646 655 727 715 velut
740 653 1016 714 commendationem
1030 655 1100 715 adii·

99 743 148 802 cit.
180 741 219 801 At
236 743 284 819 qui
305 760 343 802 ex
358 740 451 800 media
467 740 609 818 erumpit,
626 740 683 798 cito
701 738 737 798 ad
752 736 780 797 id
798 737 895 797 redire
910 736 1009 814 debet,
1025 737 1101 799 uude

97 825 232 885 devertit.
714 824 718 829 ’

447 976 491 1026 DE
509 972 754 1027 PROPOSITIONE.

182 1071 231 1132 lv.
263 1073 334 1134 Sunt
353 1075 401 1151 qui
420 1073 577 1132 narrationi
600 1071 903 1149 propositionem
931 1068 1103 1148 subiungant

98 1167 232 1235 tanquam
254 1167 365 1235 partem
389 1155 532 1217 iudicialis
555 1157 709 1230 materiae,
731 1154 777 1213 cui
800 1155 928 1232 opinioni
949 1155 1101 1233 respondi·

99 1259 170 1301 mus.
212 1239 282 1301 llihi
309 1250 404 1301 sutem
430 1241 594 1318 propositio
620 1238 734 1298 videtur
759 1240 850 1297 omnis
878 1237 1101 1298 confirmationis

97 1326 224 1401 initium,
247 1325 324 1403 quod
344 1342 401 1385 non
419 1323 505 1384 modo
521 1325 549 1383 in
565 1320 744 1383 ostendenda
762 1323 933 1400 quaestione
949 1322 1103 1401 principali

98 1409 151 1468 sed
166 1426 366 1488 nonnunquam
389 1410 474 1469 etiam
495 1409 524 1468 in
539 1406 660 1485 siugulis
676 1407 852 1483 argumentis
868 1407 937 1484 poni
951 1406 1030 1466 solet
1044 1424 1102 1467 ma-

99 1495 233 1571 ximeque
253 1495 281 1554 in
303 1494 364 1570 his,
388 1511 462 1571 quac
486 1485 693 1572 ἐπιχειρήματα
712 1499 862 1550 vocantur.
900 1489 959 1550 Sed
976 1508 1051 1550 nunc
1066 1490 1103 1550 de

98 1578 197 1655 priore
214 1578 366 1656 loquimur.
397 1577 440 1637 lla
455 1593 513 1636 non
528 1592 644 1655 semper
658 1577 699 1635 uti
710 1592 834 1634 necesse
851 1583 906 1634 est.
936 1573 1101 1652 Aliquando
1114 1589 1132 1642 n

99 1662 173 1720 euim
189 1664 252 1722 sine
267 1663 469 1741 propositione
489 1677 606 1739 quoque
621 1661 691 1720 satis
707 1657 888 1718 manifestum
906 1665 967 1734 est,
992 1658 1059 1736 quid
1074 1659 1103 1717 in

99 1748 270 1822 quaestione
291 1755 441 1821 versetur,
464 1747 564 1824 utique
585 1746 610 1803 si
634 1745 758 1804 narratio
775 1741 814 1802 ibi
829 1741 914 1802 finem
928 1741 1032 1818 habet,
1054 1741 1104 1802 ubi

99 1830 206 1888 initium
223 1832 370 1908 quaestio:
388 1830 480 1905 adeo,
498 1828 695 1906 utaliquando
712 1826 900 1904 subiungatur
915 1827 1103 1905 expositioni,

100 1931 175 1991 quac
190 1913 267 1973 solet
282 1917 311 1974 in
329 1915 505 1992 argumentis
522 1931 589 1973 esse
605 1929 712 1972 summa
729 1910 885 1971 collectio:
907 1908 1005 1986 Haec,
1023 1910 1104 1999 mont

98 2000 238 2076 capuam,
259 2000 305 2059 ita
317 2008 406 2076 perta
425 2005 512 2074 tunt,
526 1998 665 2066 indicem
679 1997 845 2057 insidiator
860 2001 1028 2073 superatne
1047 2002 1102 2070 cot,

98 2083 129 2143 ci
145 2084 227 2143 nicta
242 2084 289 2143 otc
303 2084 353 2144 nel
362 2083 466 2161 potius
486 2099 637 2161 oppresso
657 2082 769 2142 uirtute
783 2079 924 2141 audacio
938 2085 992 2142 cst.
1025 2076 1133 2142 Nou-3

99 2184 241 2243 nunquam
260 2183 331 2226 vero
347 2166 432 2228 valde
447 2166 525 2226 utilis
540 2175 599 2241 est,
622 2165 672 2225 uhi
688 2183 736 2224 res
753 2162 871 2223 defendi
884 2179 942 2222 non
957 2171 1056 2242 potest
1074 2171 1103 2222 et

99 2250 136 2311 de
152 2250 208 2310 inre
225 2253 385 2331 quaeritur,
401 2259 432 2313 ut
447 2268 500 2331 pro
520 2269 573 2326 eo,
596 2251 645 2328 qui
660 2249 811 2328 pecuniam
825 2249 966 2326 privatam
981 2248 1018 2308 de
1033 2256 1103 2307 tem·

98 2333 149 2414 plo
174 2334 302 2397 sustulit:
332 2336 498 2416 Sacrilepii
518 2337 641 2414 agitor,
664 2335 704 2395 de
722 2333 887 2411 sacrileqio
903 2331 1083 2410 cognoscitis
1090 2353 1104 2399 ,-

99 2427 130 2478 ut
146 2414 233 2482 iudex
251 2421 405 2500 intelligat,
422 2420 450 2481 id
465 2438 550 2480 unum
567 2437 634 2479 esse
651 2417 741 2476 cilicii
758 2418 812 2491 sui,
836 2433 996 2493 quaerere,
1013 2432 1048 2474 an
1063 2413 1102 2490 id,

101 2505 179 2582 quod
193 2503 344 2581 obiicitur,
371 2505 557 2583 sacrilegium
572 2504 618 2562 sit.
657 2500 729 2560 ltem
749 2502 777 2559 iu
796 2501 891 2559 causis
907 2498 1040 2558 obscuris
1056 2506 1133 2564 autt

100 2588 321 2665 multiplicibus;
344 2607 400 2649 nec
422 2607 539 2666 semper
554 2596 676 2667 propter
692 2585 750 2645 lroc
766 2583 876 2658 solum,
905 2592 936 2642 ut
957 2583 995 2642 sit
1018 2599 1105 2642 causa

101 2672 241 2747 lucidior,
263 2673 315 2734 sed
332 2673 486 2751 aliquando
503 2674 604 2745 etiam,
626 2680 656 2730 ut
675 2671 767 2747 magis
781 2676 908 2728 moveat.
942 2665 1041 2726 llovet
1056 2683 1105 2726 cu·

101 2765 170 2830 tem,
187 2757 212 2814 si
222 2757 352 2834 protinus
366 2756 556 2817 subtexantur
564 2757 671 2833 alique,
685 2772 760 2832 quae
772 2753 894 2831 prosint.
921 2749 987 2813 Leo>
997 2757 1107 2829 aperte

100 2839 221 2916 scripta
242 2848 304 2916 cot,
326 2849 359 2901 ut
371 2842 570 2919 peregrinus,
595 2839 648 2918 qui
662 2857 782 2900 moretm
797 2837 992 2912 accenderit,
1011 2840 1108 2895 morte

101 2923 244 2984 multetur
250 2947 265 2995 ,·
280 2927 480 3003 peregrinum
495 2934 523 2986 te
537 2943 605 2986 cose
619 2932 736 2984 certum
752 2929 815 2988 ectr
837 2921 910 2998 quin
925 2918 1107 2981 ascenderis

100 3025 238 3083 murum,
259 3027 320 3070 non
349 3010 528 3086 querentium
548 3009 624 3086 quid
639 3015 794 3086 superest,
819 3006 880 3066 nisi
898 3011 932 3065 ut
953 3011 983 3065 tc
999 3001 1108 3081 puniri

101 3093 263 3169 oportent?
298 3091 378 3153 llaec
408 3094 483 3152 enim
509 3093 673 3171 propositio
704 3090 920 3152 confessionem
948 3087 1107 3147 adversarii

101 3175 206 3252 premit
231 3182 260 3233 et
281 3176 491 3254 quodammodo
514 3175 655 3236 iudicandi
674 3193 782 3234 moram
804 3172 895 3249 tollit,
925 3189 981 3232 uec
1000 3171 1108 3231 iudicat

102 3260 307 3336 quaestionem
321 3260 408 3320 iudici
423 3260 477 3320 sed
494 3262 619 3321 adiuvat.

186 3342 258 3402 Sunt
281 3353 375 3404 autem
397 3347 614 3424 propositiones
638 3352 666 3402 et
686 3341 833 3420 simplices
856 3349 885 3400 et
904 3339 1037 3418 duplices
1058 3337 1135 3398 velo

98 3425 294 3506 multiplices,
316 3428 393 3507 quod
413 3428 517 3489 accidit
537 3445 596 3488 non
611 3444 668 3486 uuo
691 3426 787 3485 modo.
819 3423 891 3485 Nam
906 3434 935 3485 et
949 3423 1035 3505 plurs
1050 3423 1105 3484 cri·
