2566 4026
154 171 216 235 228
470 187 835 246 annemundum

111 341 280 422 ddplurimis
301 341 434 401 versibus
455 358 513 400 non
533 341 723 401 fastidierunt.
768 339 871 419 Neque
888 350 933 400 est
954 343 1084 420 ignobile
1106 363 1156 403 ex·

154 425 294 504 emplum,
316 423 462 504 Megarios
479 425 514 485 ab
529 424 770 500 Atheniensibus,
795 442 859 483 cum
876 424 912 484 de
929 426 1072 486 Salamine
1088 445 1157 486 con·

153 509 321 584 tenderent,
343 511 438 568 victos
452 507 569 568 Homeri
585 526 688 584 versu,
712 509 760 586 qui
774 517 870 568 tamen
884 510 1020 587 ipsenon
1034 513 1063 570 in
1081 513 1159 571 omni

155 594 280 654 editione
293 595 454 671 reperitur,
475 592 657 670 significans,
675 592 796 652 Aiacem
811 610 900 652 naves
916 611 983 653 suas
998 593 1157 654 Athenien·

111 676 231 738 41sibus
253 677 390 735 iunxisse.
435 675 478 735 lla
499 693 631 755 quoque,
655 694 729 754 quae
745 675 834 752 vulgo
854 686 975 755 recepta
997 687 1077 753 sunt,
1101 678 1158 739 boc

154 763 237 838 ipso,
260 760 338 840 quod
356 762 497 819 incertum
519 769 666 819 auctorem
684 758 806 835 babent,
828 758 909 819 velut
931 763 1054 820 omnium
1073 762 1157 822 liunt:

155 844 241 923 quale
263 853 324 920 εει,
361 841 419 905 Ubi
435 845 544 920 amici,
565 846 609 906 ibi
623 862 716 922 opca;
738 852 783 917 et,
809 840 1001 907 Conscientia
1015 847 1097 908 mille
1115 855 1158 909 tc-

153 936 234 999 stes,·
263 936 293 986 ει
314 928 390 1006 apud
412 925 599 1003 Ciceronem,
628 927 726 988 Parce
747 935 848 988 autem
868 926 916 1006 (ut
937 937 983 990 cot
1004 931 1038 989 c'o
1056 939 1159 991 octerc

150 1012 329 1091 proverbio)
360 1031 428 1072 cum
454 1013 588 1091 paribus
620 1013 753 1072 maxime
782 1021 1029 1090 congregantem,-
1062 1031 1159 1093 neque

155 1096 230 1153 enim
251 1095 403 1155 durassent
423 1095 497 1154 haec
520 1097 549 1154 in
569 1103 734 1171 aeternum,
756 1096 811 1153 nisi
831 1113 902 1154 vera
926 1096 1057 1155 omuibus
1078 1096 1158 1156 vide-

113 1180 260 1238 sanemur.
306 1178 425 1238 Ponitur
446 1197 461 1238 a
477 1179 647 1258 quibusdam
662 1188 691 1238 et
706 1177 822 1258 quidem
837 1180 866 1237 in
882 1189 965 1257 parte
983 1182 1073 1258 prima
1089 1181 1160 1240 deo-

155 1281 216 1323 rum
237 1264 411 1339 auctoritas,
434 1271 575 1341 quaeest
600 1281 638 1322 ex
658 1264 824 1340 responsio,
847 1271 894 1338 ut,
917 1263 1070 1326 Socraten
1092 1283 1161 1326 case

155 1349 421 1426 sapientissimum.
466 1345 498 1406 ld
519 1364 613 1406 rarum
629 1355 746 1406 estnon
761 1347 823 1405 sine
840 1364 894 1405 usu
914 1357 1018 1407 tamen.
1063 1347 1158 1408 Utitur

156 1448 192 1490 eo
209 1429 314 1490 Cicero
330 1432 359 1489 iu
373 1429 449 1490 libro
465 1430 501 1490 de
516 1433 680 1509 aruspicum
691 1448 739 1489 res
763 1431 841 1489 ousia
858 1439 887 1489 et
901 1432 929 1490 in
941 1433 1077 1491 contione
1090 1449 1145 1491 oon

154 1523 196 1573 tra
211 1511 378 1589 Catilinam,
401 1531 465 1573 cum
480 1516 592 1590 signum
606 1513 684 1574 lovis
701 1448 852 1574 coKrmnae
866 1516 1032 1593 impositum
1047 1515 1158 1594 populo

155 1596 297 1666 ostendit;
321 1607 351 1657 et
366 1614 419 1675 pro
433 1597 565 1674 Ligario,
587 1616 650 1657 cum
664 1615 780 1658 causam
797 1596 829 1657 (l.
845 1595 980 1658 Caesaris
996 1599 1158 1675 meliorem,

156 1683 221 1759 quia
237 1680 294 1740 boc
310 1680 348 1740 dii
363 1680 566 1756 iudicaverint,
587 1681 748 1741 confitetur.
779 1680 861 1754 Quae
879 1701 944 1741 cum
959 1685 1078 1761 propria
1092 1701 1158 1743 cau-

156 1781 206 1823 sae
222 1773 304 1840 sunt,
328 1764 422 1824 divina
438 1765 601 1824 testimonia
617 1774 771 1832 vocantur:
796 1783 859 1823 cum
875 1766 990 1826 aliunde
1007 1784 1158 1826 arcessun-

113 1856 216 1922 43tur,
240 1856 418 1925 argumenta.
462 1847 671 1927 Nonnunquam
693 1849 833 1925 contingit
854 1849 955 1909 iudicis
978 1866 1095 1929 quoque
1112 1859 1159 1908 aut

155 1932 313 1992 adversarii
331 1939 379 1990 aut
400 1932 480 2005 eius,
505 1933 553 2009 qui
574 1950 612 1990 ex
632 1932 749 1992 diverso
765 1934 841 2009 agit,
866 1932 971 1992 dictum
987 1933 1095 2012 aliquid
1112 1939 1164 1992 aut

154 2013 261 2073 iactum
279 2032 427 2074 assumere
446 2014 481 2074 ad
498 2032 613 2092 eorum,
636 2033 711 2095 quae
729 2014 915 2092 intendimus,
940 2015 1034 2075 iidem.

239 2096 363 2176 Propter
381 2099 458 2176 quod
475 2099 606 2175 fuerunt,
632 2101 679 2178 qui
696 2099 830 2177 exempla
849 2108 878 2158 et
895 2098 947 2160 bas
970 2101 1159 2160 auctoritates

155 2180 374 2242 inartificialium
395 2182 596 2261 probationum
618 2201 685 2243 esse
707 2183 929 2259 arbitrarentur,
955 2182 1033 2262 quod
1050 2200 1084 2242 ea
1101 2199 1161 2241 non

112 2265 296 2325 llinveniret
311 2276 411 2326 orator
427 2267 480 2327 sed
498 2268 656 2345 acciperet.
687 2267 841 2326 Plurimum
855 2276 950 2326 autem
960 2267 1060 2326 refert.
1087 2266 1161 2325 Nam

155 2350 238 2407 testis
255 2358 284 2408 et
299 2351 431 2430 quaestio
448 2360 478 2410 et
492 2351 536 2412 his
552 2352 654 2411 similia
667 2351 704 2412 de
716 2352 779 2429 ipsa
791 2368 839 2427 re,
858 2369 932 2428 quae
944 2353 973 2409 in
984 2350 1090 2410 iudicio
1103 2359 1159 2426 est,

155 2435 352 2510 pronuntiant;
370 2443 452 2495 extra
464 2437 570 2513 petita,
587 2436 642 2494 nisi
653 2434 689 2495 ad
701 2435 824 2513 aliquam
836 2437 1001 2512 praesentis
1015 2434 1159 2513 discepta-

155 2517 241 2576 tionis
257 2516 407 2579 utilitatem
423 2520 540 2596 ingeuio
556 2520 747 2597 applicantur,
770 2517 840 2577 nibil
855 2536 909 2596 per
925 2537 958 2577 se
973 2519 1081 2577 valent.

444 2671 488 2718 uu
505 2669 569 2720 usu
585 2669 868 2746 nncumannoaunr.

240 2764 303 2826 XII.
348 2765 428 2826 llaec
452 2767 515 2826 iere
537 2766 573 2826 de
594 2767 766 2845 probatione
789 2766 838 2827 vel
861 2766 896 2826 ab
912 2765 975 2826 aliis
993 2765 1097 2825 tradita
1112 2763 1161 2824 vel
1191 2762 1196 2773 '

153 2867 207 2909 usu
231 2859 372 2928 percepta
393 2851 422 2908 in
442 2849 500 2910 hoc
524 2859 637 2929 tempus
663 2850 801 2910 sciebam.
847 2848 950 2928 Neque
972 2849 1039 2908 mihi
1058 2848 1161 2910 iiducia

154 2943 216 3009 est,
240 2942 271 2992 ut
294 2950 329 2993 ea
345 2932 409 2992 sola
425 2951 491 2994 esse
508 2933 695 3010 contendam,
716 2936 784 3012 quin
798 2936 884 2993 immo
901 2933 1003 2993 bortor
1020 2931 1055 2992 ad
1072 2949 1160 3010 quae·

153 3016 273 3076 rendum
288 3025 318 3077 et
335 3017 455 3077 inveniri
471 3035 561 3096 posse
577 3017 686 3085 lateor;
711 3035 786 3098 quae
802 3027 898 3077 tamen
913 3016 1026 3076 adiecta
1042 3015 1160 3090 luerint,

153 3118 212 3160 non
234 3100 352 3161 multum
377 3100 412 3162 ab
438 3101 483 3160 his
510 3100 714 3162 abhorrebunt.
765 3101 848 3162 Nunc
873 3101 1013 3173 breviter,
1038 3116 1160 3176 quem·

127 3183 340 3246 tadmodum
362 3187 409 3245 sit
430 3185 600 3245 utendum
622 3188 692 3261 eis,
717 3184 896 3263 subiungam.
935 3182 1082 3243 Traditum
1098 3183 1162 3242 iere

154 3276 215 3340 est,
239 3277 436 3344 argumentum
451 3278 590 3347 oportere
609 3287 676 3329 esse
691 3269 878 3337 confessumc
893 3266 986 3327 dubiis
1003 3268 1077 3326 enim
1093 3283 1161 3345 pro·

154 3348 216 3408 bari
232 3349 317 3412 dubia
333 3354 381 3431 qui
397 3350 537 3430 possunt?
562 3352 709 3426 Quaedam
724 3362 835 3429 tamen,
852 3369 927 3432 quae
941 3353 970 3410 iu
982 3351 1103 3411 alterius
1117 3350 1161 3410 rei

154 3432 356 3510 probationem
372 3436 515 3514 ducimus,
539 3437 602 3516 ipsa
618 3436 767 3517 probanda
782 3444 856 3496 sunt.
886 3433 1036 3498 Occidisti
1048 3435 1162 3511 cirum,
