2566 4026
157 147 199 210 96
479 160 843 220 u.uus.qu1uum1uu1

157 317 213 376 tori
229 315 431 377 benedixisse
447 315 511 374 linis
532 325 587 374 εει.
620 313 692 374 Nem
712 325 757 375 est
778 334 825 376 urs
846 335 897 393 ea,
918 327 948 377 ut
962 327 1030 396 post
1045 319 1160 396 paulum

112 400 262 464 melarius
278 400 476 475 ostendemus,
494 400 522 458 in
537 408 604 458 actu
619 401 714 478 posita
729 417 786 459 non
802 402 830 460 in
845 401 962 461 ellectu.
997 401 1039 462 lta
1056 402 1160 462 ialsum

157 486 212 544 erit
232 482 304 544 illud
325 500 460 562 quoque,
484 483 561 560 quod
581 483 703 559 dicitur,
725 492 811 546 ortes
831 487 930 561 scire,
958 488 1083 563 quoodo
1101 489 1161 547 sint

154 568 246 646 finem
260 577 462 638 consecutam
477 567 649 628 rhetoricen
662 569 793 630 nescire.
819 568 892 628 Nam
904 586 937 628 εε
949 571 1072 648 quisque
1085 569 1161 630 bene

157 652 257 711 dicere
272 651 418 729 intelligit.

245 733 295 796 Uti
309 739 395 796 etiam
408 735 490 796 ottit‘s
503 733 692 809 rhetoricen,
713 734 792 812 quod
812 753 859 796 ers
878 736 956 796 nulla
980 737 1085 812 faciat,
1106 739 1161 797 cri·

114 819 314 895 trutinantur,
335 822 401 898 quia
422 827 451 878 et
466 817 570 877 falsum
587 817 664 877 dicat
684 827 713 877 et
733 818 855 878 allectus
870 828 995 881 moveat.
1032 820 1163 894 Quorum

157 913 289 964 neutrum
309 913 354 963 est
369 911 470 980 turpe,
495 918 558 960 cum
574 900 829 962 exhonoratione
844 904 1054 981 proficiscitur,
1079 905 1160 964 ideo·

158 1006 214 1067 que
235 995 366 1047 neutrum
384 985 491 1045 vitium.
531 983 603 1044 Nam
629 995 659 1045 ει
679 987 858 1047 mendacium
880 987 979 1047 dicere
1007 989 1093 1047 etiam
1114 1006 1160 1047 sa·

157 1073 247 1152 pienti
271 1069 424 1149 aliquando
451 1085 623 1128 concessum
649 1079 711 1147 est,
740 1080 769 1130 ει
794 1070 932 1147 allectus,
958 1073 984 1130 si
1011 1070 1096 1130 aliter
1122 1072 1159 1130 ad

157 1156 331 1234 aequitatem
352 1152 473 1231 perduci
494 1153 582 1213 iudex
607 1172 664 1214 non
685 1157 812 1233 poterit,
839 1156 1008 1215 necessario
1030 1154 1158 1213 movebit

114 1248 265 1302 280rator.
309 1237 438 1315 Imperiti
465 1239 540 1296 enim
565 1238 692 1299 iudicant
726 1248 755 1298 et
781 1241 829 1317 qui
853 1239 1022 1316 frequenter
1046 1239 1075 1296 in
1101 1238 1158 1297 hoc

157 1321 390 1401 ipsumiallendi
412 1322 483 1398 sint,
505 1340 542 1381 ne
566 1314 674 1382 errent.
704 1322 793 1399 Nam,
817 1325 842 1382 si
862 1322 929 1383 mihi
953 1325 1101 1401 sapientes
1116 1325 1158 1381 iu·

157 1408 238 1466 dices
261 1405 378 1480 dentur,
404 1406 576 1483 sapientium
600 1409 752 1467 contiones
775 1417 862 1484 atque
885 1424 968 1466 omne
991 1407 1158 1472 consilium;

156 1488 226 1549 nihil
242 1488 347 1548 invidia
361 1489 477 1564 valeat,
499 1489 568 1548 nihil
584 1493 687 1567 gratia,
706 1491 777 1550 nihil
793 1493 890 1569 opinio
906 1499 1091 1569 praesumpta
1107 1489 1159 1549 lal-

156 1574 240 1650 sique
255 1581 364 1632 testes:
379 1591 518 1652 perquam
533 1575 570 1632 sit
586 1576 708 1651 exiguus
723 1575 1007 1653 eloquentiaelocus
1023 1585 1052 1634 et
1066 1591 1160 1653 prope

114 1659 183 1722 asin
197 1657 262 1717 sola
277 1657 473 1717 delectatione
494 1666 626 1734 ponatur.
658 1659 708 1717 Sin
723 1668 751 1718 et
771 1658 946 1717 audientium
959 1657 1084 1717 mobiles
1101 1660 1159 1717 ani-

156 1743 194 1800 mi
209 1749 238 1800 ει
252 1740 392 1801 totmalis
408 1741 533 1800 obnoxia
548 1743 670 1800 ueritas:
694 1752 756 1802 arte
774 1742 957 1820 pugnandum
972 1751 1017 1800 εει
1035 1751 1064 1800 ει
1080 1742 1159 1801 adhi-

156 1824 252 1885 benda
275 1842 349 1902 quac
372 1834 501 1904 prosunt.
540 1823 644 1902 Neque
668 1828 758 1902 enim,
781 1829 829 1904 qui
848 1835 930 1885 recta
950 1827 997 1884 via
1017 1825 1158 1902 depulsus

158 1918 220 1984 est,
240 1909 340 1969 reduci
355 1910 390 1970 ad
405 1927 467 1968 eam
481 1910 535 1968 nisi
550 1908 607 1968 alio
624 1909 701 1968 llexu
716 1918 826 1988 potest.

117 2003 151 2058 ιο
242 1993 365 2054 Plurima
386 2010 458 2052 vero
485 2010 522 2051 ex
544 2008 581 2051 eo
608 2003 708 2052 contra
734 1993 901 2053 rhetoricen
929 1991 1074 2052 cavillatio
1102 2000 1158 2066 εει,

158 2077 236 2154 quod
258 2095 296 2136 ex
315 2085 438 2154 utraque
456 2092 562 2136 causae
576 2086 660 2154 parte
681 2076 802 2136 dicatur.
836 2075 907 2135 lnde
928 2075 1019 2135 haec:
1042 2075 1159 2135 nullom

157 2179 224 2222 esse
244 2169 343 2222 artem
368 2162 558 2222 contrariom
581 2162 656 2238 stoi,
682 2161 855 2223 rhetoricen
879 2179 947 2220 esse
969 2160 1159 2221 contrariom

156 2243 230 2310 sibi,-
248 2244 367 2306 nullom
380 2252 478 2306 artem
493 2246 670 2320 destruere,
686 2247 769 2323 quod
783 2244 927 2326 effecerit,
942 2243 1090 2304 accidere
1102 2242 1158 2302 boo

157 2327 326 2391 rhetorices
346 2330 453 2407 operi,·
477 2331 548 2391 item
567 2337 622 2391 cut
645 2329 781 2391 dicenda
802 2347 872 2390 eam
892 2329 1005 2390 dooere
1025 2335 1079 2388 out
1099 2345 1159 2387 ooo

158 2412 309 2489 dicendo,
327 2414 432 2490 itaque
446 2416 496 2475 εει
506 2432 567 2492 per
581 2413 638 2476 hoc
653 2433 713 2475 aon
728 2433 794 2476 csse
807 2421 923 2490 ortem,
940 2414 1022 2491 quod
1036 2430 1096 2473 ooo
1111 2412 1159 2472 di-

158 2497 259 2560 cecdo
272 2499 466 2576 praeciptat,
484 2499 535 2560 ocl
543 2516 604 2578 per
620 2499 696 2574 hoc,
715 2500 813 2576 qaod,
832 2517 902 2560 cum
918 2498 1053 2558 diceudo
1066 2513 1159 2572 prae·

115 2589 149 2642 31
158 2583 290 2660 ceperit,
310 2584 401 2644 etium
418 2584 581 2643 contrario
601 2582 650 2643 ltt's
667 2584 785 2644 doceat.
821 2580 903 2654 Quae
923 2581 1016 2639 omnia
1036 2586 1159 2654 apparet

159 2665 196 2724 de
213 2683 247 2725 ea
268 2665 416 2725 rhetorice
431 2666 502 2740 dici,
522 2683 596 2741 quae
611 2668 649 2724 sit
663 2683 680 2724 a
696 2665 774 2724 bono
790 2667 853 2723 viro
869 2672 957 2740 atque
972 2661 1007 2719 ab
1022 2662 1086 2737 ipsa
1101 2660 1157 2716 vir-

158 2757 220 2808 tute
234 2751 380 2818 seiuncta;
398 2749 507 2826 alioqui
521 2747 569 2807 ubi
583 2749 685 2807 iniusta
701 2765 787 2807 causa
803 2755 863 2821 est,
885 2744 924 2804 ibi
939 2744 1086 2803 rhetorice
1100 2758 1158 2800 non

159 2841 221 2909 εει,
244 2833 318 2893 adeo
333 2841 364 2891 ut
382 2833 431 2891 vix
445 2830 605 2890 admirabili
623 2832 748 2910 quodam
764 2848 834 2890 casu
848 2831 942 2906 possit
956 2827 1108 2902 accidere,
1128 2834 1158 2884 ut

115 2920 196 2974 theu
218 2925 341 2994 utraque
361 2924 444 2994 parte
466 2924 582 2989 orator,
607 2914 636 2974 id
659 2924 704 2974 εει
723 2916 767 2972 vir
788 2913 898 2988 bonus,
922 2911 1008 2971 dicat.
1050 2910 1158 2970 'lamen

159 3001 294 3076 quoniam
307 3000 365 3060 hoc
380 3016 497 3078 quoque
512 3000 540 3057 in
554 3016 650 3057 rerum
665 3007 792 3058 naturam
808 2996 894 3073 cadit,
909 3005 939 3055 ut
955 2995 1027 3054 duos
1044 2995 1157 3072 sapien-

158 3090 204 3140 tes
227 3084 381 3162 aliquando
409 3084 501 3142 iustae
525 3099 629 3141 causae
654 3083 682 3140 in
705 3083 850 3143 diversum
870 3079 999 3155 trahant,
1026 3079 1157 3157 (quando

160 3166 245 3224 etiam
259 3176 437 3244 pugnaturos
454 3184 505 3226 εοε
520 3166 595 3225 inter
610 3183 660 3240 sc,
682 3167 707 3225 si
722 3166 795 3224 ratio
812 3167 850 3226 ita
865 3165 997 3238 duxerit,
1021 3162 1156 3242 credunt)

158 3249 346 3325 respondebo
362 3253 538 3330 propositis,
554 3258 641 3327 atque
654 3250 693 3311 ita
709 3250 841 3328 quidem,
862 3259 893 3308 ut
908 3256 1063 3326 appareat,
1085 3247 1158 3306 haec

128 3342 132 3349 '
159 3332 299 3392 aduersus
321 3351 373 3393 eos
395 3351 512 3412 quoque
532 3334 637 3393 frustra
657 3336 838 3412 excogitata,
861 3335 909 3412 qui
927 3333 1009 3392 malis
1030 3331 1158 3391 moribus

116 3417 403 3483 33n⁰men.0tttl0tis
419 3419 595 3497 indulgeant.
630 3416 702 3478 Nam
717 3417 864 3480 rhetorice
879 3421 937 3478 non
953 3427 998 3478 εει
1015 3416 1158 3477 contraria
