2566 4026
219 177 276 239 186
536 188 896 248 mrunoumrmrunr

172 357 207 412 24
298 345 357 405 Sed
380 361 437 404 uon
457 345 570 403 minore
591 344 686 404 studio
710 346 872 404 continetur
892 345 966 406 baec
989 345 1112 405 facultas
1134 364 1221 423 quam

215 437 340 508 paratur.
372 427 429 487 Ars
447 428 524 488 euim
538 428 630 488 semel
647 438 791 507 percepta
805 446 863 489 non
873 428 989 505 labitur,
1006 430 1089 489 stilus
1100 445 1220 507 quoque

214 513 426 572 intermissione
435 510 582 591 paululum
593 513 744 573 admodum
755 513 792 573 dc
800 513 952 573 celeritate
964 513 1111 592 deperdit;
1121 531 1220 590 prorn-

214 606 293 675 ptum
308 596 365 656 hoc
381 598 453 656 etin
474 597 612 674 expedito
633 598 760 675 positum
778 598 990 657 exercitatione
1007 597 1073 656 sola
1089 599 1220 656 contine·

214 689 269 740 tur.
304 680 367 739 llac
382 681 423 739 uti
438 682 482 739 sic
497 682 635 758 optimum
655 688 710 756 est,
728 688 760 739 ut
775 680 882 741 cotidie
893 681 1021 741 dicamus
1037 680 1221 741 audientibus

214 763 361 843 pluribus,
384 766 506 824 maxime
528 763 565 823 de
590 781 712 842 quorum
733 764 823 824 simus
843 765 950 824 iudicio
970 774 1057 842 atque
1082 766 1222 844 opinione

214 848 347 915 solliciti;
370 865 465 907 rarum
485 857 530 907 est
543 850 632 925 enim,
655 857 686 909 ut
701 849 772 908 satis
790 865 824 908 se
842 849 965 927 quisque
980 858 1125 909 vereatur.
1163 849 1222 909 Vel

171 933 269 995 uosoli
285 941 380 991 tamen
402 931 529 992 dicamus
550 933 648 1011 potius
671 950 755 1011 quam
779 934 893 993 omnino
915 949 973 992 non
994 932 1132 993 dicamus.
1167 932 1223 992 Est

214 1027 243 1077 et
266 1015 316 1075 illa
340 1017 511 1077 exercitatio
540 1016 686 1094 cogitandi
711 1025 847 1094 totasque
867 1018 1003 1077 materias
1027 1015 1076 1076 vel
1102 1016 1221 1076 silentio

215 1100 297 1178 (dum
313 1108 409 1159 tamen
427 1101 511 1179 quasi
528 1099 606 1160 dicat
625 1103 700 1160 intra
723 1118 756 1159 se
769 1101 884 1180 ipsum)
905 1101 1120 1179 persequendi,
1145 1118 1221 1179 quae

213 1184 292 1243 nullo
308 1200 366 1242 non
382 1192 411 1243 et
429 1193 562 1262 tempore
580 1193 609 1244 et
624 1184 709 1260 loco,
731 1185 845 1263 quando
861 1201 919 1244 non
936 1183 1013 1244 uliud
1029 1186 1150 1261 agimus,
1170 1203 1220 1244 ex·

213 1267 316 1347 plicari
340 1277 454 1346 potest,
478 1277 507 1328 et
524 1277 569 1328 est
589 1271 618 1328 in
640 1277 724 1348 parte
744 1268 844 1327 utilior
869 1286 954 1346 quam
980 1268 1054 1327 haec
1077 1270 1219 1346 proxima.

171 1351 387 1430 26Diligentins
403 1355 478 1411 enim
496 1354 679 1430 componitur
696 1369 780 1430 quarn
795 1352 860 1428 illa,
876 1354 905 1410 iu
923 1369 979 1431 qua
996 1361 1163 1411 contextum
1180 1353 1220 1411 di·

214 1438 298 1498 cendi
312 1438 502 1496 intermittere
512 1454 656 1495 veremur.
683 1435 794 1495 Rursus
811 1438 841 1496 in
856 1435 986 1514 aliaplus
1001 1437 1082 1514 prior
1094 1437 1219 1510 confert,

213 1523 296 1580 vocis
319 1521 497 1596 firmitatem,
522 1522 582 1579 oris
604 1520 790 1595 facilitatem,
813 1529 920 1580 motum
944 1521 1096 1599 corporis,
1119 1522 1167 1598 qui
1191 1529 1221 1578 et

213 1608 295 1684 ipse,
317 1613 349 1664 ut
368 1606 442 1682 dixi,
465 1605 574 1664 excitat
599 1612 746 1664 oratorem
768 1612 798 1664 ct
818 1605 975 1664 iactatione
996 1622 1113 1680 manus,
1135 1603 1219 1682 pedis

214 1686 421 1766 supplosione,
450 1689 526 1747 sicut
548 1687 639 1747 cauda
661 1687 764 1747 leones
784 1686 886 1748 facere
907 1687 1056 1764 dicuntur,
1079 1687 1219 1748 hortatur.

170 1771 390 1834 discedendum
401 1788 473 1831 vero
489 1788 606 1849 semper
623 1780 652 1831 et
667 1770 784 1850 ubique.
816 1770 920 1850 Neque
932 1773 1008 1831 enim
1023 1771 1086 1832 fere
1102 1781 1159 1830 tam
1176 1779 1221 1830 est

212 1854 289 1916 ullus
309 1855 372 1914 dies
390 1863 565 1932 occupatus,
588 1863 619 1914 ut
639 1854 709 1914 nibil
731 1855 906 1931 lucrativae,
928 1865 959 1915 ut
982 1853 1086 1916 Cicero
1102 1855 1220 1914 Brutum

213 1939 314 1999 facere
329 1939 426 2014 tradit,
443 1955 552 2017 operae
574 1939 610 1998 ad
625 1938 809 1999 scribendum
824 1949 873 1999 rut
887 1939 1044 2017 legendum
1058 1947 1106 1999 aut
1121 1939 1219 1999 dicen-

213 2024 279 2084 dum
293 2023 356 2100 rapi
365 2022 463 2100 aliquo
475 2031 620 2083 momento
632 2024 772 2102 temporis
784 2024 888 2101 possit.
916 2022 1065 2103 Siquidem
1076 2020 1110 2082 G.
1123 2020 1221 2082 Carbo

214 2107 299 2166 etiam
320 2109 349 2165 iu
372 2105 559 2166 tabernaculo
582 2105 698 2167 solebat
718 2107 773 2167 hac
794 2108 834 2165 uti
861 2108 1074 2166 exercitatione
1095 2106 1220 2166 dicendi.

169 2187 258 2253 28Ne
274 2191 303 2250 id
318 2190 432 2268 quidem
448 2193 611 2266 tacendum,
628 2190 706 2269 quod
723 2190 817 2251 eidem
837 2187 974 2250 Ciceroni
989 2190 1098 2268 placet,
1114 2190 1223 2249 nullum

212 2283 341 2334 nostrum
362 2293 482 2353 usquam
502 2274 699 2352 negligentem
720 2292 787 2333 esse
814 2291 991 2342 sermonem
1013 2272 1152 2352 quidquid
1178 2273 1220 2333 lo·

213 2377 333 2437 quemur
346 2358 527 2436 ubicunque,
549 2361 586 2418 sit
608 2375 662 2436 pro
684 2376 736 2418 sua
756 2356 872 2417 scilicet
889 2360 1025 2436 portione
1046 2358 1220 2436 perfectum.

213 2442 403 2502 Scribendum
425 2451 505 2503 certe
527 2460 670 2520 nunquam
693 2451 739 2502 est
759 2444 868 2519 magis,
890 2459 974 2520 quam
996 2459 1060 2501 cum
1075 2441 1164 2502 multa
1180 2442 1219 2500 di-

215 2543 312 2585 cemus
337 2544 374 2585 ex
393 2536 535 2605 tempore.
573 2525 616 2586 Ita
631 2527 707 2586 enim
721 2524 884 2586 servabitur
899 2524 1029 2604 pondus,
1047 2535 1076 2584 et
1091 2527 1221 2585 innatans

213 2609 264 2670 illa
278 2609 435 2669 verborum
450 2609 574 2670 facilitas
594 2611 624 2669 in
641 2609 729 2670 altum
745 2609 916 2678 redductum
940 2611 1015 2669 sicut
1034 2609 1135 2669 rustici
1152 2626 1219 2686 pro-

213 2694 304 2752 ximas
321 2694 389 2753 vitis
403 2694 518 2753 radices
536 2702 698 2772 amputant,
723 2711 797 2771 quae
819 2693 898 2752 illam
919 2695 948 2753 in
967 2711 1106 2752 summum
1126 2692 1221 2752 solum

170 2785 205 2838 29
213 2778 330 2852 ducunt,
346 2786 378 2837 ut
392 2777 547 2836 inferiores
562 2778 678 2856 penitus
696 2777 903 2837 descendendo
919 2779 1076 2837 firmentur.
1110 2776 1155 2835 Ac
1170 2795 1220 2836 ne-

178 2937 179 2940 *
212 2862 276 2921 scio
294 2878 340 2937 au,
357 2863 382 2921 si
397 2871 549 2938 utrumque
566 2879 630 2920 cum
652 2878 720 2920 cura
745 2870 774 2920 ct
789 2861 885 2921 studio
901 2859 1074 2936 fecerimus,
1095 2861 1220 2919 invicem

212 2946 319 3022 prosit,
342 2953 373 3004 ut
388 2944 544 3006 scribendo
562 2944 690 3004 dicamus
705 2944 888 3022 diligentius,
914 2944 1038 3005 diceudo
1059 2943 1220 3003 scribamus

212 3028 335 3088 facilius.
368 3029 559 3093 Scribendum
575 3045 664 3106 ergo,
682 3031 817 3106 quotiens
833 3027 948 3097 licebit;
971 3030 996 3088 si
1016 3027 1045 3088 id
1066 3044 1125 3086 non
1140 3026 1221 3087 dabi-

212 3121 268 3188 tur,
286 3114 484 3190 cogitandum
506 3113 541 3173 ab
558 3122 681 3191 utroque
703 3113 815 3173 exclusi
830 3112 938 3173 debent
952 3121 1048 3172 tamen
1063 3113 1167 3187 anniti,
1191 3119 1221 3171 ut

212 3213 308 3273 neque
324 3197 523 3276 deprehensus
547 3207 647 3258 orator
668 3215 764 3275 neque
780 3196 909 3274 litigator
924 3196 1078 3256 destitutus
1095 3213 1163 3254 esse
1178 3195 1221 3254 xi·

213 3279 324 3339 deatur.

171 3368 205 3422 dd
295 3362 468 3443 Plerumque
496 3334 592 3424 autem
613 3364 701 3424 multa
723 3364 875 3442 agentibus
898 3364 1021 3438 accidit,
1039 3371 1070 3422 ut
1096 3362 1219 3423 maxime

214 3449 382 3507 necessaria
397 3457 427 3508 et
446 3450 546 3527 utique
561 3449 639 3507 initia
657 3447 800 3525 scribant,
821 3456 920 3508 cetera
943 3465 1018 3526 quae
1039 3447 1125 3506 domo
1150 3447 1218 3507 alle·
