2566 4026
168 158 229 223 278
491 168 853 230 m.sss.au11vr1n1nu1

167 328 288 408 gratius,
304 328 329 388 si
347 344 404 406 qua
421 327 508 386 etiam
522 325 707 404 ambiguitate
724 325 869 387 conditur:
891 334 921 385 ut
938 323 1043 387 Cicero
1060 327 1088 385 in
1104 325 1171 388 Lar·

167 415 247 488 tium,
261 411 406 473 bominem
423 408 557 471 callidum
573 417 603 471 et
616 419 774 487 versutum,
792 428 856 471 oum
871 410 933 470 isin
946 412 1067 488 quadarn
1084 428 1172 475 eausa

169 504 323 576 suspectus
343 503 439 572 esset,
457 491 526 556 Nisi
541 496 569 555 si
583 510 645 573 aaa
663 492 768 557 Uliaes
781 495 942 557 iatmaasit
955 492 1083 557 Lartius
1087 518 1102 564 ,0
1118 513 1173 557 seu

125 589 159 646 st
168 581 266 641 verbis
284 598 321 640 ex
336 588 419 659 parte
434 579 564 639 mutatis:
587 587 617 638 ιι
632 579 660 637 in
675 597 757 656 eum,
776 578 841 658 qui,
859 595 923 639 aum
936 586 1021 639 antea
1036 577 1172 639 stultissi-

168 683 229 726 mus
246 672 326 725 esset
342 663 467 740 babitus,
483 671 551 742 post
567 672 718 742 aeoeptam
729 661 921 724 hereditatem
935 662 1044 741 primus
1055 671 1172 723 senten·

168 751 236 810 tiam
250 747 421 826 rogabatur,
440 745 534 809 Ouiae
549 747 707 811 hereditas
727 756 788 824 est,
811 763 903 825 qaam
923 755 1036 810 nocant
1049 749 1173 827 sapien-

169 835 253 908 tiam,
272 849 325 912 pro
342 831 409 907 illo,
426 832 565 910 facilitas
580 841 643 902 ιιι·
663 851 716 893 seu
730 832 789 892 lioti
805 831 881 891 notis
896 830 1031 893 versibus
1048 830 1172 908 similes,

126 925 242 997 itaquae
257 918 395 1002 aoppdtu
410 915 525 984 diuitum
548 925 578 976 et
599 915 805 995 proverbia
824 925 989 995 opportune
1005 923 1121 994 aptata:
1141 923 1173 976 ιιι

169 1001 276 1062 bomini
292 1019 415 1080 nequam
429 1001 514 1079 lapso
535 1009 580 1075 et,
605 1009 637 1060 at
656 1000 848 1076 allevaretur,
864 1001 996 1078 roganti,
1019 998 1173 1076 Toliatis,

170 1088 223 1165 qai
242 1105 303 1148 aaa
323 1087 416 1148 novit.
461 1083 507 1144 Ex
529 1084 689 1146 historia
716 1085 802 1145 etiam
832 1085 941 1145 ducere
969 1084 1172 1161 urbanitatem,

170 1171 311 1232 eruditum
326 1179 388 1231 est:
410 1178 440 1229 ut
457 1167 562 1230 Cicero
579 1169 667 1245 ieoit,
692 1187 756 1230 oum
771 1171 798 1230 ei
813 1177 919 1230 testem
932 1170 961 1228 in
975 1168 1083 1229 iudioio
1098 1167 1173 1228 Ver·

170 1255 209 1314 ris
218 1255 335 1333 roganti
346 1254 467 1315 dixisset
478 1253 663 1330 Hortensius,
677 1252 742 1316 Noa
753 1255 886 1334 intelligo
897 1254 976 1315 baec
987 1253 1175 1332 aenigmata.

170 1336 263 1418 Atqui
277 1340 381 1414 deber,
398 1338 506 1417 biquit,
528 1358 596 1400 eam
611 1337 775 1419 Sphingem
791 1339 872 1400 domi
888 1337 1023 1406 babeaar
1047 1352 1173 1415 accepe-

170 1432 214 1484 rat
233 1433 328 1483 autern
343 1423 393 1483 ille
411 1441 428 1483 a
445 1423 541 1483 Verre
555 1422 715 1503 Sphingem
731 1439 851 1483 aeneam
873 1440 995 1500 magnae
1018 1421 1173 1500 pecuniae.

127 1507 162 1564 99
254 1506 496 1567 subabsurda
525 1507 574 1567 illa
604 1517 737 1568 constant
759 1506 920 1567 stultissimi
940 1506 1115 1581 imitatione,
1145 1512 1175 1564 et

170 1608 256 1669 quae,
272 1592 327 1650 nisi
342 1591 495 1668 fingantur,
512 1591 599 1651 stulta
616 1600 696 1652 sunt:
714 1600 756 1667 ut,
775 1593 823 1669 qui
834 1591 1012 1667 mirantibus,
1029 1589 1107 1668 quod
1122 1587 1174 1648 bn·

169 1674 237 1735 mile
259 1673 464 1735 candelabrum
485 1677 622 1752 emisset,
648 1675 852 1738 Pransors'am
872 1678 948 1752 erit,
970 1676 1071 1753 inquit.
1115 1672 1174 1734 Sed

170 1757 220 1818 illa
242 1757 344 1818 similia
366 1758 499 1820 absurdis
521 1768 585 1818 sunt
605 1762 700 1835 aeria,
726 1778 800 1839 quae
823 1770 956 1839 tanquam
977 1760 1040 1818 sine
1060 1758 1174 1817 ratione

171 1841 248 1902 diota
263 1843 409 1904 feruntur:
429 1852 459 1902 nt
476 1861 579 1902 servus
601 1844 787 1920 Dolabellae,
803 1862 866 1904 aum
881 1846 1122 1921 interrogaretur,
1139 1856 1174 1900 an

172 1923 303 1987 dominus
324 1928 385 1986 eius
401 1928 564 1987 auotionem
580 1930 798 2008 proposuisset,
813 1927 958 2004 Domum,
975 1926 1083 2005 inquit,
1099 1943 1173 1986 aaa·

112 2017 165 2070 loo
174 2012 262 2073 didit.
308 2010 492 2089 Deprehensi
520 2013 632 2072 interim
655 2012 796 2092 pudorem
820 2030 901 2071 suum
928 2009 1050 2071 ridiouio
1076 2009 1174 2086 aliquo

173 2094 335 2174 explicant:
354 2104 400 2171 ut,
427 2096 476 2174 qui
496 2105 602 2156 testem
617 2097 760 2167 dicentem
780 2116 813 2157 se
835 2113 918 2157 areo
934 2095 1114 2155 vulneratum
1134 2094 1172 2151 in·

173 2188 394 2256 terrogaverat,
417 2198 452 2240 an
474 2181 639 2241 aioatrieem
660 2181 798 2257 haberet,
823 2198 886 2241 eum
907 2181 957 2240 ille
979 2181 1126 2256 ingentem
1145 2177 1177 2238 in

144 2264 278 2324 *lemine
306 2263 500 2340 ostendisset,
526 2263 639 2344 Latus,
664 2267 771 2344 inquit,
798 2267 939 2345 oportuit.
985 2260 1176 2323 Contumeliis

173 2364 290 2427 quoque
309 2349 350 2408 uti
374 2347 454 2408 belle
475 2348 573 2409 datur:
595 2358 625 2410 ut
645 2350 739 2428 Hispo.
762 2349 909 2408 obiicienti
932 2349 977 2408 bis
993 2345 1100 2407 aoerba
1119 2343 1173 2405 eri·

141 2432 243 2494 *mina
260 2434 434 2508 aoousatori,
452 2430 603 2510 Mandris,
621 2436 720 2513 inquit.
750 2433 786 2492 Et
801 2431 920 2492 Fulvius
934 2432 1116 2509 Propinquus
1132 2427 1174 2488 le·

172 2525 241 2592 gato
263 2516 469 2594 interroganti,
491 2536 526 2578 an
544 2520 572 2577 in
591 2518 711 2594 tabulis,
731 2535 802 2596 quas
818 2515 1003 2596 proferebat,
1026 2514 1175 2590 ehirogra-

175 2599 248 2680 pbus
265 2608 355 2674 esset,
371 2597 412 2661 Et
430 2620 533 2678 veros,
550 2604 651 2680 inquit,
668 2605 798 2664 domiue.

114 2692 164 2748 101
256 2682 314 2743 Has
338 2692 385 2743 aut
407 2687 510 2765 aooepi
531 2688 648 2764 species
668 2695 716 2745 aut
737 2686 832 2746 inveni
849 2685 1116 2763 frequentissimas,
1138 2697 1178 2743 ex

174 2766 277 2846 quibus
298 2768 419 2828 ridieula
436 2768 624 2838 ducerentur;
647 2769 700 2830 sed
714 2779 846 2849 repetam
863 2786 988 2829 neeesse
1007 2776 1068 2844 est,
1084 2765 1176 2826 inlini-

173 2861 216 2911 tas
233 2869 301 2912 esse
319 2860 375 2911 tam
391 2851 470 2912 salse
492 2854 606 2914 dioendi
622 2872 706 2933 quam
727 2871 848 2930 severe,
871 2871 942 2931 quas
965 2860 1094 2932 praestat
1109 2868 1177 2929 per·

174 2953 261 3013 sona,
280 2935 380 3012 loeus,
397 2945 527 3017 tempus,
549 2957 633 2999 casus
649 2940 791 3016 denique,
809 2939 857 3016 qui
870 2947 915 2997 est
929 2938 1052 2997 maxime
1067 2936 1177 2995 varius.

115 3030 166 3083 1οι
175 3020 276 3099 ltaque
291 3019 376 3096 haee,
392 3039 429 3080 ne
445 3024 578 3082 omisisse
595 3023 727 3097 viderer,
745 3023 840 3100 attigi;
856 3022 905 3082 illa
921 3031 1031 3095 autem,
1049 3037 1124 3098 quae
1140 3017 1179 3078 de

147 3118 227 3164 *usu
242 3107 307 3184 ipso
324 3113 353 3164 et
374 3105 460 3165 modo
477 3107 591 3167 iocandi
609 3107 779 3185 complexus
804 3125 879 3181 sum,
903 3106 977 3166 adeo
992 3104 1177 3164 infirmarem.

258 3189 346 3248 Plane
375 3190 611 3251 neeessariabis
638 3192 736 3251 adiicit
755 3190 896 3249 Domitius
913 3188 1042 3263 Marsus,
1070 3187 1119 3265 qui
1141 3185 1179 3246 de

174 3271 335 3332 urbanitate
350 3272 570 3351 diligentissime
585 3275 719 3352 scripsit,
744 3273 884 3353 quaedam
909 3290 967 3333 non
988 3271 1109 3331 ridicula
1125 3267 1179 3329 sed

175 3355 293 3415 ouilibet
308 3359 512 3418 severissimae
535 3359 657 3418 orationi
673 3359 874 3419 convenientia
890 3357 1041 3436 eleganter
1056 3355 1133 3414 diota
1146 3358 1180 3412 et

113 3455 117 3463 ·
175 3440 294 3517 proprio
312 3439 435 3517 quodam
453 3441 557 3521 lepore
568 3442 705 3512 iucunda;
728 3460 802 3521 quae
823 3449 889 3501 sunt
903 3441 1018 3520 quidem
1039 3437 1180 3497 urbana
