2566 4026
348 207 440 255 rnsu.
455 205 790 275 saducaeorum.
1018 196 1079 258 203

65 372 152 425 scunt
164 371 194 422 et
206 360 364 440 quamlibet
376 360 467 438 longo
483 362 585 420 itinere
597 360 721 421 deducta
732 362 768 422 ad
780 373 912 423 assuetas
925 363 980 423 sibi
993 364 1080 424 sedes

64 456 260 508 revertuntur.
297 441 392 518 Quid?
421 462 479 503 non
504 445 579 505 haec
606 447 734 505 varietas
757 448 827 507 mira
850 457 911 524 est,
941 449 1081 508 excidere

67 531 217 611 proxima,
245 539 347 589 vetera
375 526 552 589 inhaerere?
583 528 786 590 hesternorum
808 533 993 591 immemores
1017 542 1082 591 acta

68 616 214 694 pueritiae
229 609 403 672 recordari?
436 609 531 686 Quid?
558 614 636 691 quod
659 615 801 692 quaedam
820 617 960 694 requisita
982 634 1015 675 sc
1031 623 1108 678 oc·i

68 699 178 759 cultant
196 707 224 757 et
240 697 344 757 eadem
359 697 435 756 iorte
451 695 642 757 succurrunt?
657 717 714 757 uec
728 709 824 760 manet
839 717 958 778 semper
973 718 1080 759 memo-

66 785 113 842 ria
129 782 184 841 sed
201 780 355 861 aliquando
374 782 460 841 etiam
477 778 572 840 rediti
603 780 773 842 Nescirctur
788 793 900 860 tamen,
917 785 1082 862 quantavis

68 876 151 927 esset
168 867 246 942 eius,
269 874 373 944 quanta
389 865 521 925 divinitas
538 864 603 942 illa,
626 867 681 925 nisi
698 866 755 926 hoc
770 866 866 926 lumen
882 868 983 927 orandi
1001 877 1081 927 extu·

67 952 162 1011 lisset.
195 949 261 1009 Non
283 951 357 1008 enirn
377 967 473 1008 rerum
495 949 582 1008 modo
603 949 657 1010 sed
679 951 764 1009 etiam
779 950 936 1011 verborum
953 952 1112 1013 ordinem8

69 1042 211 1114 praestat,
227 1052 284 1093 nec
301 1051 336 1094 ea
353 1051 445 1112 pauca
462 1035 591 1093 contexit
607 1033 660 1093 sed
679 1035 761 1094 durat
775 1052 869 1113 prope
886 1037 916 1093 in
933 1035 1080 1110 infinitum,

69 1128 98 1178 et
110 1120 139 1177 in
150 1119 327 1195 longissimis
343 1116 505 1177 actionibus
520 1120 599 1195 prius
613 1117 747 1178 audiendi
765 1120 902 1196 patientia
919 1137 1003 1197 quam
1020 1137 1079 1178 me·

68 1204 179 1262 moriae
191 1202 266 1262 fides
279 1201 387 1261 deficit.
417 1199 502 1273 Quod
518 1210 547 1260 et
561 1203 656 1280 ipsum
671 1212 869 1278 argumentum
885 1212 939 1279 est,
958 1202 1081 1262 subesse
1094 1210 1111 1266 9

69 1296 161 1346 artem
184 1286 308 1364 aliquam
326 1286 477 1363 iuvarique
500 1287 613 1345 ratione
635 1294 779 1346 naturam:
803 1305 867 1346 cum
896 1287 982 1346 iidem
1004 1287 1082 1347 docti

68 1371 170 1431 facere
185 1369 264 1445 illud,
281 1369 389 1428 indocti
401 1369 642 1448 inexercitatique
658 1387 716 1428 non
730 1371 885 1448 possimus.
914 1369 1082 1448 Quanquam

68 1454 185 1513 invenio
210 1454 285 1532 apud
301 1452 466 1529 Platonem,
493 1452 611 1513 obstare
636 1456 794 1514 memoriae
810 1468 891 1514 usum
906 1454 1081 1521 litterarum;

70 1538 210 1599 videlicet
226 1538 359 1615 quoniam
375 1537 436 1613 illa,
453 1554 527 1615 quae
544 1539 661 1616 scriptis
676 1540 870 1616 reposuimus,
887 1537 967 1597 velut
984 1546 1080 1597 custo-

71 1624 133 1682 dire
150 1622 306 1681 desinimus
323 1622 431 1700 etipsa
447 1623 602 1681 securitate
619 1622 791 1681 dimittimus.
818 1621 883 1682 Nec
899 1620 1013 1681 dubium
1026 1628 1126 1697 est,10

72 1707 140 1785 quin
164 1705 314 1782 plurimum
338 1706 367 1763 iu
388 1706 443 1765 bac
465 1714 549 1783 parte
570 1705 668 1765 valeat
688 1708 792 1765 mentis
815 1706 934 1766 intentio
958 1714 987 1765 et
1001 1705 1083 1764 velut

71 1791 151 1850 acies
169 1789 302 1848 luminum
318 1807 334 1849 a
350 1799 508 1868 prospectu
526 1808 633 1866 rerum,
653 1808 725 1868 quas
739 1791 874 1866 intuetur,
891 1807 949 1848 non
966 1807 1081 1849 aversa.

70 1874 154 1933 Unde
179 1875 299 1949 accidit,
322 1882 352 1932 ut
375 1892 450 1952 quae
474 1875 647 1952 perplures
670 1874 733 1935 dies
756 1875 907 1934 scribimus
930 1872 1082 1934 ediscendi

71 1975 169 2033 causa,
189 1959 328 2035 cogitatio
346 1959 410 2036 ipsa
428 1961 583 2019 contineat.

158 2040 288 2099 Artem
315 2049 409 2099 autem
432 2043 632 2102 memoriae
654 2044 762 2120 primus
790 2043 955 2103 osstendisc
979 2042 1124 2102 diciturll

72 2122 247 2183 Simonides.
286 2121 374 2181 Cuius
394 2123 511 2198 vulgata
533 2123 631 2185 fabula
655 2135 714 2184 est:
744 2143 807 2184 cum
827 2127 918 2204 pugili
941 2133 1081 2185 coronato

72 2224 200 2280 carmen,
218 2206 304 2284 quale
322 2207 456 2282 componi
470 2206 630 2265 victoribus
646 2207 734 2282 solet,
752 2209 891 2268 mercede
908 2217 994 2285 pacta
1012 2208 1082 2266 scri·

72 2292 197 2370 psisset,
221 2289 394 2365 abnegatam
418 2290 445 2348 ei
460 2291 603 2367 pecuniae
628 2299 755 2368 partem,
783 2291 861 2369 quod
883 2307 964 2350 more
987 2291 1097 2374 poetis·

72 2375 309 2452 frequentissimo
326 2373 476 2450 digressus
491 2375 520 2431 in
538 2373 640 2432 laudes
658 2370 788 2432 Castoris
809 2393 844 2435 ac
859 2373 987 2434 Pollucis
1003 2374 1083 2433 exie·

72 2467 127 2519 rat.
167 2456 354 2536 Quapropter
374 2466 486 2536 partem
509 2457 545 2516 ab
567 2458 601 2516 iis
622 2465 742 2536 petere,
767 2476 888 2536 quorum
909 2458 987 2517 iacta
1004 2456 1083 2516 cele-

72 2545 204 2618 brasset,
228 2542 390 2601 iubebatur.
424 2541 461 2602 Et
478 2541 698 2620 persolverunt,
722 2551 752 2600 ut
772 2542 905 2603 traditum
928 2550 983 2600 est.
1013 2538 1127 2601 Namlb

75 2645 139 2687 cum
161 2637 242 2686 esset
264 2627 373 2704 grande
395 2627 557 2686 convivium
576 2627 605 2685 in
626 2626 767 2685 honorem
788 2626 919 2686 eiusdem
941 2625 1084 2684 victoriae

73 2721 161 2788 atque
188 2710 332 2770 adhibitus
358 2711 385 2769 ei
415 2728 526 2771 coenae
553 2710 733 2770 Simonides:
764 2712 862 2770 nuntio
889 2718 934 2770 est
961 2710 1084 2782 excitus,

75 2794 153 2873 quod
172 2812 237 2853 eum
258 2793 314 2853 duo
337 2796 457 2854 iuvenes
482 2796 564 2873 equis
586 2795 701 2856 advecti
717 2794 886 2855 desiderare
902 2795 1041 2853 maiorem
1057 2792 1085 2849 in

74 2877 189 2937 modum
206 2877 384 2937 dicebantur.
412 2877 449 2938 Et
464 2879 532 2938 illos
548 2879 662 2957 quidem
677 2895 735 2937 nou
749 2880 869 2956 invenit,
885 2879 975 2938 luisse
990 2887 1087 2936 tamen

74 2970 177 3039 gratos
195 2980 266 3039 erga
283 2981 315 3022 se
332 2963 404 3022 deos
422 2964 501 3022 exitu
519 2963 670 3040 comperit.
702 2961 774 3023 Nam
788 2964 838 3022 vix
853 2980 889 3023 cc
907 2962 981 3021 ultra
999 2961 1128 3021 limen13

75 3062 212 3120 egresso,
228 3047 381 3105 triclinium
396 3046 466 3106 illud
482 3065 569 3124 supra
588 3047 725 3106 convivas
743 3049 852 3107 corruit
868 3057 954 3124 atque
966 3046 1005 3105 ita
1018 3061 1086 3103 con·

75 3127 157 3202 fudit,
175 3139 204 3188 ut
219 3147 276 3188 nou
292 3147 343 3189 ora
358 3131 444 3189 modo
461 3147 670 3209 oppressorum
686 3131 739 3190 sed
753 3131 882 3191 membra
895 3130 980 3189 etiam
992 3128 1087 3188 omnia

75 3213 260 3287 requirentes
278 3213 313 3273 ad
331 3213 507 3290 sepulturam
528 3216 684 3293 propinqui
703 3215 781 3275 nulla
803 3225 870 3275 nota
892 3222 1013 3292 possent
1028 3213 1085 3273 dis·

75 3312 212 3355 cernere.
241 3295 311 3356 Tum
330 3298 493 3358 Simonides
509 3300 613 3360 dicitur
626 3318 738 3359 memor
754 3299 867 3376 ordine,
885 3316 942 3377 quo
963 3299 1086 3376 quisque

76 3378 274 3455 discubuerat,
293 3398 418 3459 corpora
434 3384 493 3443 suis
509 3383 682 3444 reddidisse.
711 3384 764 3444 Est
782 3393 876 3444 autem
893 3400 996 3459 magna
1015 3383 1129 3444 interll

75 3472 214 3524 arrctores
239 3466 400 3542 dissensio,
422 3466 570 3528 Glaucone
595 3465 728 3543 Carystio
752 3487 788 3530 an
803 3467 937 3529 Leocrati
955 3485 990 3527 an
1008 3465 1086 3542 Aga-
