2566 4026
189 143 209 203 6
538 151 574 198 m.
591 149 903 210 naucummumm

145 318 180 374 29
273 305 411 366 Solebam
432 314 461 364 et
477 319 656 383 excerpere,
683 304 751 382 quid
770 304 837 363 mihi
856 322 920 362 cum
938 304 1105 363 adversario
1125 322 1192 365 con·

188 391 315 464 veniret,
340 391 364 448 si
385 389 471 448 modo
488 389 517 448 iul
538 405 591 466 pro
608 407 653 446 me
672 397 749 464 erat,
772 405 827 446 nec
853 387 947 447 solum
968 405 1103 465 premere
1125 407 1194 449 con-

187 475 347 533 fessionem
362 472 416 532 sed
430 472 581 549 partiendo
597 471 806 549 multiplicare:
827 480 858 530 ut
872 471 901 529 in
915 471 965 530 illa
981 476 1194 550 controversia,

187 555 276 633 Dum,
299 558 352 634 qui
366 559 589 635 competitorem
608 565 731 634 putrem
752 557 784 615 in
800 557 960 633 sutfraqiis
978 558 1114 631 uicerat,
1139 577 1195 619 aa·

182 648 256 719 ptus
273 649 336 712 esa·
357 648 461 702 euntes
476 640 520 700 ad
539 640 776 719 redemptionem
796 640 861 700 eius
875 639 968 718 tepati
994 640 1114 701 obuium
1137 641 1194 702 lra-

186 726 317 786 buernnt
327 735 450 803 patrem
465 730 665 786 revertentem
680 724 720 786 ab
740 722 885 784 hostibus.
925 721 959 782 Is
974 724 1083 802 lepatis
1098 726 1194 786 dimit:

144 817 179 870 30
186 806 282 888 Sero,
301 810 362 869 itis.
407 805 621 869 Eucusserunt
633 809 679 870 illi
689 814 813 886 patrem
827 815 856 868 et
873 826 984 868 aarum
1000 808 1032 868 in
1048 811 1117 868 sinu
1129 811 1195 870 dus

185 894 384 961 inuenerunt;
404 894 464 968 ipsi
477 899 717 970 perseverarunt
731 893 795 967 ire,
812 907 871 968 quo
884 892 1099 963 intenderant;
1113 895 1195 954 inoe-

185 982 296 1038 nerunt
312 978 422 1038 ducem
442 979 531 1037 cruci
543 976 656 1053 finum,
680 978 768 1036 euius
782 975 931 1053 consuit:
954 975 1067 1038 Caoete
1084 979 1194 1055 prodi-

186 1070 291 1123 torem.
336 1059 419 1120 Reus
443 1068 487 1121 est
507 1068 607 1138 pater.
652 1058 727 1133 Quid
752 1056 907 1118 convenit?
950 1058 1087 1121 Proditio
1108 1062 1195 1122 mobis

183 1145 351 1224 praedicta
367 1152 412 1204 est
426 1152 454 1204 et
466 1143 634 1222 praedicta
651 1162 671 1204 a
693 1146 793 1212 duce;
820 1144 984 1221 quaerimus
1001 1144 1192 1222 proditorem.

189 1227 230 1290 Te
246 1230 308 1291 isse
327 1229 372 1289 od
388 1229 488 1289 bostes
500 1227 612 1305 fateris
632 1237 660 1288 et
681 1229 743 1288 isse
755 1228 835 1288 olam
850 1235 879 1288 et
897 1228 936 1289 ab
952 1228 1000 1289 liis
1014 1229 1194 1290 incolumem

144 1323 178 1378 ³1
186 1314 317 1389 rediise,
333 1332 446 1374 aurum
458 1312 600 1373 retulisse
612 1318 641 1373 et
651 1330 762 1372 aurum
774 1312 925 1372 occultum
933 1311 1085 1372 babuisse.
1109 1311 1193 1388 Nam,

188 1395 266 1476 quod
278 1397 364 1473 lecit,
381 1397 410 1456 iul
421 1413 624 1474 nonnunquam
635 1397 780 1474 potentius
794 1396 824 1454 lit
839 1396 867 1455 in
883 1396 1100 1472 propositione;
1119 1414 1194 1474 quae

187 1483 213 1541 si
237 1483 346 1540 animos
367 1482 540 1558 occupavit,
559 1496 653 1558 prope
675 1497 760 1538 aures
782 1480 864 1557 ipsae
881 1479 1044 1538 defensioni
1058 1479 1193 1558 praeclu-

188 1565 300 1625 duntur.
345 1563 378 1622 ln
398 1573 488 1622 totum
509 1573 605 1622 autem
624 1565 813 1640 congregatio
839 1563 986 1622 criminum
1009 1573 1194 1623 accusantem

187 1647 319 1721 adiuvat,
341 1649 488 1724 separatio
511 1647 724 1722 defendentem.
770 1646 908 1707 Solebam
923 1647 968 1721 id,
990 1646 1069 1724 quod
1083 1648 1146 1705 lieri
1165 1655 1194 1705 et

186 1733 215 1789 in
225 1733 400 1806 argumentis
411 1731 486 1805 dixi,
504 1732 532 1788 in
543 1739 604 1792 tota
613 1731 712 1789 facere
723 1733 859 1805 materia,
875 1739 906 1788 ut
916 1733 1092 1808 propositis,
1111 1741 1194 1789 extra

188 1831 263 1891 quae
284 1812 353 1872 nihil
376 1823 471 1888 esset,
500 1813 630 1873 omnibus
647 1814 751 1874 deinde
767 1817 874 1874 ceteris
896 1817 1032 1890 remotis,
1056 1814 1150 1873 solum
1165 1814 1194 1873 id

145 1906 373 1975 aasuperesset,
402 1897 480 1976 quod
502 1897 581 1957 credi
602 1897 747 1957 volebam.
798 1897 886 1958 Utin
914 1899 1194 1976 praevaricationum

188 1980 369 2040 criminibus:
386 1980 423 2042 Ut
434 1982 611 2042 absolvatur
625 2001 714 2059 reus,
730 1990 784 2042 aut
798 1983 970 2043 innocentia
985 1984 1083 2061 ipsius
1095 1983 1130 2060 fit
1140 1991 1195 2044 unt

185 2065 403 2126 interueniente
409 2067 516 2142 atiquo
520 2073 672 2144 potestate
683 2075 738 2127 aut
747 2069 779 2128 oi
791 2073 846 2127 uut
856 2073 1000 2144 corrupto
1013 2067 1128 2127 iudicio
1140 2074 1194 2127 uut

188 2149 370 2226 difficultate
383 2150 574 2227 probationis
591 2160 645 2211 aut
662 2151 945 2230 praeuaricatione.
966 2182 1009 2198 —-
1028 2147 1194 2212 Nocentem

183 2233 282 2311 fuisse
293 2233 457 2310 confiteris,
469 2234 554 2295 nulla
564 2243 699 2312 potestas
706 2234 834 2309 obstitit,
846 2235 931 2294 nulla
941 2235 1004 2309 ois,
1015 2242 1194 2312 corruptum

185 2317 334 2378 iudicium
345 2336 405 2378 non
413 2320 568 2395 quereris,
583 2319 668 2380 nulla
680 2318 838 2397 probandi
849 2318 1018 2395 difficultas
1027 2319 1102 2396 fuit:
1119 2317 1194 2395 quaid

145 2409 346 2480 33superest,
369 2403 431 2463 nisi
452 2410 486 2462 ut
502 2403 736 2481 praevaricatio
754 2403 870 2479 fuerit?
914 2402 945 2460 Si
965 2403 1059 2460 omnia
1081 2401 1192 2460 amoliri

187 2501 245 2543 non
264 2494 411 2564 poteram,
438 2495 534 2545 tamen
560 2486 642 2564 plura
668 2485 835 2545 amoliebar.
880 2483 1036 2546 Hominem
1057 2487 1193 2545 occisum

187 2576 405 2640 essecestriam
425 2571 533 2631 nonin
555 2571 735 2646 solitudine,
755 2576 788 2630 ut
804 2588 825 2630 a
845 2570 1016 2630 latronibus
1030 2570 1192 2646 suspirem·

186 2672 247 2715 non
261 2654 404 2731 praedae
424 2656 545 2732 pratia,
569 2655 643 2731 quia
657 2654 840 2731 inspoliatus
864 2663 926 2721 ests
950 2672 1011 2714 non
1033 2654 1192 2713 beredita-

187 2739 226 2796 tis
245 2755 316 2815 spe,
344 2739 417 2814 quia
435 2755 560 2816 pauper
578 2738 653 2816 linit:
681 2739 785 2797 odium
804 2739 900 2814 iqitur
924 2739 957 2797 in
979 2754 1095 2812 causa,
1123 2755 1192 2796 cum

145 2823 230 2882 alcis
244 2823 395 2882 inimicus.
424 2820 506 2894 Quae
522 2839 570 2880 res
583 2831 678 2880 autem
693 2821 855 2881 faciliorem
870 2821 1003 2881 divisioni
1016 2822 1091 2880 viam
1107 2838 1191 2899 prae-

188 2911 260 2980 stat,
279 2905 381 2964 eadem
397 2906 554 2964 inventioni
570 2923 703 2984 quoque:
724 2914 880 2980 excutere,
899 2904 1036 2983 quidquid
1052 2905 1108 2964 dici
1126 2911 1192 2982 pot·

189 2997 252 3063 est,
278 2997 307 3047 et
324 2987 405 3047 velut
427 2991 588 3052 reiectione
610 2990 687 3049 lacta
709 2989 745 3048 aul
764 2990 900 3066 optimum
917 2990 1082 3065 pervenire.
1127 2983 1191 3047 Ac-

188 3081 316 3133 cusatur
330 3070 418 3147 Milo,
443 3074 524 3150 quod
540 3071 679 3134 Clodium
695 3073 854 3134 ceciderit.
898 3071 956 3130 Aut
970 3071 1041 3131 lecit
1058 3079 1190 3130 autnon.

189 3152 332 3232 Optimum
348 3165 409 3215 erat
424 3175 549 3233 negare;
571 3158 692 3217 sednon
707 3165 822 3235 potest:
846 3155 953 3215 occidit
971 3173 1042 3232 ergo
1067 3164 1114 3214 aut
1128 3156 1191 3214 iure

188 3247 236 3297 aut
251 3239 361 3300 iniuria.
405 3238 512 3319 Utique
528 3242 606 3300 iure:
629 3249 677 3299 aut
691 3239 840 3299 voluntate
856 3249 903 3300 aut
915 3240 1108 3306 necessitate;
1126 3256 1191 3298 nam

144 3322 348 3399 csignorantia
369 3324 519 3402 praetendi
541 3341 598 3383 non
616 3332 724 3402 potest.
769 3323 911 3383 Voluntas
925 3341 1033 3402 anceps
1054 3331 1115 3398 est,
1137 3323 1191 3382 sed

189 3406 255 3484 quia
275 3407 314 3465 ita
336 3406 466 3467 homines
485 3417 601 3486 putant·
626 3407 791 3484 attingenda
810 3406 959 3484 defensio,
980 3415 1011 3466 ut
1031 3406 1060 3466 id
1081 3423 1135 3486 pro
1156 3423 1191 3465 re
