2566 4026
224 190 286 253 202
575 199 942 259 u.sae.ouruu1nmnr

221 359 390 438 simplicitas
413 356 464 417 illa
486 365 515 416 et
534 356 616 416 velut
638 357 780 416 securitas
800 355 983 415 inaffectatae
1007 359 1150 418 orationis
1168 362 1243 422 mire

221 453 323 504 tenues
340 460 443 502 causas
460 441 562 518 decet,
584 440 741 501 maioribus
760 439 831 500 illud
853 439 1021 499 admirabile
1044 442 1164 503 dicendi
1189 464 1240 522 ge·

221 548 273 587 nus
297 529 389 604 magis
413 528 557 586 convenit.
594 523 628 584 ln
648 534 772 605 utroque
796 526 902 584 eminet
918 521 1042 593 Gicer0;
1069 545 1109 585 ex
1133 528 1240 605 quibus

221 613 343 672 alterum
366 613 490 689 imperiti
513 628 546 670 se
568 627 659 688 posse
681 611 823 687 consequi
850 609 987 684 credent,
1014 619 1167 689 neutrum,
1191 616 1240 693 qui

220 697 395 774 intelligunt.

597 830 641 878 DE
659 827 820 882 MEMORIA.

304 941 341 1002 11.
357 941 568 1003 Memoriam
587 942 700 1021 quidam
722 951 841 1002 naturae
864 941 952 1001 modo
970 960 1037 1001 esse
1054 961 1160 1003 munus
1179 947 1239 1005 exi·

221 1028 419 1103 sumserunt,
437 1036 540 1105 estque
555 1029 584 1087 in
600 1045 635 1087 ea
649 1043 707 1086 non
721 1026 807 1086 dubie
822 1026 983 1105 plurimum,
1000 1027 1054 1086 sed
1065 1028 1132 1105 ipsa
1148 1048 1239 1091 exco-

221 1112 307 1172 lendo
324 1111 398 1170 sicut
414 1111 469 1171 alia
485 1113 578 1171 omnia
593 1120 730 1188 augetur3
756 1119 785 1170 et
802 1119 895 1186 totus,
921 1111 1030 1188 dequo
1046 1109 1176 1173 diximus
1192 1115 1239 1174 ad·

111 1230 114 1238 ·
221 1196 294 1270 buc,
316 1196 407 1255 inanis
430 1203 475 1254 est
495 1195 596 1271 labor,
620 1197 675 1254 nisi
697 1204 814 1254 ceterae
836 1203 935 1273 partes
957 1195 1014 1255 hoc
1035 1195 1119 1255 velut
1135 1200 1240 1276 spiritu

222 1281 414 1340 continentur.
450 1277 524 1339 Nam
540 1289 569 1339 et
585 1281 676 1339 omnis
692 1278 844 1356 disciplina
859 1281 998 1338 memoria
1023 1289 1156 1357 constat,
1181 1282 1238 1342 iru-

222 1373 340 1442 straque
357 1363 513 1440 docemur,
534 1365 559 1422 si
575 1363 712 1441 quidquid
729 1363 857 1423 audimus
871 1363 1074 1440 praeterfluat;
1092 1373 1122 1423 et
1138 1383 1238 1425 exem·

222 1448 347 1527 plorum,
364 1447 473 1523 legum,
495 1465 714 1526 responsorum,
732 1446 874 1507 dictorum
892 1448 1016 1525 denique
1032 1447 1239 1528 factorumque

221 1532 303 1592 velut
324 1530 463 1610 quasdam
484 1533 601 1610 copias,
624 1532 727 1609 quibus
743 1530 889 1590 abundare
908 1549 1039 1610 quasque
1055 1533 1083 1589 in
1100 1544 1239 1612 promptu

222 1634 339 1694 semper
353 1614 463 1680 habere
478 1615 567 1675 debet
586 1624 701 1692 orator,
724 1615 825 1674 eadem
840 1615 890 1674 illa
904 1617 949 1674 vis
967 1625 1147 1694 praesentat.
1180 1617 1238 1677 Ne·

192 1706 278 1777 uque
302 1701 443 1758 immerito
468 1700 632 1760 thesaurus
652 1699 700 1759 bic
721 1700 911 1778 eloquentiae
938 1699 1052 1758 dicitur.
1092 1701 1154 1760 Sed
1182 1719 1239 1761 non

221 1784 302 1842 firme
328 1791 437 1841 tantum
465 1785 616 1843 continere
641 1800 742 1841 verum
768 1784 854 1842 etiam
882 1784 940 1843 cito
966 1783 1125 1862 percipere
1148 1786 1238 1845 multa

222 1875 339 1927 acturos
367 1874 500 1944 oportet,
526 1885 582 1925 nec
604 1885 679 1944 quao
704 1867 859 1944 scripseris
879 1867 966 1927 modo
987 1868 1091 1927 iterata
1107 1868 1238 1929 lectione

222 1950 378 2028 complecti
400 1950 453 2009 sed
477 1951 505 2009 in
528 1952 664 2027 cogitatis
688 1967 805 2029 quoque
826 1970 923 2010 rerum
944 1969 979 2011 ao
994 1951 1153 2012 verborum
1169 1972 1236 2013 con·

221 2043 331 2094 textum
346 2034 440 2112 sequi,
460 2044 489 2095 et
507 2037 656 2112 quaesiui
673 2035 709 2094 ab
725 2035 849 2096 adversa
866 2044 950 2113 parte
967 2036 1043 2095 dicta
1057 2038 1237 2112 meminisse,

221 2137 277 2178 nec
292 2120 391 2196 utique
408 2136 453 2194 ea,
471 2136 529 2197 quo
546 2120 622 2179 dicta
638 2129 704 2179 sunt
719 2119 832 2195 ordine,
847 2120 978 2179 refutare
994 2119 1046 2179 sed
1063 2122 1237 2199 opportunis

193 2203 296 2263 olonis
313 2219 435 2280 ponere.
474 2200 570 2276 Quid?
588 2203 796 2283 extemporalis
812 2206 905 2263 oratio
921 2222 977 2263 neo
997 2204 1054 2264 alio
1071 2205 1140 2264 milri
1156 2207 1237 2266 vide·

222 2297 268 2347 tur
289 2288 391 2346 mentis
414 2288 519 2363 vigore
543 2297 688 2348 constare.
729 2287 802 2348 Nam
825 2288 890 2347 dum
912 2287 969 2347 alia
994 2288 1133 2364 dicimus,
1162 2307 1238 2368 quae

222 2372 324 2431 dicturi
339 2388 447 2446 sumus,
464 2372 599 2432 intuenda
614 2381 688 2432 sunt.
717 2370 771 2448 lta,
789 2389 854 2432 cum
869 2389 987 2450 semper
1003 2373 1143 2448 cogitatio
1163 2375 1238 2433 ultra

221 2456 250 2515 id
267 2454 344 2533 quod
361 2464 407 2515 est
429 2454 544 2532 longius
566 2458 694 2534 quaerit,
720 2456 858 2533 quidquid
879 2457 992 2515 interim
1013 2458 1146 2535 repperit
1165 2475 1236 2536 quo-

223 2538 374 2599 dammodo
401 2539 478 2616 apud
504 2542 671 2599 memoriam
694 2539 826 2618 depone,
854 2540 931 2617 quod
956 2540 1005 2599 illa
1033 2541 1116 2617 quasi
1142 2542 1236 2602 medio

223 2623 365 2700 quaedam
389 2640 489 2683 manus
516 2633 669 2701 acceptum
698 2624 733 2684 ab
760 2625 918 2683 intentione
947 2624 1033 2683 tradit
1064 2623 1235 2685 elocutioni.

193 2704 287 2766 4Non
303 2706 426 2766 arbitror
444 2715 539 2766 autem
554 2707 622 2766 mihi
637 2710 665 2766 iu
678 2708 737 2767 hoc
752 2709 974 2783 immorandum,
997 2707 1066 2785 quid
1082 2709 1135 2782 sit,
1159 2708 1236 2787 quod

222 2791 389 2850 memoriam
398 2790 500 2859 laciat;
513 2809 675 2870 quanquam
687 2792 821 2870 plerique
830 2793 952 2870 imprimi
961 2791 1101 2869 quaedam
1111 2794 1236 2869 vestigia

222 2876 334 2950 animo,
357 2874 438 2934 velut
453 2875 483 2933 in
498 2876 574 2934 ceris
590 2875 739 2935 anulorum
758 2878 841 2952 signa
866 2885 1035 2950 serventur,
1058 2877 1233 2936 existimant.

221 2959 326 3037 Neque
340 2975 392 3017 ero
407 2967 465 3018 tam
482 2958 635 3036 credulus,
651 2969 693 3035 ut,
710 2978 795 3038 quum
812 2960 936 3020 arbitrer
953 2960 1112 3020 tardiorem
1129 2960 1235 3019 [irmio-

192 3041 340 3121 5remque
355 3044 521 3102 memoriam
544 3044 623 3119 lieri,
648 3052 677 3103 et
697 3053 795 3122 putem
817 3053 908 3104 artem
923 3046 1043 3123 proprie
1060 3045 1095 3104 ad
1114 3046 1237 3104 animum

224 3129 381 3205 pertinere.
414 3125 507 3204 Magis
529 3128 663 3187 admirari
686 3137 815 3187 naturam
833 3128 926 3204 subit,
943 3147 991 3188 res
1008 3137 1140 3187 vetustas
1156 3137 1235 3188 tanto

165 3231 169 3235 ’
223 3229 260 3270 ex
276 3211 432 3271 intervallo
448 3213 588 3289 repetitas
604 3211 730 3274 reddere
752 3231 784 3272 se
802 3221 831 3272 et
845 3213 969 3281 ollerre;
991 3230 1048 3271 uec
1062 3220 1173 3271 tanturn
1191 3231 1235 3271 re·

223 3295 401 3372 quirentibus
423 3296 476 3355 sed
501 3297 586 3355 etiam
608 3305 713 3375 sponte
736 3298 867 3373 interim,
893 3314 950 3355 nec
973 3295 1162 3372 vigilantibus
1184 3295 1237 3356 sed

194 3379 311 3439 uetiam
338 3381 435 3458 quiete
458 3381 637 3458 compositis.
667 3380 712 3441 llo
733 3384 842 3458 magis,
865 3380 942 3459 quod
964 3379 1013 3440 illa
1036 3396 1155 3459 quoque
1178 3379 1236 3440 ani·

223 3461 325 3539 malla,
346 3481 420 3540 quae
438 3481 540 3526 carere
557 3464 709 3525 intellectu
724 3465 873 3542 ridentur,
889 3466 1080 3524 meminerunt
1096 3474 1127 3524 et
1144 3481 1237 3543 agno·
