2566 4026
418 190 510 238 lusu.
522 191 671 239 causon.
684 192 752 239 nro.
765 175 791 258 I,
803 191 830 242 4.
1086 185 1123 246 19

117 349 255 411 rationem
269 345 399 406 siderum
415 345 541 422 ignoret,
558 354 662 424 poetas
677 347 831 424 intelligat,
849 349 897 426 qui
914 349 960 428 (ut
972 349 1028 411 alia
1040 353 1121 413 ornit-

116 435 182 512 tam)
199 432 313 491 totiens
333 438 400 489 ortu
415 445 582 507 occasuque
602 430 750 507 signorum
764 432 792 490 in
808 431 988 493 declarandis
1009 445 1120 514 tempo·

116 515 189 576 ribus
203 522 340 582 utuntur;
356 530 413 572 nec
426 513 525 589 ignara
540 512 754 592 philosophiae,
771 532 834 574 curn
846 526 967 594 propter
981 517 1119 596 plurimos

116 596 293 660 {nomnibus
310 596 375 657 fere
391 595 563 656 carminibus
578 597 662 657 locos
679 616 716 656 ex
731 599 827 658 intima
844 599 1014 661 naturalium
1032 621 1119 682 quae·
1191 592 1192 597 ¹

117 684 239 744 stionnm
262 680 424 741 subtilitate
444 681 604 758 repetitos,
629 690 687 741 tum
710 681 759 741 vel
779 691 901 760 propter
920 682 1119 762 Empedoclen

116 769 142 826 in
156 764 299 840 Graecis,
315 764 478 826 Varronem
492 781 527 824 ac
542 763 705 824 Lucretium
720 767 749 825 in
763 764 881 841 Latinis,
898 768 946 844 qui
962 781 1120 850 praecepta

116 851 280 929 supientiae
296 847 430 908 versibus
447 847 632 907 tradiderunt.
669 847 843 927 Eloquentia
858 866 975 927 quoque
990 869 1048 911 non
1062 869 1146 920 mes

117 933 207 994 diocri
224 941 272 992 est
288 949 381 1010 opus,
403 940 434 990 ut
448 931 485 991 de
499 949 671 1010 unaquaque
686 950 799 1009 earum,
819 951 890 1012 quas
914 934 1120 998 demonstravi-

117 1034 192 1092 nrus,
214 1033 315 1076 rerum
336 1014 413 1074 dicat
433 1016 553 1093 proprie
575 1025 604 1074 ct
627 1018 758 1094 copiose.
800 1017 864 1091 Quo
885 1019 976 1077 minus
998 1029 1063 1081 sunt
1077 1023 1119 1082 ie·

117 1100 215 1176 rendi,
235 1100 286 1179 qui
307 1098 381 1159 banc
402 1107 493 1158 artem
513 1107 543 1158 ut
563 1108 677 1159 tenuem
692 1108 779 1178 atque
799 1102 923 1161 ieiunam
939 1102 1119 1182 cavillantur,

118 1201 190 1263 quae
207 1183 266 1242 nisi
284 1184 408 1242 oratoris
429 1183 517 1242 futuri
536 1183 719 1244 fundamenta
734 1183 858 1244 fideliter
875 1185 959 1261 iecit,
984 1187 1121 1266 quidquid

117 1266 366 1346 superstruxeris,
384 1273 514 1334 corruet;
536 1268 703 1327 necessaria
719 1269 835 1346 pueris,
853 1269 975 1330 iucunda
991 1270 1119 1349 senibus,

117 1351 211 1411 dulcis
228 1357 412 1409 secretorum
426 1366 524 1409 comes
541 1359 569 1410 et
585 1369 659 1429 quae
673 1351 723 1410 vel
740 1351 805 1411 sola
822 1352 942 1412 inomni
962 1354 1120 1415 studiorum

117 1451 227 1512 genere
243 1433 310 1512 plus
324 1432 431 1494 babeat
447 1434 545 1512 operis
562 1452 646 1512 quam
661 1436 871 1496 ostentationis.

201 1515 249 1576 Ne
267 1517 331 1595 quis
347 1517 434 1594 igitur
448 1525 581 1595 tanquam
596 1535 684 1596 parva
700 1519 825 1579 fastidiat
840 1521 1040 1595 grammatices
1057 1522 1145 1589 ele-6

116 1610 228 1676 menta,
250 1617 310 1660 non
332 1601 399 1680 quia
413 1617 534 1677 magnae
549 1603 586 1660 sit
602 1619 711 1680 operae
727 1612 920 1663 consonantes
936 1605 1118 1666 advocalibus

117 1687 289 1746 discernere
303 1685 441 1762 ipsasque
457 1702 507 1744 eas
523 1684 552 1744 in
567 1687 783 1746 semivocalium
803 1704 950 1746 numerum
968 1698 1119 1750 mutarum-

118 1787 173 1849 que
190 1769 312 1847 partiri,
336 1768 388 1828 sed
410 1769 476 1846 quia
494 1768 632 1828 interiora
646 1768 726 1829 velut
748 1771 823 1830 sacri
844 1768 928 1830 buius
950 1771 1118 1833 adeuntibus

116 1851 271 1932 apparebit
291 1850 380 1911 multo
394 1869 490 1911 rernm
508 1851 668 1929 subtilitas,
690 1871 764 1932 quae
779 1870 836 1913 non
853 1854 939 1914 modo
956 1872 1062 1915 acuere
1077 1859 1117 1917 in-

115 1938 202 2014 genia
216 1936 345 2014 puerilia
365 1934 418 1996 sed
441 1953 584 1996 exercere
606 1936 771 1997 altissimam
792 1955 907 2016 quoque
929 1938 1119 1999 eruditionem

115 2039 150 2082 ac
169 2020 324 2080 scientiam
339 2020 441 2097 possit.
477 2019 523 2079 An
539 2019 693 2080 cuiuslibet
713 2022 788 2081 auris
805 2030 850 2080 est
873 2022 994 2098 exigere
1010 2023 1141 2090 littera-7

114 2123 178 2165 rum
196 2099 313 2163 sonos?
341 2118 398 2161 non
413 2102 534 2163 hercule
553 2104 645 2181 magis
661 2121 745 2182 quam
758 2121 922 2165 nervorum.
950 2105 1008 2165 Aut
1023 2126 1117 2185 gram·

114 2188 212 2248 roatici
237 2186 341 2246 saltem
360 2202 459 2254 omrres
480 2188 508 2245 in
528 2187 602 2248 banc
623 2187 802 2248 descendent
823 2207 919 2249 rerum
938 2192 1116 2268 tenuitatem,
1166 2202 1169 2207 ·

115 2273 251 2333 desintne
263 2270 379 2348 aliquae
390 2269 474 2329 nobis
486 2272 670 2331 necessariae
683 2272 849 2350 litterarum,
863 2289 921 2333 non
933 2291 996 2334 cum
1008 2273 1118 2336 Graeca

116 2355 271 2416 scribimus
288 2353 362 2431 (tum
377 2354 452 2414 enim
466 2353 502 2414 ab
516 2354 617 2415 iisdem
630 2356 700 2416 duas
713 2358 885 2436 mutuamur)
903 2357 955 2417 sed
970 2361 1116 2438 propriae,

115 2440 142 2500 in
162 2438 292 2513 Latinis,
312 2445 343 2496 ut
363 2439 392 2497 in
413 2437 457 2497 his
476 2457 588 2500 seruus
609 2448 638 2499 et
652 2442 763 2516 colpos
783 2439 935 2500 Aeolicum
957 2441 1144 2517 digammonss

116 2524 318 2597 desideratur,
335 2529 367 2580 ut
381 2521 491 2581 medius
507 2523 678 2601 estquidam
693 2522 719 2582 U
734 2531 763 2581 et
779 2521 792 2581 1
807 2523 921 2582 litterae
937 2541 1040 2592 sonus;
1061 2542 1118 2583 non

116 2610 192 2667 enim
208 2606 254 2666 sic
273 2606 417 2685 optimam
432 2605 551 2666 dicimus
570 2615 601 2666 ut
622 2609 769 2687 opimum,
794 2614 823 2664 et
844 2607 871 2665 in
892 2606 965 2666 berc
984 2605 1118 2683 nequell

116 2691 204 2770 plane
223 2706 320 2767 neque
336 2688 349 2748 Ι
364 2688 491 2758 auditur;
508 2708 657 2751 aurursus
673 2690 748 2751 aliae
762 2690 937 2765 redundent,
954 2697 1071 2768 praeter
1085 2689 1145 2749 il·9

117 2774 172 2834 lam
183 2774 383 2852 aspirationis,
398 2772 488 2851 (quae
500 2775 525 2833 si
536 2775 702 2835 necessaria
714 2784 769 2852 est,
783 2776 868 2835 etiarn
880 2775 1051 2834 contrariam
1063 2773 1118 2833 sibi

117 2860 230 2937 poscit)
252 2865 281 2916 et
297 2854 339 2930 ll,
360 2874 433 2936 quae
450 2866 478 2917 et
493 2859 556 2936 ipso
572 2859 748 2937 quorundam
762 2861 904 2919 nominum
918 2867 986 2917 nota
1001 2865 1062 2933 est,
1089 2866 1118 2917 et

117 2941 153 3017 Q,
170 2944 254 3002 cuius
269 2939 372 3000 sinn'lis
388 2940 493 3001 ellectu
509 2943 678 3020 specieque,
694 2943 747 3001 nisi
763 2942 840 3021 quod
855 2943 970 3019 paulum
983 2958 999 3002 a
1011 2943 1117 3001 nostris

116 3025 300 3105 obliquatur,
327 3021 432 3103 Koppa
458 3025 533 3103 apud
556 3023 684 3086 Graecos
709 3045 784 3086 nunc
810 3034 917 3085 tantum
942 3027 970 3084 in
998 3043 1116 3086 numero

115 3118 231 3186 manet,
254 3117 284 3168 et
298 3117 461 3168 nostrarum
474 3108 590 3184 ultima,
614 3126 669 3187 qua
685 3118 741 3168 tam
757 3126 858 3170 carere
875 3111 1017 3187 potuimus
1034 3127 1117 3189 qnam

115 3207 210 3271 quon
226 3189 414 3273 quaerimus?
438 3191 535 3271 Atque
551 3194 635 3252 etiem
648 3194 676 3251 in
692 3194 762 3271 ipsis
777 3191 928 3253 vocalibus
943 3195 1119 3270 grammatici
1129 3203 1162 3256 10

115 3288 161 3339 est
176 3278 290 3353 videre,
308 3293 345 3335 an
360 3273 471 3354 aliquas
485 3293 538 3354 pro
555 3275 778 3337 consonantibus
794 3295 863 3336 usus
878 3279 1037 3356 acceperit,
1053 3279 1119 3356 quia

113 3366 176 3425 inm
191 3365 268 3424 sicut
284 3370 350 3424 tom
365 3358 499 3420 scribitur
520 3369 549 3420 et
562 3376 637 3440 quoe
652 3368 681 3419 ut
697 3378 758 3421 cos.
793 3361 832 3420 At
855 3378 929 3439 quae
950 3370 981 3420 ut
998 3356 1149 3420 vocales*

115 3450 273 3527 iunguntur
294 3453 345 3506 aut
365 3460 448 3504 unam
469 3442 584 3522 longam
604 3444 727 3519 iaciunt,
750 3452 780 3503 ut
799 3453 917 3505 veteres
927 3445 1120 3586 2spripserunt
