2566 4026
199 159 260 221 268
523 169 886 229 armamentorum

195 328 262 403 tici,
287 325 336 386 det
356 325 424 386 mibi
444 325 472 383 in
495 324 660 403 eloquendo
686 325 806 385 eandem
830 323 1038 384 iucunditatem
1062 335 1096 387 et
1117 345 1214 406 paren

197 412 320 490 copiam.
354 408 482 482 Quodsi
504 418 639 486 negatum
662 417 721 469 est:
747 409 906 468 sententias
924 408 1095 486 aptabimus
1112 412 1150 472 iis
1167 429 1213 473 vo·

198 495 297 571 cibus,
314 512 387 574 quas
399 491 555 568 babemus,
579 510 635 553 nec
652 510 748 552 rerum
764 493 877 552 nimiam
893 493 1086 571 tenuitatem,
1111 505 1213 558 utnon
1253 540 1256 545 -

196 580 289 639 dicam
305 576 523 657 pinguioribus,
546 576 716 638 fortioribus
734 584 815 637 certe
829 574 929 636 verbis
943 577 1157 656 miscebimus,
1178 599 1211 640 ue

154 665 286 732 savirtus
305 671 428 740 utraque
449 671 552 740 pereat
572 662 636 740 ipsa
659 660 841 721 confusione.
875 658 948 721 Nam
969 678 1030 739 quo
1047 663 1148 724 minus
1165 664 1209 725 ad·
1252 684 1255 689 ·

196 749 274 807 iurat
290 763 397 824 sermo,
414 763 510 805 rerum
525 746 692 806 inventione
707 744 890 823 pugnandum
905 753 960 805 est.
989 746 1109 806 Sensus
1124 748 1209 809 subli-

194 849 256 891 mes
278 831 409 909 variique
432 838 577 889 eruantur.
617 829 810 890 Permovendi
831 846 933 889 omnes
960 829 1091 890 affectus
1119 841 1207 908 erunt,

195 916 288 975 oratio
304 914 523 974 translationum
539 915 633 975 nitore
651 913 845 974 illuminanda.
881 911 947 973 Non
961 931 1127 992 possumus
1145 933 1209 977 esse

195 1008 252 1060 tam
269 999 413 1077 graciles:
441 998 529 1058 simus
553 998 702 1059 fortiores.
737 997 903 1059 Subtilitate
923 998 1086 1060 vincimur:
1113 1001 1207 1061 valea·

194 1100 256 1142 mus
273 1082 414 1161 pondere.
451 1081 618 1161 Proprietas
633 1100 727 1161 penes
743 1080 812 1142 illos
828 1090 875 1141 est
889 1083 1012 1142 certior:
1040 1085 1133 1162 eopia
1150 1086 1207 1144 vin·

153 1175 302 1233 stcamus.
344 1164 464 1244 Ingenia
490 1165 668 1228 Graecorum
695 1167 780 1226 etiam
803 1167 914 1225 minora
938 1182 1009 1225 suos
1032 1177 1141 1244 portus
1162 1167 1208 1229 ba·

193 1249 278 1310 bent:
295 1268 349 1310 uos
364 1251 536 1329 plerumque
551 1249 707 1312 maioribus
721 1250 797 1310 velis
813 1266 990 1325 moveamur,
1006 1249 1137 1313 validior
1152 1251 1207 1332 spi·

195 1336 267 1395 ritus
282 1344 399 1395 nostros
423 1336 502 1394 sinus
518 1335 633 1404 tendat:
660 1351 718 1395 non
740 1342 836 1395 tamen
858 1333 916 1394 alto
933 1351 1053 1412 semper
1068 1334 1205 1411 feramur,

195 1436 260 1479 nam
273 1428 302 1479 et
314 1418 400 1479 litora
411 1419 523 1479 interim
536 1419 685 1498 sequenda
701 1426 775 1478 suut.
798 1418 859 1478 lllis
875 1416 970 1478 facilis
986 1435 1040 1496 per
1058 1419 1208 1498 quaelibet

194 1503 268 1564 rada
284 1521 439 1563 accessus:
457 1520 515 1580 ego
531 1503 655 1583 aliquid,
671 1519 730 1562 non
746 1502 836 1562 multo
852 1511 963 1577 tamen,
982 1500 1089 1579 altius,
1106 1505 1136 1564 in
1152 1519 1205 1582 quo

151 1596 259 1652 38mea
281 1586 384 1663 cymba
406 1604 463 1647 nou
487 1587 578 1664 sidat,
600 1587 752 1647 inveniam.
790 1584 895 1664 Neque
916 1586 1006 1662 enim,
1031 1587 1057 1645 si
1074 1589 1206 1649 tenuiora

193 1671 268 1731 baec
284 1688 319 1730 ac
334 1673 485 1749 pressiora
501 1669 606 1732 Graeci
620 1670 740 1746 melius,
767 1671 796 1729 in
821 1687 917 1747 eoque
932 1670 1076 1730 vincimur
1092 1671 1161 1734 solo
1179 1679 1205 1730 et

193 1753 260 1813 ideo
275 1755 304 1813 in
321 1755 481 1814 comoediis
496 1772 555 1814 non
570 1755 780 1830 contendimus,
798 1771 918 1831 prorsus
934 1761 1032 1814 tamen
1048 1755 1205 1816 omittenda

192 1855 261 1918 pars
276 1838 352 1898 haec
368 1838 524 1914 orationis,
545 1838 599 1898 sed
616 1838 762 1916 exigenda
777 1845 808 1897 ut
823 1839 930 1916 optime
947 1855 1121 1917 possumus:
1140 1856 1205 1919 pos·

193 1940 290 1982 sumus
309 1930 404 1982 autem
421 1939 518 1981 rerum
534 1931 563 1981 et
578 1922 665 1983 modo
684 1931 713 1982 et
732 1921 840 1982 iudicio
856 1940 925 1981 esse
947 1923 1074 1999 similes,
1100 1922 1204 1984 verbo·

193 2023 254 2065 rum
273 2006 384 2083 gratia,
409 2023 494 2084 quam
519 2005 547 2065 in
569 2007 641 2085 ipsis
664 2023 722 2065 non
743 2004 900 2082 habemus,
926 2007 1114 2068 extrinsecus
1139 2024 1202 2068 con·

151 2090 297 2150 abdienda
314 2098 368 2150 est.
405 2089 510 2150 Annon
531 2091 560 2150 in
576 2091 697 2170 privatis
714 2098 743 2149 et
761 2099 863 2150 acutus
879 2098 909 2150 et
924 2107 982 2149 non
997 2107 1089 2167 asper
1104 2100 1136 2152 et
1150 2108 1205 2151 nou

193 2174 373 2235 indistinctus
398 2182 427 2234 et
448 2191 506 2233 non
528 2175 747 2254 supramodum
770 2172 863 2234 elatus
877 2172 915 2233 Μ.
936 2172 1072 2234 Tullius?
1103 2192 1164 2236 non
1180 2177 1205 2235 in

192 2257 230 2318 Μ.
249 2255 361 2319 Calidio
382 2259 502 2336 insignis
518 2259 593 2320 haec
606 2256 721 2320 virtus?
736 2274 794 2317 non
810 2258 921 2336 Scipio,
936 2256 1068 2334 Laelius,
1087 2257 1163 2321 (lato
1179 2260 1205 2318 in

193 2342 361 2422 eloquendo
377 2343 457 2403 velut
474 2341 565 2403 Attici
580 2342 774 2403 Romanorum
798 2339 933 2401 luerunt?
969 2338 1022 2402 Oui
1037 2358 1131 2420 porro
1150 2360 1205 2404 non

193 2429 263 2487 satis
280 2436 340 2503 est,
358 2444 416 2506 quo
434 2427 503 2488 nihil
522 2445 589 2487 esse
605 2427 709 2487 melius
728 2421 848 2504 potest?

151 2513 186 2569 lo
277 2510 324 2571 Ad
346 2510 403 2572 lroo
425 2512 539 2589 quidam
559 2511 666 2571 nullam
685 2528 752 2570 esse
770 2508 931 2569 naturalem
948 2518 1048 2587 putant
1064 2511 1205 2591 cloquen-

192 2597 277 2671 tiam,
305 2596 359 2654 uisi
381 2596 514 2673 quaesit
542 2595 688 2655 cotidiano
713 2595 840 2653 sermoni
865 2592 1024 2669 simillima,
1054 2612 1114 2672 quo
1144 2612 1205 2657 curn

193 2680 310 2755 amicis,
334 2679 525 2756 coniugibus,
544 2677 661 2755 liberis,
680 2678 774 2738 seruis
793 2676 963 2756 loquamur,
982 2686 1121 2739 contento
1138 2695 1204 2758 pro·

192 2781 272 2823 mere
296 2763 380 2823 animi
400 2763 580 2823 voluntatem
601 2763 730 2842 nihilque
748 2770 778 2821 et
800 2762 934 2821 arcessiti
951 2769 981 2820 et
998 2760 1145 2823 elaborati
1160 2780 1204 2823 re·

193 2848 343 2924 quirente;
368 2847 505 2927 quidquid
520 2846 577 2907 huc
593 2849 629 2906 sit
646 2846 806 2921 adiectum,
832 2844 861 2904 id
877 2863 944 2904 esse
961 2845 1159 2907 affectationis
1176 2853 1205 2906 et

193 2929 363 2992 ambitiosae
378 2932 406 2990 in
420 2931 567 3010 loquendo
583 2930 747 3006 iactantiae,
764 2937 905 2989 remotum
922 2947 938 2990 a
954 2929 1078 2990 veritate
1094 2930 1203 2991 lictum·

193 3031 250 3093 que
267 3016 397 3094 ipsorum
412 3016 505 3093 gratia
523 3014 695 3090 verborum,
723 3013 826 3092 quibus
845 3013 939 3073 solum
961 3021 1062 3074 natura
1084 3015 1122 3074 sit
1140 3013 1203 3076 oli·
1269 3042 1274 3065 ι

152 3099 266 3160 lloium
282 3098 465 3176 attributum,
481 3101 594 3160 servire
610 3097 761 3159 sensibus:
785 3099 860 3157 sicut
875 3096 1048 3159 athletarum
1063 3114 1201 3177 corpora,

194 3183 307 3242 etiarnsi
323 3182 464 3244 validiora
480 3184 548 3244 liant
564 3183 775 3243 exercitatione
792 3189 821 3241 et
836 3180 905 3259 lege
922 3181 1045 3259 quadam
1060 3181 1201 3256 ciborum,

193 3275 363 3327 nontamen
381 3285 449 3327 esse
464 3267 605 3328 naturalia
621 3275 708 3346 atque
725 3265 761 3326 ab
779 3264 829 3325 illa
845 3266 965 3343 specie,
988 3283 1064 3343 quae
1081 3266 1120 3326 sit
1135 3282 1202 3327 con·

194 3365 280 3409 cessa
303 3349 482 3427 hominibus,
506 3350 675 3411 abhorrere.
716 3348 792 3422 Quid
813 3349 904 3425 enim,
931 3348 1080 3428 inquiunt,
1103 3350 1203 3410 attinet

195 3431 316 3492 circuitu
333 3452 382 3494 res
401 3434 558 3495 ostendere
577 3443 606 3495 et
621 3432 874 3510 translationibus,
900 3431 929 3492 id
946 3441 991 3492 est
1007 3441 1057 3493 aut
1071 3431 1202 3512 pluribus
