2566 4026
241 135 301 197 174
546 149 582 195 ru.
599 147 677 195 aas.
694 147 914 207 Qnmrmrnnr

239 301 365 379 aliquid,
388 300 466 381 quod
493 319 530 361 ex
551 300 672 377 invidia,
696 319 780 380 quam
803 293 949 379 expositio
976 301 1135 362 adversarii
1157 303 1239 382 iecit,

239 385 350 446 detrahi
365 385 475 462 possit,
500 401 564 444 cum
581 385 667 444 etiam
687 387 766 444 servi
781 385 872 443 nostri
893 384 929 443 de
945 386 1075 464 peccatis
1091 386 1151 445 suis
1168 388 1239 448 mol·

197 469 294 532 'lolius
311 467 473 545 loquantur.
513 466 663 540 Quaedam
685 470 759 527 enim
780 467 862 545 quasi
880 484 937 526 non
958 477 1107 528 narrantes
1128 470 1239 549 mitiga·

238 551 344 611 bimus:
367 549 436 612 Non
452 551 591 627 quidem,
612 560 647 612 at
660 551 864 614 aduersarius
883 552 971 628 dicit,
993 553 1150 614 canalium
1163 556 1241 633 furti

238 637 271 696 in
286 636 428 713 ternplum
444 634 560 711 attulit,
581 652 639 695 nec
654 635 708 696 diu
724 635 861 714 captavit
877 636 1006 697 cinerei
1024 641 1162 714 tempus,·
1183 639 1241 700 sed

238 719 401 781 occasione
412 724 441 780 et
455 717 596 779 uisenda
610 719 767 780 custodum
780 725 947 796 corruptus
957 727 987 781 et
998 721 1146 798 pecunia,
1160 738 1241 799 quae

237 804 363 864 nimium
384 802 416 863 in
433 803 546 863 ammio
565 801 718 864 bominum
734 810 849 880 potest,
872 803 972 864 uictus
993 811 1046 866 cst.
1084 802 1167 876 Quid
1188 825 1239 868 re-

237 886 322 966 fert?
333 886 478 966 peccauit
489 893 519 948 at
529 885 583 963 piar
596 893 650 961 est,
666 893 695 946 et
706 885 782 946 nibil
792 886 898 947 atdnet
911 887 945 947 id
960 887 1137 965 defendere,
1152 891 1241 950 cuius

196 979 228 1037 tt
237 988 368 1049 poenam
380 987 441 1031 non
454 987 644 1030 recusamur.
678 968 793 1029 Interim
812 971 894 1048 quasi
909 971 1073 1031 damnemus
1089 973 1161 1049 ipsi:
1190 971 1241 1034 Vis

238 1063 268 1115 te
279 1054 383 1115 dicam
396 1053 466 1114 uino
479 1053 663 1130 impulsum?
679 1072 786 1115 errore
800 1054 943 1131 lapsum?
957 1062 1047 1116 nocte
1058 1056 1239 1133 deceptum?

237 1154 315 1200 ocra
328 1143 400 1198 sunt
413 1138 474 1198 ista
486 1137 640 1215 fortaaaer
656 1145 688 1198 tu
699 1145 800 1199 tamen
810 1138 973 1215 inpenuuna
984 1141 1143 1217 stuprasti,
1157 1141 1240 1201 soloe

239 1222 345 1283 decena
363 1221 458 1282 milia.
492 1218 702 1299 Nonnunquam
721 1221 924 1299 propositione
945 1223 1120 1300 praemuniri
1140 1232 1239 1301 potest

195 1316 343 1381 tscausa,
360 1304 464 1365 deinde
481 1305 597 1383 exponi.
626 1302 776 1365 Contraria
792 1313 858 1363 sunt
873 1308 967 1365 omnia
983 1306 1073 1366 tribus
1090 1306 1172 1382 liliis,
1190 1309 1239 1386 qui

238 1390 267 1449 in
281 1398 403 1449 mortem
419 1389 509 1467 patris
528 1390 726 1448 coniurarant:
749 1389 843 1448 sortiti
865 1397 953 1448 nocte
969 1390 1075 1466 singuli
1094 1408 1147 1468 per
1163 1393 1254 1465 ordi,

239 1489 305 1532 nem
329 1490 392 1531 cum
414 1472 493 1531 lerro
518 1465 680 1531 cubiculum
702 1473 842 1532 intrarunt
866 1481 949 1551 patre
972 1473 1147 1542 dormiente;
1176 1493 1239 1534 cunr

197 1565 230 1620 ts
239 1555 379 1615 occidere
395 1573 459 1614 eum
474 1572 559 1614 nemo
575 1556 735 1633 potuisset,
753 1558 881 1615 excitato
899 1557 992 1616 omnia
1009 1557 1179 1617 indicarunt.
1208 1560 1239 1617 Si

238 1648 334 1698 tamen
355 1647 455 1717 pater,
473 1639 521 1716 qui
542 1637 637 1697 divisit
659 1640 859 1716 patrimonium
882 1648 911 1699 et
932 1656 1000 1699 reos
1021 1642 1167 1718 parricidii
1188 1642 1238 1701 de-

239 1721 346 1797 fendit,
369 1723 412 1781 sic
428 1730 510 1798 agat:
534 1720 623 1794 Quod
638 1731 747 1784 contra
763 1724 859 1802 tapeta
879 1723 1010 1803 sufficit,
1030 1726 1239 1801 parricidium

239 1806 383 1868 abdatur
396 1806 572 1882 iuuenibus,
589 1821 717 1884 quorum
730 1815 822 1884 pater
835 1809 909 1868 aicit
921 1815 1014 1886 atque
1028 1809 1119 1868 etiam
1133 1809 1240 1870 utens

238 1891 306 1952 ruis
320 1891 420 1951 aden.
445 1886 591 1951 Ordinem
603 1892 651 1950 rei
664 1907 802 1953 narrare
816 1892 891 1969 qnid
904 1910 1030 1953 necesse
1043 1900 1097 1968 est,
1115 1910 1184 1952 cuns
1194 1893 1238 1953 ad

230 1975 334 2052 'tepent
353 1974 429 2035 nibil
445 1975 624 2053 pertineat?
651 1976 708 2036 sed
727 1976 756 2034 si
778 1976 997 2054 confessionem
1020 1977 1130 2055 culpae
1153 1994 1239 2036 meae

238 2058 380 2135 actpttts:
400 2057 448 2136 firi
465 2062 557 2136 pater
574 2059 673 2118 durans
691 2066 719 2118 et
731 2061 924 2137 patrimonii,
946 2060 1028 2136 qrrad
1047 2061 1111 2120 iana
1131 2060 1239 2119 melius

238 2141 279 2202 ab
300 2141 348 2201 dia
368 2142 581 2203 administrari
599 2149 737 2221 potarat,
761 2151 855 2204 tenca
875 2151 999 2214 cuatos‚·
1025 2141 1129 2203 deinde
1150 2141 1238 2202 subii·

196 2225 327 2286 iacitur:
350 2222 528 2287 Stimulatos
546 2226 587 2287 ab
607 2227 666 2302 iis,
689 2240 816 2304 qaorum
834 2227 1073 2306 indulpentiores
1091 2234 1239 2305 parentes

238 2316 342 2384 erant,
359 2327 481 2388 semper
494 2316 594 2370 tamen
609 2309 752 2371 badense
765 2329 834 2372 eum
849 2312 999 2387 animam,
1015 2313 1067 2389 qui
1078 2312 1118 2372 ait
1132 2319 1239 2372 euentu

239 2391 462 2470 deprehensus,
477 2402 509 2455 ut
522 2394 667 2456 occidere
676 2402 801 2472 patrem
813 2414 873 2457 non
884 2405 1018 2474 possent.
1040 2393 1148 2473 Neque
1161 2396 1239 2455 enirn

236 2476 439 2539 iureiurando
453 2496 530 2556 opus
546 2478 661 2556 famae,
679 2480 709 2538 si
727 2479 843 2557 alioqui
856 2479 914 2540 boc
928 2481 1036 2540 mantis
1050 2479 1237 2553 habuissent,

236 2578 295 2622 nac
309 2569 408 2638 sorte,
423 2563 485 2622 nisi
499 2563 583 2641 quod
595 2580 630 2624 se
644 2562 772 2640 quisque
788 2564 881 2622 enimi
893 2562 1034 2623 coluerit:
1056 2563 1150 2620 omnia
1164 2561 1238 2621 haec

239 2643 451 2723 qualiacunque
467 2644 675 2724 placidioribus
696 2646 795 2704 animis
814 2645 995 2722 accipientur
1013 2642 1064 2703 illa
1079 2642 1161 2702 brevi
1179 2645 1237 2720 pri-

214 2740 303 2792 5mae
321 2730 530 2806 propositionis
547 2729 719 2789 defensione
735 2727 855 2787 mollita.
884 2725 923 2786 At
939 2744 1002 2785 cnm
1018 2727 1175 2804 quaeritur,
1192 2724 1238 2784 An

122 2735 225 2823 *Χῖ
239 2809 346 2870 factum
361 2808 419 2872 siti
447 2813 515 2888 vel,
538 2811 632 2884 Quale
650 2811 756 2871 iactum
773 2806 831 2871 siti
859 2811 929 2870 licet
950 2811 1044 2869 omnia
1061 2819 1161 2869 contra
1181 2827 1237 2869 nos

239 2896 310 2954 sint:
332 2896 476 2976 quomodo
500 2906 596 2956 tamen
612 2896 722 2954 evitare
737 2896 950 2973 expositionem
968 2893 1050 2954 salva
1067 2912 1174 2953 causae
1192 2911 1236 2953 ra-

239 2979 318 3038 tione
341 2976 517 3057 possumus?
555 2977 690 3042 Narravit
714 2989 869 3039 accusator
895 2997 990 3057 neque
1020 2980 1059 3038 ita
1083 2987 1131 3052 nt,
1161 2995 1237 3055 quae

240 3071 340 3122 essent
354 3071 430 3139 acta,
447 3071 555 3123 tantum
569 3062 725 3132 indicarem
746 3064 799 3124 sed
814 3063 920 3124 adiecit
934 3063 1078 3137 invidiam,
1095 3079 1156 3120 rem
1171 3079 1237 3120 ver·

238 3143 284 3203 bis
301 3148 501 3225 exasperavit,
519 3156 709 3207 accesserunt
724 3148 929 3226 probationes,
948 3147 1096 3226 peroratio
1111 3145 1239 3205 incendit

198 3233 270 3290 toet
293 3229 396 3306 plenos
420 3231 481 3290 irae
503 3230 629 3308 reliquit.
676 3230 822 3310 Expectat
844 3231 1013 3291 naturaliter
1036 3230 1141 3305 iudex,
1170 3228 1237 3307 quid

241 3321 374 3372 narretur
394 3313 521 3374 anobis.
558 3315 589 3375 Si
610 3315 680 3375 nihil
701 3317 888 3395 exponimus:
910 3314 960 3374 illa
983 3332 1067 3390 esse,
1090 3331 1164 3392 quae
1188 3310 1236 3371 ad·

201 3455 206 3461 ,
238 3397 386 3456 versarius
412 3397 499 3476 dixit,
523 3406 553 3457 et
574 3397 660 3474 talia,
687 3398 784 3478 qualia
805 3397 891 3473 dixit,
915 3399 1014 3458 credat
1034 3415 1159 3458 necesse
1180 3403 1235 3455 est.
