2566 4026
394 173 485 222 mar.
501 172 650 220 aaaron.
666 170 850 237 n1a.11,11.
1083 158 1123 220 79

75 368 79 375 ·
114 337 188 397 ciunt
209 342 334 394 actores
356 330 478 404 comici,
501 329 549 407 qui
570 345 666 406 neque
688 328 727 387 ita
750 343 890 405 prorsus,
912 337 944 388 ut
963 345 1016 388 nos
1032 326 1122 406 vulgo

112 419 277 499 loquimur,
302 414 503 496 pronuntiant,
527 411 606 492 quod
622 419 702 470 esset
723 411 786 470 sine
803 420 882 487 arte,
904 430 1000 492 neque
1018 413 1123 491 procul

115 513 208 564 tamen
227 509 369 562 amatura
386 497 539 571 recedunt,
556 511 614 575 quo
630 496 700 554 vitio
718 496 828 573 periret
840 496 975 565 imitatio;
992 498 1046 556 sed
1061 514 1122 557 mo·

113 605 172 647 rem
191 585 358 646 communis
375 583 459 642 buius
475 581 618 639 sermonis
637 580 746 639 decore
764 580 889 659 quodam
904 583 1023 641 scenico
1037 598 1122 641 exor-

114 679 188 731 nant.
222 671 276 731 Sic
299 684 418 748 quoque
443 665 539 744 aliqua
561 681 614 722 nos
630 663 813 724 incommoda
835 683 872 724 ex
894 663 955 739 bis,
979 683 1050 744 quas
1072 666 1165 729 buil

113 756 254 829 remmus,
271 752 402 812 materiis
416 757 643 826 consequentur,
660 749 688 806 iu
701 766 737 808 eo
751 749 921 827 praecipue,
941 750 1019 826 quod
1034 750 1124 810 multa

115 842 140 898 in
154 838 200 897 bis
218 837 427 914 relinquuntur
443 835 564 907 incerta,
582 849 658 911 quae
671 834 806 892 sumimus
818 842 848 892 ut
858 831 984 907 videtur,
998 842 1121 909 aetates,

114 922 292 995 facultates,
316 918 442 992 liberos,
466 925 622 995 parentes,
646 916 757 976 urbium
781 918 909 994 ipsarum
929 918 1025 992 uires,
1050 917 1122 992 iura,

115 1023 226 1082 nores,
243 1004 303 1064 alia
318 1003 363 1062 bis
379 1001 497 1068 similia;
516 999 671 1077 aliquando
688 1002 775 1060 etiam
791 1009 990 1077 argumentum
1003 1018 1040 1060 ex
1052 1001 1123 1078 ipsis
1132 1010 1165 1063 15

116 1091 296 1169 positionum
323 1088 401 1146 vitiis
423 1085 562 1145 ducimus.
609 1084 669 1143 Sed
697 1084 771 1144 baec
801 1101 854 1144 suo
881 1102 1015 1163 quaeque
1042 1084 1121 1144 looo.

116 1173 256 1248 Quamvis
279 1171 354 1230 enim
375 1187 460 1229 omne
478 1169 662 1245 propositum
677 1169 777 1245 operis
803 1187 819 1227 a
834 1169 918 1228 nobis
935 1169 1068 1228 destinati
1085 1185 1121 1228 eo

115 1265 244 1336 spectet,
263 1263 294 1314 ut
310 1262 410 1314 orator
425 1253 601 1318 instituatur:
619 1260 731 1326 tamen,
749 1270 785 1311 ue
802 1254 870 1331 quid
888 1252 1010 1311 studiosi
1025 1253 1122 1332 requi-

114 1351 192 1416 rant,
219 1338 348 1399 etiamsi
366 1339 435 1417 quid
451 1337 520 1409 erit,
545 1337 623 1413 quod
645 1337 680 1395 ad
697 1335 814 1396 scholas
829 1337 975 1414 pertineat
990 1338 1121 1414 proprie,

115 1425 283 1484 intransitu
298 1438 356 1481 nou
372 1424 545 1481 omittemus.

342 1572 387 1622 AN
405 1572 504 1622 ARTIS
522 1571 728 1622 NECESSARIA
747 1571 906 1624 COGNlTIO.

200 1673 252 1734 xl.
284 1673 344 1733 lam
366 1672 432 1731 binc
454 1688 525 1748 ergo
549 1671 632 1731 nobis
654 1671 816 1731 inchoanda
842 1680 886 1730 est
905 1689 939 1730 ea
954 1689 1022 1749 pars
1041 1673 1121 1748 artis,

115 1781 152 1822 ex
176 1777 236 1839 qua
258 1775 367 1835 capere
383 1757 490 1815 initium
511 1755 623 1832 solent,
649 1757 697 1834 qui
717 1758 815 1832 priora
839 1756 1010 1824 omiserunt;
1033 1775 1121 1836 quau·
1198 1806 1203 1814 .

116 1863 202 1926 quam
216 1843 308 1902 uideo
333 1840 473 1920 quosdam
496 1841 525 1898 in
548 1841 612 1917 ipso
635 1841 731 1899 statim
747 1840 843 1898 limine
861 1839 1027 1899 obstaturos
1044 1840 1121 1914 mibi,

115 1930 164 2009 qui
193 1925 266 1986 nibil
291 1942 383 2002 egere
404 1923 568 1983 huiusmodi
593 1925 761 2001 praeceptis
790 1923 988 2001 eloquentiam
1010 1931 1122 2001 putent,

114 2013 169 2073 sed
188 2018 292 2070 natura
309 2017 406 2068 suaet
428 2007 541 2084 vulgari
562 2009 648 2067 modo
670 2016 699 2066 et
724 2007 889 2067 scholarum
912 2008 1123 2066 exercitatione

116 2094 250 2157 contenti
267 2093 381 2153 rideant
397 2092 483 2151 etiam
508 2091 685 2168 diligentiam
701 2101 845 2166 nostram,
870 2091 1006 2169 exemplo
1027 2093 1123 2169 magui

116 2196 239 2260 quoque
256 2177 378 2236 nominis
394 2175 610 2254 professorum,
628 2193 748 2254 quorum
766 2176 885 2254 aliquis,
902 2185 933 2234 ut
951 2176 1064 2254 opinor,
1081 2177 1122 2234 iu-

117 2270 299 2340 terrogatus,
317 2260 385 2338 quid
404 2267 484 2318 esset
499 2261 595 2337 σχῆμα
618 2268 648 2318 et
664 2252 774 2337 νόημα,
801 2260 922 2322 ceecirc
943 2280 977 2321 se
1000 2261 1123 2338 quidem

116 2350 189 2424 scd,
213 2347 243 2406 ei
263 2346 307 2406 ad
325 2363 390 2404 rcra
407 2345 593 2422 pertineret,
615 2363 682 2405 cere
704 2346 737 2404 ia
755 2363 814 2405 aaa
835 2345 1056 2406 declamatione
1077 2363 1123 2403 re-

117 2431 246 2510 spondit.
288 2427 372 2488 Alius
397 2428 597 2505 percontanti,
625 2426 818 2489 Theodoreus
840 2448 881 2490 aa
900 2424 1152 2507 Apollodoreusa

118 2516 223 2578 esaei?
265 2510 347 2592 Epo,
372 2513 478 2590 inquit,
499 2514 713 2591 parmularius
731 2531 807 2572 ram·
850 2510 914 2572 Nec
936 2531 1006 2572 sane
1031 2514 1125 2590 potuit

120 2599 259 2660 urbanius
278 2616 316 2658 ex
333 2596 519 2657 confessione
536 2597 668 2656 inscitiae
684 2613 755 2655 suae
774 2594 861 2655 elabi.
892 2596 983 2656 Porro
1000 2597 1038 2673 bi,
1057 2597 1123 2675 quia

119 2693 148 2744 et
169 2682 319 2744 beneficio
343 2682 450 2758 ingenii
472 2687 656 2759 praestantes
678 2688 743 2738 sunt
766 2678 854 2738 babiti
876 2688 906 2738 et
927 2680 1015 2740 multa
1038 2683 1122 2740 etiam

118 2768 259 2828 memoria
275 2765 362 2843 digna
378 2764 629 2840 exclamaverunt,
653 2763 792 2843 plurimos
813 2762 921 2823 babent
942 2765 1052 2824 similes
1074 2782 1123 2822 nc-

119 2851 280 2930 gligentiae
304 2867 391 2924 suae,
413 2849 604 2926 paucissimos
627 2858 756 2908 naturae.
792 2848 884 2925 Igitur
899 2849 1007 2927 impetu
1023 2848 1155 2911 diceres

120 2954 153 2996 se
176 2945 207 2994 et
222 2933 334 2993 viribus
355 2934 395 2992 uti
413 2932 589 3010 gloriantur;
612 2951 710 3010 neque
735 2934 809 2991 enim
833 2949 907 3010 opus
929 2951 996 2990 esse
1017 2931 1122 3010 proba·

120 3021 198 3079 tione
220 3028 269 3079 aut
291 3016 483 3095 dispositione
505 3018 533 3075 in
552 3017 641 3077 rebus
658 3017 751 3091 lictis,
775 3015 846 3091 sed,
874 3017 954 3075 ouius
970 3017 1014 3075 rei
1031 3017 1124 3092 gratia

120 3103 238 3181 plenum
254 3103 291 3161 sit
308 3100 496 3177 auditorium,
520 3102 671 3161 sententiis
687 3099 860 3178 grandibus,
880 3118 999 3178 quarum
1018 3101 1124 3178 optima

123 3204 256 3267 quaeque
276 3185 441 3262 epericulo
459 3194 584 3263 petatur.
616 3185 793 3259 Quinetiam
811 3186 839 3242 in
855 3184 1029 3261 cogitando,
1046 3183 1155 3245 nullal

121 3272 232 3332 ratione
251 3269 379 3331 adbibita
404 3278 451 3329 aut
467 3279 575 3329 tectum
590 3271 736 3329 intuentes
751 3287 884 3346 maguum
900 3268 1024 3346 aliquid,
1047 3268 1124 3347 quod

123 3355 196 3415 ultro
212 3373 246 3414 se
264 3353 386 3428 offerat,
410 3353 542 3431 pluribus
565 3372 656 3433 saepe
673 3354 775 3413 diebus
792 3361 965 3431 expectant,
987 3361 1035 3412 aut
1050 3370 1124 3411 mur·

121 3456 199 3500 mure
217 3441 331 3500 incerto
348 3437 429 3497 velut
445 3437 571 3499 classico
587 3438 714 3498 instinati
723 3439 978 3500 concitatissimum
991 3436 1125 3516 corporis
