2566 4026
156 147 218 209 256
475 159 834 219 m.rnn.QU1ur1n1aru1

154 315 278 374 maxime
306 322 439 375 versatur
474 313 606 373 allectus.
651 312 709 373 Sed
741 313 870 391 privatae
903 322 1019 392 quoque
1050 331 1158 374 causae

155 408 305 475 utrumque
320 396 427 457 habent
446 397 639 475 perorationis
654 414 764 473 genus,
788 405 818 455 et
838 396 926 472 illud,
950 397 1027 476 quod
1053 406 1099 457 est
1120 415 1158 457 ex

156 481 371 542 enumeratione
389 481 606 559 probationum,
623 488 652 538 et
669 480 742 556 hoo,
760 479 837 558 quod
853 498 891 539 ex
913 480 1055 556 lacrimis,
1072 482 1096 540 si
1110 488 1159 541 aut

155 574 230 625 statu
244 564 401 642 periclitari
418 572 465 623 aut
481 565 616 642 opinione
635 563 764 640 litigator
784 564 907 624 videtur.
952 563 1026 624 Nam
1046 565 1075 623 in
1091 582 1158 642 par-

155 650 198 709 vis
216 649 331 726 quidem
346 646 442 708 litibus
462 647 515 707 has
536 647 703 722 tragoedias
722 663 842 706 movere
863 647 922 707 tale
943 657 1004 724 est,
1029 649 1112 725 quasi
1133 648 1159 707 si

155 749 310 811 personam
324 730 458 791 herculis
476 740 504 790 et
520 729 680 790 cothurnos
696 739 795 808 aptare
812 731 966 791 infantibus
986 731 1072 791 valis.

113 827 148 884 37
240 814 285 874 Ne
307 814 378 874 illud
402 814 517 893 quidem
540 814 686 889 indignum
708 823 753 873 est
776 814 985 891 admonitione,
1007 816 1110 892 ingens
1131 817 1160 875 in

156 899 282 977 epilogis
294 915 360 960 meo
372 899 559 958 iudiciouerti
572 897 736 973 discrimen,
749 897 931 975 quomodo
949 917 989 958 se
1004 896 1159 972 dicenti,

156 984 216 1062 qui
243 984 450 1057 excitatur,
482 981 746 1042 accommodet.
802 980 875 1042 Nam
906 982 1104 1061 ettinnperitia
1130 991 1160 1041 et

154 1068 300 1127 rusticitas
317 1075 347 1125 et
361 1067 442 1143 rigor
459 1074 487 1125 et
502 1064 670 1126 deformitas
691 1064 814 1125 afferunt
830 1066 942 1125 interim
964 1064 1074 1141 frigus,
1096 1064 1159 1124 dili-

113 1159 316 1229 38genterque
339 1159 403 1209 sunt
423 1148 497 1209 haec
519 1149 610 1208 actori
633 1147 821 1226 providenda.
866 1147 904 1208 Et
928 1148 1045 1228 quidem
1072 1166 1160 1226 repu-

154 1243 277 1312 gnantes
293 1251 345 1294 eos
362 1242 483 1311 patrono
500 1242 530 1293 et
545 1231 614 1292 nihil
628 1232 709 1291 vultu
728 1240 889 1291 commotos
905 1242 934 1291 et
955 1232 1160 1310 intempestive

155 1318 318 1378 residentes
353 1327 382 1376 et
407 1316 485 1377 facto
513 1317 610 1393 aliquo
631 1316 679 1376 vel
701 1316 767 1393 ipso
788 1315 869 1374 vultu
893 1317 982 1376 risum
1007 1324 1160 1376 moventes

156 1419 246 1479 saepe
261 1402 338 1477 vidi,
357 1401 515 1478 praecipue
537 1416 609 1459 vero
634 1417 697 1459 cum
718 1399 815 1477 aliqua
834 1399 915 1459 velut
941 1400 1060 1459 scenice
1078 1399 1158 1459 liunt.

112 1497 146 1551 39
155 1484 313 1545 Transtulit
332 1484 485 1562 aliquando
501 1491 641 1561 patronus
659 1482 801 1560 puellam,
825 1500 899 1560 quae
916 1500 1002 1542 soror
1022 1501 1090 1543 esse
1109 1483 1158 1542 ad-

153 1569 276 1627 versarii
290 1567 457 1642 dicebatur,
477 1567 558 1644 (nam
573 1566 610 1626 de
627 1566 684 1626 hoc
701 1566 737 1626 lis
754 1568 832 1645 erat)
857 1569 886 1626 in
902 1566 1026 1627 adversa
1044 1566 1159 1627 subsel-

155 1651 209 1726 lia,
228 1660 361 1729 tanquam
376 1651 404 1710 in
419 1652 530 1726 gremio
546 1649 643 1709 fratris
657 1649 828 1725 relicturus,
851 1659 880 1710 at
895 1652 918 1708 is
942 1650 1057 1709 anobis
1073 1667 1159 1728 prae·

155 1735 279 1794 monitus
295 1734 482 1794 discesserat.
527 1732 598 1793 'lum
619 1733 687 1808 ille,
705 1733 812 1811 alioqui
827 1734 872 1793 vir
887 1733 1043 1808 facundus,
1064 1735 1157 1811 inopi·

154 1827 238 1878 natae
253 1818 297 1876 rei
314 1834 382 1877 casu
399 1816 539 1876 obmutuit
559 1825 588 1876 et
602 1817 739 1876 infantem
758 1835 838 1877 suam
853 1816 1040 1894 frigidissime
1055 1833 1157 1895 repor-

112 1903 234 1968 4otavit.
278 1898 361 1961 Alius
378 1901 530 1978 imaginem
540 1901 634 1960 mariti
648 1917 701 1978 pro
716 1918 767 1960 rea
778 1901 913 1978 proferre
924 1901 1020 1978 magni
1032 1901 1157 1979 putavit,

155 1995 184 2045 at
200 2003 234 2045 ea
252 1987 370 2062 saepius
390 1986 478 2044 risum
499 1984 579 2044 fecit.
624 1982 695 2044 Nam
715 1993 743 2043 et
764 1985 800 2057 ii,
827 2001 948 2062 quorum
971 1983 1062 2045 oflicii
1085 1993 1157 2060 erat,

154 2077 185 2129 ut
200 2068 347 2128 traderent
361 2085 438 2143 eam,
454 2069 562 2144 ignari,
579 2069 627 2145 qui
642 2076 722 2127 esset
737 2067 888 2145 epilogus,
906 2069 1040 2146 quotiens
1056 2085 1157 2146 respe-

154 2153 248 2212 xisset
271 2160 426 2229 patronus,
443 2150 606 2212 offerebant
623 2152 735 2230 palam,
757 2161 786 2210 et
803 2151 916 2230 prolata
935 2152 1092 2211 novissime
1108 2150 1157 2211 de·

155 2234 300 2295 formitate
316 2237 380 2313 ipsa
403 2234 484 2311 (nam
502 2237 580 2294 senis
603 2235 738 2295 cadaveri
762 2243 824 2294 erat
843 2234 953 2315 infusa)
972 2235 1157 2313 praeteritam

114 2329 272 2397 41quoque
289 2321 427 2378 orationis
443 2321 565 2395 gratiam
579 2319 714 2396 perdidit.
758 2317 821 2377 Nec
837 2319 982 2396 ignotum,
1000 2318 1068 2396 quid
1091 2317 1157 2393 uly·

156 2403 237 2478 coni,
264 2404 310 2462 cui
332 2402 477 2480 Spiridion
497 2402 549 2463 fuit
571 2419 749 2479 cognomen,
772 2403 920 2462 acciderit.
972 2401 1046 2461 lluic
1074 2420 1158 2480 puer,

155 2504 240 2564 quem
262 2487 286 2544 is
308 2487 478 2563 productum
499 2487 566 2564 quid
589 2486 673 2546 lleret
692 2485 909 2561 interrogabat,
936 2505 957 2546 o
974 2486 1159 2565 paedagogo

153 2589 189 2630 ce
203 2570 343 2631 vellicari
358 2569 518 2646 respondit.
565 2570 624 2629 Sed
646 2568 716 2628 nihil
739 2568 790 2627 illa
815 2570 892 2628 circa
909 2566 1052 2646 Gepasios
1075 2566 1158 2629 llice·

113 2653 233 2716 aaronis
252 2652 350 2711 fabula
371 2652 520 2712 efficacius
546 2653 581 2711 ad
604 2652 735 2729 pericula
759 2652 950 2728 epilogorum.
998 2651 1098 2712 Omnia
1117 2661 1158 2712 ta·

155 2753 220 2795 men
234 2735 308 2794 haec
328 2734 492 2794 tolerabilia
507 2736 560 2808 iis,
578 2735 681 2813 quibus
697 2734 841 2794 actionem
860 2743 971 2794 mutare
993 2734 1080 2796 facile
1097 2744 1157 2803 est;

155 2827 199 2894 at,
217 2818 297 2896 quia
320 2817 386 2876 stilo
405 2833 462 2875 non
479 2817 636 2893 recedunt,
658 2825 705 2876 aut
724 2819 923 2878 conticescunt
940 2819 976 2878 ad
995 2817 1050 2878 hos
1072 2836 1157 2878 casus

156 2910 204 2961 aut
224 2901 460 2978 frequentissime
480 2900 554 2960 falsa
570 2900 674 2960 dicunt.
720 2899 789 2960 lnde
807 2909 852 2960 est
873 2903 957 2978 enim,
984 2901 1093 2964 Tendit
1115 2900 1158 2964 ud

153 3003 256 3063 pecco
279 2992 384 3046 oestro
408 2986 563 3064 supplices
587 3003 712 3059 manue,
746 2993 775 3043 et
801 2982 916 3047 Haeret
939 2987 973 3045 iu
999 2987 1159 3064 compleant

78 3099 82 3107 =
155 3068 321 3130 liberorum
335 3069 446 3143 miser,
469 3077 498 3127 et
513 3067 650 3130 Reoocut
664 3087 737 3130 ecce
751 3086 816 3138 roe;
837 3070 948 3128 etiamsi
969 3067 1040 3128 nihil
1056 3068 1157 3128 horum

113 3152 198 3225 ldis,
218 3151 254 3210 de
271 3168 328 3229 quo
345 3150 464 3226 dicitur,
485 3151 582 3211 faciat.
628 3151 673 3210 Ex
689 3151 798 3211 scholis
816 3151 891 3210 haec
906 3153 990 3227 vitia,
1007 3153 1036 3210 in
1053 3152 1156 3230 quihus

156 3235 249 3293 omnia
264 3235 357 3295 libere
373 3235 504 3312 fingimus
521 3244 549 3293 et
560 3236 691 3313 impune,
709 3236 775 3312 quia
787 3252 839 3312 pro
856 3236 933 3295 facto
951 3244 1005 3310 est,
1019 3234 1158 3315 quidquid

154 3314 313 3386 voluimus;
329 3335 387 3377 non
402 3318 522 3378 admittit
537 3317 594 3376 hoc
608 3319 684 3379 idern
698 3319 822 3392 veritas,
840 3320 1021 3397 egregieque
1038 3320 1156 3382 Cassius

156 3398 260 3459 dicenti
278 3399 513 3461 adolescentulo:
529 3397 611 3476 Quid
624 3421 670 3464 mo
685 3408 769 3462 toroo
780 3403 863 3462 culto
873 3403 1011 3475 intueris,
1020 3400 1156 3464 Severe?
