<?xml version="1.0" encoding="UTF-8"?>
<!DOCTYPE html PUBLIC "-//W3C//DTD XHTML 1.0 Transitional//EN"
    "http://www.w3.org/TR/xhtml1/DTD/xhtml1-transitional.dtd">
<html xmlns="http://www.w3.org/1999/xhtml" xml:lang="en" lang="en">
 <head>
  <title>
</title>
<meta http-equiv="Content-Type" content="text/html;charset=utf-8" />
  <meta name='ocr-system' content='tesseract 3.04.00' />
  <meta name='ocr-capabilities' content='ocr_page ocr_carea ocr_par ocr_line ocrx_word'/>
</head>
<body>
  <div class='ocr_page' id='page_1' title='image "./mfabiiquintilia00bonngoog/mfabiiquintilia00bonngoog_0353.png"; bbox 0 0 2566 4026; ppageno 0'>
   <div class='ocr_carea' id='block_1_1' title="bbox 208 182 886 252">
    <p class='ocr_par' dir='ltr' id='par_1_1' title="bbox 208 182 886 252">
     <span class='ocr_line' id='line_1_1' title="bbox 208 182 886 252; baseline -0.007 -9"><span class='ocrx_word' id='word_1_1' title='bbox 208 182 250 244; x_wconf 78' lang='lat'>22</span> <span class='ocrx_word' id='word_1_2' title='bbox 524 191 886 252; x_wconf 57' lang='lat' dir='ltr'>commemoremur</span> 
     </span>
    </p>
   </div>
   <div class='ocr_carea' id='block_1_2' title="bbox 81 345 1219 3532">
    <p class='ocr_par' dir='ltr' id='par_1_2' title="bbox 81 345 1219 3532">
     <span class='ocr_line' id='line_1_2' title="bbox 206 345 1209 428; baseline -0.004 -19"><span class='ocrx_word' id='word_1_3' title='bbox 206 350 283 428; x_wconf 91' lang='lat' dir='ltr'>quod</span> <span class='ocrx_word' id='word_1_4' title='bbox 305 350 341 407; x_wconf 85' lang='lat' dir='ltr'>sit</span> <span class='ocrx_word' id='word_1_5' title='bbox 364 349 474 427; x_wconf 88' lang='lat' dir='ltr'>potius:</span> <span class='ocrx_word' id='word_1_6' title='bbox 499 349 645 407; x_wconf 89' lang='lat' dir='ltr'>tamenin</span> <span class='ocrx_word' id='word_1_7' title='bbox 667 349 768 407; x_wconf 89' lang='lat' dir='ltr'>eadem</span> <span class='ocrx_word' id='word_1_8' title='bbox 793 347 844 405; x_wconf 91' lang='lat' dir='ltr'>tris</span> <span class='ocrx_word' id='word_1_9' title='bbox 865 345 961 406; x_wconf 89' lang='lat' dir='ltr'>habeo</span> <span class='ocrx_word' id='word_1_10' title='bbox 986 346 1066 407; x_wconf 90' lang='lat' dir='ltr'>velut</span> <span class='ocrx_word' id='word_1_11' title='bbox 1082 347 1209 425; x_wconf 88' lang='lat' dir='ltr'>species.</span> 
     </span>
     <span class='ocr_line' id='line_1_3' title="bbox 176 426 1212 509; baseline -0.002 -17"><span class='ocrx_word' id='word_1_12' title='bbox 176 432 276 501; x_wconf 85' lang='lat' dir='ltr'>9Nam</span> <span class='ocrx_word' id='word_1_13' title='bbox 297 434 409 492; x_wconf 89' lang='lat' dir='ltr'>interim</span> <span class='ocrx_word' id='word_1_14' title='bbox 433 433 567 491; x_wconf 88' lang='lat' dir='ltr'>convenit</span> <span class='ocrx_word' id='word_1_15' title='bbox 589 431 684 491; x_wconf 92' lang='lat' dir='ltr'>solum</span> <span class='ocrx_word' id='word_1_16' title='bbox 700 448 859 509; x_wconf 81' lang='lat' dir='ltr'>quaerere,</span> <span class='ocrx_word' id='word_1_17' title='bbox 879 428 929 492; x_wconf 84' lang='lat' dir='ltr'>An</span> <span class='ocrx_word' id='word_1_18' title='bbox 949 432 1006 492; x_wconf 87' lang='lat' dir='ltr'>boc</span> <span class='ocrx_word' id='word_1_19' title='bbox 1030 432 1090 491; x_wconf 77' lang='lat' dir='ltr'>cil?</span> <span class='ocrx_word' id='word_1_20' title='bbox 1111 440 1142 489; x_wconf 89' lang='lat' dir='ltr'>ut</span> <span class='ocrx_word' id='word_1_21' title='bbox 1161 426 1212 490; x_wconf 85' lang='lat' dir='ltr'>An</span> 
     </span>
     <span class='ocr_line' id='line_1_4' title="bbox 205 513 1211 595; baseline -0.006 -17"><span class='ocrx_word' id='word_1_22' title='bbox 205 517 391 579; x_wconf 73' lang='lat' dir='ltr'>adulterium</span> <span class='ocrx_word' id='word_1_23' title='bbox 411 518 443 577; x_wconf 84' lang='lat' dir='ltr'>in</span> <span class='ocrx_word' id='word_1_24' title='bbox 461 518 629 595; x_wconf 78' lang='lat' dir='ltr'><strong><em>lupanari?</em></strong></span> <span class='ocrx_word' id='word_1_25' title='bbox 660 513 731 575; x_wconf 83' lang='lat' dir='ltr'>Cum</span> <span class='ocrx_word' id='word_1_26' title='bbox 750 515 808 575; x_wconf 88' lang='lat' dir='ltr'>hoc</span> <span class='ocrx_word' id='word_1_27' title='bbox 824 532 981 591; x_wconf 88' lang='lat' dir='ltr'>negamus:</span> <span class='ocrx_word' id='word_1_28' title='bbox 1004 532 1062 573; x_wconf 93' lang='lat' dir='ltr'>non</span> <span class='ocrx_word' id='word_1_29' title='bbox 1086 532 1211 574; x_wconf 85' lang='lat' dir='ltr'>necesse</span> 
     </span>
     <span class='ocr_line' id='line_1_5' title="bbox 205 598 1211 679; baseline -0.005 -20"><span class='ocrx_word' id='word_1_30' title='bbox 205 609 250 660; x_wconf 91' lang='lat' dir='ltr'>est</span> <span class='ocrx_word' id='word_1_31' title='bbox 273 600 388 676; x_wconf 85' lang='lat' dir='ltr'>dicere,</span> <span class='ocrx_word' id='word_1_32' title='bbox 413 600 481 679; x_wconf 91' lang='lat' dir='ltr'>quid</span> <span class='ocrx_word' id='word_1_33' title='bbox 505 599 534 659; x_wconf 90' lang='lat' dir='ltr'>id</span> <span class='ocrx_word' id='word_1_34' title='bbox 559 608 697 675; x_wconf 87' lang='lat' dir='ltr'>vocetur,</span> <span class='ocrx_word' id='word_1_35' title='bbox 720 600 786 677; x_wconf 91' lang='lat' dir='ltr'>quia</span> <span class='ocrx_word' id='word_1_36' title='bbox 809 607 899 658; x_wconf 91' lang='lat' dir='ltr'>totum</span> <span class='ocrx_word' id='word_1_37' title='bbox 920 600 1028 659; x_wconf 85' lang='lat' dir='ltr'>crimen</span> <span class='ocrx_word' id='word_1_38' title='bbox 1049 598 1211 658; x_wconf 88' lang='lat' dir='ltr'>infitiamur.</span> 
     </span>
     <span class='ocr_line' id='line_1_6' title="bbox 203 679 1213 762; baseline -0.001 -20"><span class='ocrx_word' id='word_1_39' title='bbox 203 681 320 743; x_wconf 76' lang='lat' dir='ltr'>Interim</span> <span class='ocrx_word' id='word_1_40' title='bbox 343 686 505 762; x_wconf 87' lang='lat' dir='ltr'>quaeritur,</span> <span class='ocrx_word' id='word_1_41' title='bbox 527 682 592 745; x_wconf 85' lang='lat' dir='ltr'>Hoc</span> <span class='ocrx_word' id='word_1_42' title='bbox 609 701 652 744; x_wconf 87' lang='lat' dir='ltr'>an</span> <span class='ocrx_word' id='word_1_43' title='bbox 675 683 756 745; x_wconf 83' lang='lat' dir='ltr'>boc?</span> <span class='ocrx_word' id='word_1_44' title='bbox 779 679 906 743; x_wconf 80' lang='lat' dir='ltr'>Furtum</span> <span class='ocrx_word' id='word_1_45' title='bbox 927 703 969 744; x_wconf 84' lang='lat' dir='ltr'>on</span> <span class='ocrx_word' id='word_1_46' title='bbox 993 683 1213 762; x_wconf 74' lang='lat' dir='ltr'>sacrilegium?</span> 
     </span>
     <span class='ocr_line' id='line_1_7' title="bbox 203 767 1213 845; baseline -0.003 -18"><span class='ocrx_word' id='word_1_47' title='bbox 203 784 262 827; x_wconf 89' lang='lat' dir='ltr'>non</span> <span class='ocrx_word' id='word_1_48' title='bbox 282 769 350 845; x_wconf 88' lang='lat' dir='ltr'>quin</span> <span class='ocrx_word' id='word_1_49' title='bbox 372 767 512 843; x_wconf 87' lang='lat' dir='ltr'>sufficiat,</span> <span class='ocrx_word' id='word_1_50' title='bbox 534 785 592 828; x_wconf 91' lang='lat' dir='ltr'>non</span> <span class='ocrx_word' id='word_1_51' title='bbox 608 785 674 828; x_wconf 88' lang='lat' dir='ltr'>esse</span> <span class='ocrx_word' id='word_1_52' title='bbox 696 767 900 844; x_wconf 85' lang='lat' dir='ltr'>sacrilegium,</span> <span class='ocrx_word' id='word_1_53' title='bbox 924 767 977 826; x_wconf 92' lang='lat' dir='ltr'>sed</span> <span class='ocrx_word' id='word_1_54' title='bbox 998 767 1063 845; x_wconf 90' lang='lat' dir='ltr'>quia</span> <span class='ocrx_word' id='word_1_55' title='bbox 1087 784 1213 825; x_wconf 92' lang='lat' dir='ltr'>necesse</span> 
     </span>
     <span class='ocr_line' id='line_1_8' title="bbox 203 849 1213 930; baseline -0.002 -20"><span class='ocrx_word' id='word_1_56' title='bbox 203 852 241 910; x_wconf 91' lang='lat' dir='ltr'>sit</span> <span class='ocrx_word' id='word_1_57' title='bbox 262 851 378 927; x_wconf 83' lang='lat' dir='ltr'>dicere,</span> <span class='ocrx_word' id='word_1_58' title='bbox 401 851 468 930; x_wconf 88' lang='lat' dir='ltr'>quid</span> <span class='ocrx_word' id='word_1_59' title='bbox 489 853 526 910; x_wconf 91' lang='lat' dir='ltr'>sit</span> <span class='ocrx_word' id='word_1_60' title='bbox 549 851 642 921; x_wconf 88' lang='lat' dir='ltr'>aliud;</span> <span class='ocrx_word' id='word_1_61' title='bbox 665 868 722 930; x_wconf 91' lang='lat' dir='ltr'>quo</span> <span class='ocrx_word' id='word_1_62' title='bbox 745 853 773 910; x_wconf 91' lang='lat' dir='ltr'>in</span> <span class='ocrx_word' id='word_1_63' title='bbox 794 851 862 910; x_wconf 90' lang='lat' dir='ltr'>loco</span> <span class='ocrx_word' id='word_1_64' title='bbox 887 860 1039 928; x_wconf 91' lang='lat' dir='ltr'>utrumque</span> <span class='ocrx_word' id='word_1_65' title='bbox 1060 849 1213 909; x_wconf 87' lang='lat' dir='ltr'>finiendum</span> 
     </span>
     <span class='ocr_line' id='line_1_9' title="bbox 81 933 1212 1013; baseline 0.002 -22"><span class='ocrx_word' id='word_1_66' title='bbox 81 963 93 977; x_wconf 46' lang='grc' dir='ltr'>κ</span> <span class='ocrx_word' id='word_1_67' title='bbox 163 938 258 994; x_wconf 82' lang='lat' dir='ltr'>loest.</span> <span class='ocrx_word' id='word_1_68' title='bbox 290 933 407 995; x_wconf 82' lang='lat' dir='ltr'>interim</span> <span class='ocrx_word' id='word_1_69' title='bbox 427 937 574 1013; x_wconf 91' lang='lat' dir='ltr'>quaeritur</span> <span class='ocrx_word' id='word_1_70' title='bbox 594 937 623 995; x_wconf 92' lang='lat' dir='ltr'>in</span> <span class='ocrx_word' id='word_1_71' title='bbox 645 935 733 995; x_wconf 88' lang='lat' dir='ltr'>rebus</span> <span class='ocrx_word' id='word_1_72' title='bbox 754 935 855 1012; x_wconf 88' lang='lat' dir='ltr'>specie</span> <span class='ocrx_word' id='word_1_73' title='bbox 881 935 1021 1010; x_wconf 86' lang='lat' dir='ltr'>diversis,</span> <span class='ocrx_word' id='word_1_74' title='bbox 1044 951 1080 994; x_wconf 88' lang='lat' dir='ltr'>an</span> <span class='ocrx_word' id='word_1_75' title='bbox 1105 943 1135 994; x_wconf 90' lang='lat' dir='ltr'>et</span> <span class='ocrx_word' id='word_1_76' title='bbox 1155 934 1212 994; x_wconf 88' lang='lat' dir='ltr'>boc</span> 
     </span>
     <span class='ocr_line' id='line_1_10' title="bbox 204 1016 1213 1097; baseline -0.002 -19"><span class='ocrx_word' id='word_1_77' title='bbox 204 1018 308 1078; x_wconf 92' lang='lat' dir='ltr'>eodem</span> <span class='ocrx_word' id='word_1_78' title='bbox 329 1019 415 1079; x_wconf 92' lang='lat' dir='ltr'>modo</span> <span class='ocrx_word' id='word_1_79' title='bbox 437 1020 474 1078; x_wconf 92' lang='lat' dir='ltr'>sit</span> <span class='ocrx_word' id='word_1_80' title='bbox 499 1020 717 1097; x_wconf 89' lang='lat' dir='ltr'>appellandum,</span> <span class='ocrx_word' id='word_1_81' title='bbox 741 1037 805 1078; x_wconf 90' lang='lat' dir='ltr'>cum</span> <span class='ocrx_word' id='word_1_82' title='bbox 822 1036 871 1077; x_wconf 92' lang='lat' dir='ltr'>res</span> <span class='ocrx_word' id='word_1_83' title='bbox 887 1027 1010 1097; x_wconf 88' lang='lat' dir='ltr'>utraque</span> <span class='ocrx_word' id='word_1_84' title='bbox 1025 1016 1113 1078; x_wconf 85' lang='lat' dir='ltr'>habet</span> <span class='ocrx_word' id='word_1_85' title='bbox 1131 1036 1213 1077; x_wconf 91' lang='lat' dir='ltr'>suum</span> 
     </span>
     <span class='ocr_line' id='line_1_11' title="bbox 203 1100 1212 1180; baseline -0.002 -18"><span class='ocrx_word' id='word_1_86' title='bbox 203 1119 323 1179; x_wconf 85' lang='lat' dir='ltr'>nomen,</span> <span class='ocrx_word' id='word_1_87' title='bbox 346 1112 377 1162; x_wconf 90' lang='lat' dir='ltr'>ut</span> <span class='ocrx_word' id='word_1_88' title='bbox 398 1105 580 1180; x_wconf 87' lang='lat' dir='ltr'>amatorium,</span> <span class='ocrx_word' id='word_1_89' title='bbox 602 1120 754 1163; x_wconf 87' lang='lat' dir='ltr'>venenum.</span> <span class='ocrx_word' id='word_1_90' title='bbox 794 1100 827 1161; x_wconf 86' lang='lat' dir='ltr'>ln</span> <span class='ocrx_word' id='word_1_91' title='bbox 854 1102 985 1162; x_wconf 91' lang='lat' dir='ltr'>omnibus</span> <span class='ocrx_word' id='word_1_92' title='bbox 1013 1110 1108 1162; x_wconf 86' lang='lat' dir='ltr'>autem</span> <span class='ocrx_word' id='word_1_93' title='bbox 1129 1101 1212 1161; x_wconf 90' lang='lat' dir='ltr'>buius</span> 
     </span>
     <span class='ocr_line' id='line_1_12' title="bbox 202 1184 1213 1266; baseline -0.001 -21"><span class='ocrx_word' id='word_1_94' title='bbox 202 1188 320 1264; x_wconf 87' lang='lat' dir='ltr'>generis</span> <span class='ocrx_word' id='word_1_95' title='bbox 344 1187 441 1247; x_wconf 90' lang='lat' dir='ltr'>litibus</span> <span class='ocrx_word' id='word_1_96' title='bbox 464 1189 628 1266; x_wconf 89' lang='lat' dir='ltr'>quaeritur,</span> <span class='ocrx_word' id='word_1_97' title='bbox 650 1184 700 1249; x_wconf 84' lang='lat' dir='ltr'>An</span> <span class='ocrx_word' id='word_1_98' title='bbox 722 1187 814 1248; x_wconf 87' lang='lat' dir='ltr'>ctiam</span> <span class='ocrx_word' id='word_1_99' title='bbox 834 1186 914 1248; x_wconf 76' lang='lat' dir='ltr'>lucc?</span> <span class='ocrx_word' id='word_1_100' title='bbox 941 1186 1007 1265; x_wconf 90' lang='lat' dir='ltr'>quia</span> <span class='ocrx_word' id='word_1_101' title='bbox 1029 1202 1153 1261; x_wconf 91' lang='lat' dir='ltr'>nomen,</span> <span class='ocrx_word' id='word_1_102' title='bbox 1176 1185 1213 1245; x_wconf 94' lang='lat' dir='ltr'>de</span> 
     </span>
     <span class='ocr_line' id='line_1_13' title="bbox 202 1269 1212 1350; baseline -0.002 -20"><span class='ocrx_word' id='word_1_103' title='bbox 202 1288 261 1350; x_wconf 92' lang='lat' dir='ltr'>quo</span> <span class='ocrx_word' id='word_1_104' title='bbox 288 1271 455 1349; x_wconf 76' lang='lat' dir='ltr'>ambigitur,</span> <span class='ocrx_word' id='word_1_105' title='bbox 480 1273 579 1350; x_wconf 92' lang='lat' dir='ltr'>utique</span> <span class='ocrx_word' id='word_1_106' title='bbox 600 1273 629 1331; x_wconf 92' lang='lat' dir='ltr'>in</span> <span class='ocrx_word' id='word_1_107' title='bbox 649 1272 757 1332; x_wconf 88' lang='lat' dir='ltr'>aliare</span> <span class='ocrx_word' id='word_1_108' title='bbox 780 1279 890 1330; x_wconf 90' lang='lat' dir='ltr'>certum</span> <span class='ocrx_word' id='word_1_109' title='bbox 913 1279 967 1330; x_wconf 89' lang='lat' dir='ltr'>est.</span> <span class='ocrx_word' id='word_1_110' title='bbox 1007 1269 1212 1348; x_wconf 81' lang='lat' dir='ltr'>Sacrilcpicm</span> 
     </span>
     <span class='ocr_line' id='line_1_14' title="bbox 202 1356 1212 1435; baseline -0.003 -19"><span class='ocrx_word' id='word_1_111' title='bbox 202 1363 263 1432; x_wconf 82' lang='lat' dir='ltr'>ccl,</span> <span class='ocrx_word' id='word_1_112' title='bbox 285 1375 351 1417; x_wconf 86' lang='lat' dir='ltr'>rem</span> <span class='ocrx_word' id='word_1_113' title='bbox 372 1374 499 1417; x_wconf 84' lang='lat' dir='ltr'>sacrorn</span> <span class='ocrx_word' id='word_1_114' title='bbox 520 1357 560 1417; x_wconf 85' lang='lat' dir='ltr'>cle</span> <span class='ocrx_word' id='word_1_115' title='bbox 580 1357 689 1435; x_wconf 84' lang='lat' dir='ltr'>templo</span> <span class='ocrx_word' id='word_1_116' title='bbox 709 1356 888 1433; x_wconf 73' lang='lat' dir='ltr'>surripere:</span> <span class='ocrx_word' id='word_1_117' title='bbox 916 1374 958 1417; x_wconf 88' lang='lat' dir='ltr'>on</span> <span class='ocrx_word' id='word_1_118' title='bbox 979 1362 1008 1416; x_wconf 91' lang='lat' dir='ltr'>et</span> <span class='ocrx_word' id='word_1_119' title='bbox 1031 1356 1212 1432; x_wconf 73' lang='lat' dir='ltr'>privatam?</span> 
     </span>
     <span class='ocr_line' id='line_1_15' title="bbox 200 1435 1211 1516; baseline 0 -18"><span class='ocrx_word' id='word_1_120' title='bbox 200 1435 410 1516; x_wconf 79' lang='lat' dir='ltr'>Adulterium,</span> <span class='ocrx_word' id='word_1_121' title='bbox 433 1458 502 1501; x_wconf 83' lang='lat' dir='ltr'>cnm</span> <span class='ocrx_word' id='word_1_122' title='bbox 522 1441 626 1501; x_wconf 80' lang='lat' dir='ltr'>alieno</span> <span class='ocrx_word' id='word_1_123' title='bbox 647 1458 746 1502; x_wconf 79' lang='lat' dir='ltr'>acore</span> <span class='ocrx_word' id='word_1_124' title='bbox 760 1440 843 1502; x_wconf 90' lang='lat' dir='ltr'>domi</span> <span class='ocrx_word' id='word_1_125' title='bbox 857 1440 958 1500; x_wconf 87' lang='lat' dir='ltr'>coire:</span> <span class='ocrx_word' id='word_1_126' title='bbox 979 1458 1021 1500; x_wconf 86' lang='lat' dir='ltr'>cn</span> <span class='ocrx_word' id='word_1_127' title='bbox 1035 1446 1064 1500; x_wconf 87' lang='lat' dir='ltr'>el</span> <span class='ocrx_word' id='word_1_128' title='bbox 1077 1440 1110 1499; x_wconf 84' lang='lat' dir='ltr'>in</span> <span class='ocrx_word' id='word_1_129' title='bbox 1124 1439 1211 1516; x_wconf 86' lang='lat' dir='ltr'>lupo·</span> 
     </span>
     <span class='ocr_line' id='line_1_16' title="bbox 201 1522 1212 1602; baseline -0.001 -20"><span class='ocrx_word' id='word_1_130' title='bbox 201 1525 295 1583; x_wconf 80' lang='lat' dir='ltr'>ocri?</span> <span class='ocrx_word' id='word_1_131' title='bbox 321 1522 591 1602; x_wconf 77' lang='lat' dir='ltr'>Tyrannicidium,</span> <span class='ocrx_word' id='word_1_132' title='bbox 615 1525 758 1586; x_wconf 86' lang='lat' dir='ltr'>occidero</span> <span class='ocrx_word' id='word_1_133' title='bbox 781 1531 961 1600; x_wconf 75' lang='lat' dir='ltr'>tyrannum:</span> <span class='ocrx_word' id='word_1_134' title='bbox 983 1539 1026 1583; x_wconf 80' lang='lat' dir='ltr'>cri</span> <span class='ocrx_word' id='word_1_135' title='bbox 1039 1530 1068 1584; x_wconf 89' lang='lat' dir='ltr'>et</span> <span class='ocrx_word' id='word_1_136' title='bbox 1082 1524 1115 1583; x_wconf 84' lang='lat' dir='ltr'>in</span> <span class='ocrx_word' id='word_1_137' title='bbox 1130 1540 1212 1582; x_wconf 87' lang='lat' dir='ltr'>mor-</span> 
     </span>
     <span class='ocr_line' id='line_1_17' title="bbox 161 1600 1211 1687; baseline -0.007 -16"><span class='ocrx_word' id='word_1_138' title='bbox 161 1617 193 1671; x_wconf 88' lang='lat'>11</span> <span class='ocrx_word' id='word_1_139' title='bbox 201 1614 260 1666; x_wconf 88' lang='lat' dir='ltr'>lem</span> <span class='ocrx_word' id='word_1_140' title='bbox 277 1607 480 1684; x_wconf 78' lang='lat' dir='ltr'>compellere?</span> <span class='ocrx_word' id='word_1_141' title='bbox 495 1607 625 1686; x_wconf 84' lang='lat' dir='ltr'>Ideoque</span> <span class='ocrx_word' id='word_1_142' title='bbox 641 1600 848 1687; x_wconf 78' lang='grc' dir='ltr'>συλλογισμὸς,</span> <span class='ocrx_word' id='word_1_143' title='bbox 866 1606 977 1685; x_wconf 87' lang='lat' dir='ltr'>dequo</span> <span class='ocrx_word' id='word_1_144' title='bbox 989 1614 1094 1685; x_wconf 90' lang='lat' dir='ltr'>postea</span> <span class='ocrx_word' id='word_1_145' title='bbox 1107 1606 1211 1680; x_wconf 90' lang='lat' dir='ltr'>dicam,</span> 
     </span>
     <span class='ocr_line' id='line_1_18' title="bbox 201 1689 1212 1770; baseline 0.001 -23"><span class='ocrx_word' id='word_1_146' title='bbox 201 1689 281 1748; x_wconf 89' lang='lat' dir='ltr'>velut</span> <span class='ocrx_word' id='word_1_147' title='bbox 297 1689 434 1749; x_wconf 87' lang='lat' dir='ltr'>infirmior</span> <span class='ocrx_word' id='word_1_148' title='bbox 455 1699 500 1750; x_wconf 90' lang='lat' dir='ltr'>est</span> <span class='ocrx_word' id='word_1_149' title='bbox 516 1691 621 1767; x_wconf 83' lang='lat' dir='ltr'>linitio,</span> <span class='ocrx_word' id='word_1_150' title='bbox 641 1693 707 1770; x_wconf 88' lang='lat' dir='ltr'>quia</span> <span class='ocrx_word' id='word_1_151' title='bbox 725 1694 754 1750; x_wconf 90' lang='lat' dir='ltr'>in</span> <span class='ocrx_word' id='word_1_152' title='bbox 775 1690 830 1750; x_wconf 89' lang='lat' dir='ltr'>bac</span> <span class='ocrx_word' id='word_1_153' title='bbox 845 1692 1014 1770; x_wconf 88' lang='lat' dir='ltr'>quaeritur,</span> <span class='ocrx_word' id='word_1_154' title='bbox 1032 1708 1069 1749; x_wconf 90' lang='lat' dir='ltr'>an</span> <span class='ocrx_word' id='word_1_155' title='bbox 1084 1689 1161 1749; x_wconf 91' lang='lat' dir='ltr'>idem</span> <span class='ocrx_word' id='word_1_156' title='bbox 1175 1689 1212 1748; x_wconf 93' lang='lat' dir='ltr'>sit</span> 
     </span>
     <span class='ocr_line' id='line_1_19' title="bbox 202 1771 1212 1853; baseline -0.001 -21"><span class='ocrx_word' id='word_1_157' title='bbox 202 1771 284 1832; x_wconf 88' lang='lat' dir='ltr'>buius</span> <span class='ocrx_word' id='word_1_158' title='bbox 301 1775 344 1832; x_wconf 91' lang='lat' dir='ltr'>rei</span> <span class='ocrx_word' id='word_1_159' title='bbox 361 1790 466 1832; x_wconf 92' lang='lat' dir='ltr'>nomeu</span> <span class='ocrx_word' id='word_1_160' title='bbox 482 1773 560 1853; x_wconf 91' lang='lat' dir='ltr'>quod</span> <span class='ocrx_word' id='word_1_161' title='bbox 581 1774 716 1850; x_wconf 86' lang='lat' dir='ltr'>alterius,</span> <span class='ocrx_word' id='word_1_162' title='bbox 733 1775 803 1850; x_wconf 90' lang='lat' dir='ltr'>illc,</span> <span class='ocrx_word' id='word_1_163' title='bbox 828 1793 864 1836; x_wconf 90' lang='lat' dir='ltr'>an</span> <span class='ocrx_word' id='word_1_164' title='bbox 881 1773 1004 1852; x_wconf 91' lang='lat' dir='ltr'>proinde</span> <span class='ocrx_word' id='word_1_165' title='bbox 1026 1773 1158 1834; x_wconf 91' lang='lat' dir='ltr'>habenda</span> <span class='ocrx_word' id='word_1_166' title='bbox 1175 1773 1212 1831; x_wconf 91' lang='lat' dir='ltr'>sit</span> 
     </span>
     <span class='ocr_line' id='line_1_20' title="bbox 162 1855 1212 1935; baseline -0.005 -16"><span class='ocrx_word' id='word_1_167' title='bbox 162 1855 275 1919; x_wconf 70' lang='lat' dir='ltr'>tibaec</span> <span class='ocrx_word' id='word_1_168' title='bbox 295 1865 382 1935; x_wconf 86' lang='lat' dir='ltr'>atque</span> <span class='ocrx_word' id='word_1_169' title='bbox 403 1857 463 1919; x_wconf 90' lang='lat' dir='ltr'>illa.</span> <span class='ocrx_word' id='word_1_170' title='bbox 499 1857 553 1918; x_wconf 87' lang='lat' dir='ltr'>Est</span> <span class='ocrx_word' id='word_1_171' title='bbox 576 1867 604 1918; x_wconf 89' lang='lat' dir='ltr'>et</span> <span class='ocrx_word' id='word_1_172' title='bbox 625 1858 690 1918; x_wconf 89' lang='lat' dir='ltr'>talis</span> <span class='ocrx_word' id='word_1_173' title='bbox 717 1858 875 1917; x_wconf 88' lang='lat' dir='ltr'>finitionum</span> <span class='ocrx_word' id='word_1_174' title='bbox 898 1858 1068 1934; x_wconf 85' lang='lat' dir='ltr'>diversitas,</span> <span class='ocrx_word' id='word_1_175' title='bbox 1090 1866 1120 1917; x_wconf 89' lang='lat' dir='ltr'>ut</span> <span class='ocrx_word' id='word_1_176' title='bbox 1136 1857 1212 1916; x_wconf 90' lang='lat' dir='ltr'>idem</span> 
     </span>
     <span class='ocr_line' id='line_1_21' title="bbox 201 1941 1212 2020; baseline 0.003 -22"><span class='ocrx_word' id='word_1_177' title='bbox 201 1941 342 2016; x_wconf 86' lang='lat' dir='ltr'>sentiant,</span> <span class='ocrx_word' id='word_1_178' title='bbox 372 1958 429 2000; x_wconf 92' lang='lat' dir='ltr'>non</span> <span class='ocrx_word' id='word_1_179' title='bbox 452 1942 553 2002; x_wconf 91' lang='lat' dir='ltr'>iisdem</span> <span class='ocrx_word' id='word_1_180' title='bbox 575 1943 673 2002; x_wconf 90' lang='lat' dir='ltr'>verbis</span> <span class='ocrx_word' id='word_1_181' title='bbox 701 1942 962 2020; x_wconf 88' lang='lat' dir='ltr'>comprehendant:</span> <span class='ocrx_word' id='word_1_182' title='bbox 993 1950 1025 2001; x_wconf 88' lang='grc' dir='ltr'>ιιι</span> <span class='ocrx_word' id='word_1_183' title='bbox 1046 1942 1212 2016; x_wconf 76' lang='lat' dir='ltr'>rhetorice,</span> 
     </span>
     <span class='ocr_line' id='line_1_22' title="bbox 201 2023 1219 2102; baseline -0.004 -18"><span class='ocrx_word' id='word_1_184' title='bbox 201 2023 278 2085; x_wconf 86' lang='lat' dir='ltr'>bene</span> <span class='ocrx_word' id='word_1_185' title='bbox 298 2026 424 2087; x_wconf 84' lang='lat' dir='ltr'>dicendi</span> <span class='ocrx_word' id='word_1_186' title='bbox 444 2028 592 2102; x_wconf 70' lang='lat' dir='ltr'>ementis,</span> <span class='ocrx_word' id='word_1_187' title='bbox 614 2035 643 2086; x_wconf 89' lang='lat' dir='ltr'>et</span> <span class='ocrx_word' id='word_1_188' title='bbox 663 2026 765 2086; x_wconf 90' lang='lat' dir='ltr'>eadem</span> <span class='ocrx_word' id='word_1_189' title='bbox 787 2027 864 2088; x_wconf 85' lang='lat' dir='ltr'>benc</span> <span class='ocrx_word' id='word_1_190' title='bbox 877 2027 1074 2102; x_wconf 80' lang='lat' dir='ltr'>inveniendi,</span> <span class='ocrx_word' id='word_1_191' title='bbox 1092 2035 1122 2085; x_wconf 94' lang='lat' dir='ltr'>et</span> <span class='ocrx_word' id='word_1_192' title='bbox 1137 2025 1219 2086; x_wconf 62' lang='lat' dir='ltr'>bene,</span> 
     </span>
     <span class='ocr_line' id='line_1_23' title="bbox 199 2109 1212 2186; baseline 0 -19"><span class='ocrx_word' id='word_1_193' title='bbox 199 2110 397 2186; x_wconf 82' lang='lat' dir='ltr'>enuntiandi,</span> <span class='ocrx_word' id='word_1_194' title='bbox 415 2118 444 2169; x_wconf 89' lang='lat' dir='ltr'>et</span> <span class='ocrx_word' id='word_1_195' title='bbox 459 2111 584 2171; x_wconf 84' lang='lat' dir='ltr'>dicendi</span> <span class='ocrx_word' id='word_1_196' title='bbox 597 2112 767 2171; x_wconf 80' lang='lat' dir='ltr'>secundum</span> <span class='ocrx_word' id='word_1_197' title='bbox 781 2112 922 2172; x_wconf 79' lang='lat' dir='ltr'>virtulem</span> <span class='ocrx_word' id='word_1_198' title='bbox 935 2111 1102 2185; x_wconf 81' lang='lat' dir='ltr'>orationis,</span> <span class='ocrx_word' id='word_1_199' title='bbox 1119 2117 1148 2168; x_wconf 87' lang='lat' dir='ltr'>et</span> <span class='ocrx_word' id='word_1_200' title='bbox 1164 2109 1212 2168; x_wconf 91' lang='lat' dir='ltr'>di·</span> 
     </span>
     <span class='ocr_line' id='line_1_24' title="bbox 202 2193 1213 2274; baseline -0.002 -22"><span class='ocrx_word' id='word_1_201' title='bbox 202 2193 308 2268; x_wconf 86' lang='lat' dir='ltr'>cendi,</span> <span class='ocrx_word' id='word_1_202' title='bbox 326 2193 408 2271; x_wconf 78' lang='lat' dir='ltr'>quoti</span> <span class='ocrx_word' id='word_1_203' title='bbox 430 2194 471 2255; x_wconf 82' lang='lat' dir='ltr'>sit</span> <span class='ocrx_word' id='word_1_204' title='bbox 489 2194 594 2273; x_wconf 78' lang='lat' dir='ltr'>officii.</span> <span class='ocrx_word' id='word_1_205' title='bbox 634 2193 731 2274; x_wconf 81' lang='lat' dir='ltr'>Atque</span> <span class='ocrx_word' id='word_1_206' title='bbox 754 2193 980 2272; x_wconf 92' lang='lat' dir='ltr'>providendum,</span> <span class='ocrx_word' id='word_1_207' title='bbox 1001 2203 1047 2270; x_wconf 90' lang='lat' dir='ltr'>ut,</span> <span class='ocrx_word' id='word_1_208' title='bbox 1073 2195 1098 2252; x_wconf 88' lang='lat' dir='ltr'>si</span> <span class='ocrx_word' id='word_1_209' title='bbox 1125 2210 1213 2252; x_wconf 90' lang='lat' dir='ltr'>sensu</span> 
     </span>
     <span class='ocr_line' id='line_1_25' title="bbox 201 2276 1212 2355; baseline 0.001 -22"><span class='ocrx_word' id='word_1_210' title='bbox 201 2292 259 2334; x_wconf 94' lang='lat' dir='ltr'>non</span> <span class='ocrx_word' id='word_1_211' title='bbox 274 2285 419 2355; x_wconf 82' lang='lat' dir='ltr'>pugnant,</span> <span class='ocrx_word' id='word_1_212' title='bbox 437 2279 698 2355; x_wconf 80' lang='lat' dir='ltr'>comprehensione</span> <span class='ocrx_word' id='word_1_213' title='bbox 711 2277 890 2338; x_wconf 87' lang='lat' dir='ltr'>dissentiant.</span> <span class='ocrx_word' id='word_1_214' title='bbox 927 2278 986 2338; x_wconf 90' lang='lat' dir='ltr'>Sed</span> <span class='ocrx_word' id='word_1_215' title='bbox 1002 2278 1038 2338; x_wconf 92' lang='lat' dir='ltr'>de</span> <span class='ocrx_word' id='word_1_216' title='bbox 1053 2277 1098 2338; x_wconf 92' lang='lat' dir='ltr'>his</span> <span class='ocrx_word' id='word_1_217' title='bbox 1114 2276 1212 2354; x_wconf 91' lang='lat' dir='ltr'>dispu-</span> 
     </span>
     <span class='ocr_line' id='line_1_26' title="bbox 159 2360 1212 2441; baseline -0.001 -22"><span class='ocrx_word' id='word_1_218' title='bbox 159 2375 193 2428; x_wconf 83' lang='lat'>13</span> <span class='ocrx_word' id='word_1_219' title='bbox 202 2367 294 2436; x_wconf 90' lang='lat' dir='ltr'>tatur,</span> <span class='ocrx_word' id='word_1_220' title='bbox 312 2378 370 2420; x_wconf 89' lang='lat' dir='ltr'>non</span> <span class='ocrx_word' id='word_1_221' title='bbox 392 2361 529 2440; x_wconf 87' lang='lat' dir='ltr'>litigatur.</span> <span class='ocrx_word' id='word_1_222' title='bbox 575 2361 654 2441; x_wconf 91' lang='lat' dir='ltr'>Opus</span> <span class='ocrx_word' id='word_1_223' title='bbox 679 2371 723 2421; x_wconf 88' lang='lat' dir='ltr'>est</span> <span class='ocrx_word' id='word_1_224' title='bbox 741 2361 896 2439; x_wconf 89' lang='lat' dir='ltr'>aliquando</span> <span class='ocrx_word' id='word_1_225' title='bbox 913 2361 1042 2421; x_wconf 83' lang='lat' dir='ltr'>linitione</span> <span class='ocrx_word' id='word_1_226' title='bbox 1060 2360 1212 2421; x_wconf 88' lang='lat' dir='ltr'>obscurio·</span> 
     </span>
     <span class='ocr_line' id='line_1_27' title="bbox 201 2443 1212 2524; baseline 0.009 -22"><span class='ocrx_word' id='word_1_227' title='bbox 201 2443 280 2502; x_wconf 90' lang='lat' dir='ltr'>ribus</span> <span class='ocrx_word' id='word_1_228' title='bbox 294 2454 323 2504; x_wconf 89' lang='lat' dir='ltr'>et</span> <span class='ocrx_word' id='word_1_229' title='bbox 337 2446 528 2522; x_wconf 84' lang='lat' dir='ltr'>ignotioribus</span> <span class='ocrx_word' id='word_1_230' title='bbox 542 2447 657 2521; x_wconf 84' lang='lat' dir='ltr'>verbis,</span> <span class='ocrx_word' id='word_1_231' title='bbox 671 2454 718 2521; x_wconf 91' lang='lat' dir='ltr'>ut,</span> <span class='ocrx_word' id='word_1_232' title='bbox 736 2446 803 2523; x_wconf 92' lang='lat' dir='ltr'>quid</span> <span class='ocrx_word' id='word_1_233' title='bbox 819 2447 856 2504; x_wconf 88' lang='lat' dir='ltr'>sit</span> <span class='ocrx_word' id='word_1_234' title='bbox 868 2447 1030 2524; x_wconf 82' lang='lat' dir='ltr'>cloripotio</span> <span class='ocrx_word' id='word_1_235' title='bbox 1047 2447 1124 2506; x_wconf 88' lang='lat' dir='ltr'>ercti</span> <span class='ocrx_word' id='word_1_236' title='bbox 1141 2444 1212 2511; x_wconf 68' lang='lat' dir='ltr'>citis·</span> 
     </span>
     <span class='ocr_line' id='line_1_28' title="bbox 202 2528 1163 2608; baseline 0.003 -23"><span class='ocrx_word' id='word_1_237' title='bbox 202 2528 314 2587; x_wconf 91' lang='lat' dir='ltr'>interim</span> <span class='ocrx_word' id='word_1_238' title='bbox 329 2531 405 2588; x_wconf 91' lang='lat' dir='ltr'>notis</span> <span class='ocrx_word' id='word_1_239' title='bbox 422 2532 552 2605; x_wconf 88' lang='lat' dir='ltr'>nomine,</span> <span class='ocrx_word' id='word_1_240' title='bbox 568 2530 706 2591; x_wconf 85' lang='lat' dir='ltr'>uidelicet</span> <span class='ocrx_word' id='word_1_241' title='bbox 723 2529 790 2608; x_wconf 91' lang='lat' dir='ltr'>quid</span> <span class='ocrx_word' id='word_1_242' title='bbox 806 2530 843 2588; x_wconf 90' lang='lat' dir='ltr'>sit</span> <span class='ocrx_word' id='word_1_243' title='bbox 855 2548 972 2607; x_wconf 82' lang='lat' dir='ltr'>penus,</span> <span class='ocrx_word' id='word_1_244' title='bbox 995 2530 1063 2608; x_wconf 90' lang='lat' dir='ltr'>quid</span> <span class='ocrx_word' id='word_1_245' title='bbox 1081 2530 1163 2590; x_wconf 83' lang='lat' dir='ltr'>litus.</span> 
     </span>
     <span class='ocr_line' id='line_1_29' title="bbox 286 2611 1212 2690; baseline -0.001 -19"><span class='ocrx_word' id='word_1_246' title='bbox 286 2611 367 2685; x_wconf 82' lang='lat' dir='ltr'>Quae</span> <span class='ocrx_word' id='word_1_247' title='bbox 387 2615 514 2674; x_wconf 87' lang='lat' dir='ltr'>varietas</span> <span class='ocrx_word' id='word_1_248' title='bbox 531 2612 637 2689; x_wconf 87' lang='lat' dir='ltr'>efficit,</span> <span class='ocrx_word' id='word_1_249' title='bbox 662 2623 693 2672; x_wconf 95' lang='grc' dir='ltr'>ιιι</span> <span class='ocrx_word' id='word_1_250' title='bbox 715 2631 778 2672; x_wconf 90' lang='lat' dir='ltr'>cam</span> <span class='ocrx_word' id='word_1_251' title='bbox 800 2614 914 2690; x_wconf 89' lang='lat' dir='ltr'>quidam</span> <span class='ocrx_word' id='word_1_252' title='bbox 929 2615 1132 2688; x_wconf 87' lang='lat' dir='ltr'>coniecturae,</span> <span class='ocrx_word' id='word_1_253' title='bbox 1150 2611 1212 2689; x_wconf 90' lang='lat' dir='ltr'>qui·</span> 
     </span>
     <span class='ocr_line' id='line_1_30' title="bbox 202 2695 1211 2775; baseline -0.001 -21"><span class='ocrx_word' id='word_1_254' title='bbox 202 2695 266 2754; x_wconf 92' lang='lat' dir='ltr'>dam</span> <span class='ocrx_word' id='word_1_255' title='bbox 289 2696 437 2773; x_wconf 80' lang='lat' dir='ltr'>qualitati,</span> <span class='ocrx_word' id='word_1_256' title='bbox 471 2696 584 2775; x_wconf 90' lang='lat' dir='ltr'>quidam</span> <span class='ocrx_word' id='word_1_257' title='bbox 610 2698 746 2774; x_wconf 83' lang='lat' dir='ltr'>legitimis</span> <span class='ocrx_word' id='word_1_258' title='bbox 774 2697 993 2775; x_wconf 89' lang='lat' dir='ltr'>quaestionibus</span> <span class='ocrx_word' id='word_1_259' title='bbox 1022 2697 1211 2756; x_wconf 86' lang='lat' dir='ltr'>subiecerint.</span> 
     </span>
     <span class='ocr_line' id='line_1_31' title="bbox 160 2777 1212 2860; baseline 0.001 -24"><span class='ocrx_word' id='word_1_260' title='bbox 160 2777 378 2851; x_wconf 83' lang='lat' dir='ltr'>14Quibusdam</span> <span class='ocrx_word' id='word_1_261' title='bbox 402 2798 440 2840; x_wconf 94' lang='lat' dir='ltr'>ne</span> <span class='ocrx_word' id='word_1_262' title='bbox 466 2781 575 2859; x_wconf 90' lang='lat' dir='ltr'>placuit</span> <span class='ocrx_word' id='word_1_263' title='bbox 600 2782 715 2860; x_wconf 89' lang='lat' dir='ltr'>quidem</span> <span class='ocrx_word' id='word_1_264' title='bbox 743 2784 857 2841; x_wconf 90' lang='lat' dir='ltr'>omnino</span> <span class='ocrx_word' id='word_1_265' title='bbox 883 2781 995 2842; x_wconf 91' lang='lat' dir='ltr'>subtilis</span> <span class='ocrx_word' id='word_1_266' title='bbox 1020 2780 1095 2840; x_wconf 89' lang='lat' dir='ltr'>haec</span> <span class='ocrx_word' id='word_1_267' title='bbox 1121 2788 1150 2838; x_wconf 90' lang='lat' dir='ltr'>et</span> <span class='ocrx_word' id='word_1_268' title='bbox 1176 2777 1212 2838; x_wconf 87' lang='lat' dir='ltr'>ad</span> 
     </span>
     <span class='ocr_line' id='line_1_32' title="bbox 200 2862 1211 2943; baseline 0 -23"><span class='ocrx_word' id='word_1_269' title='bbox 200 2879 310 2922; x_wconf 90' lang='lat' dir='ltr'>morem</span> <span class='ocrx_word' id='word_1_270' title='bbox 325 2862 543 2924; x_wconf 89' lang='lat' dir='ltr'>dialecticorum</span> <span class='ocrx_word' id='word_1_271' title='bbox 557 2865 680 2924; x_wconf 83' lang='lat' dir='ltr'>formata</span> <span class='ocrx_word' id='word_1_272' title='bbox 698 2866 867 2940; x_wconf 89' lang='lat' dir='ltr'>conclusio,</span> <span class='ocrx_word' id='word_1_273' title='bbox 884 2874 914 2924; x_wconf 91' lang='lat' dir='ltr'>ut</span> <span class='ocrx_word' id='word_1_274' title='bbox 929 2867 958 2925; x_wconf 91' lang='lat' dir='ltr'>in</span> <span class='ocrx_word' id='word_1_275' title='bbox 970 2862 1211 2943; x_wconf 86' lang='lat' dir='ltr'>disputationibus</span> 
     </span>
     <span class='ocr_line' id='line_1_33' title="bbox 200 2945 1211 3028; baseline -0.001 -22"><span class='ocrx_word' id='word_1_276' title='bbox 200 2948 297 3024; x_wconf 82' lang='lat' dir='ltr'>potius</span> <span class='ocrx_word' id='word_1_277' title='bbox 325 2957 427 3025; x_wconf 87' lang='lat' dir='ltr'>arguta</span> <span class='ocrx_word' id='word_1_278' title='bbox 451 2948 607 3008; x_wconf 88' lang='lat' dir='ltr'>verborum</span> <span class='ocrx_word' id='word_1_279' title='bbox 634 2949 796 3010; x_wconf 83' lang='lat' dir='ltr'>cavillatrbr</span> <span class='ocrx_word' id='word_1_280' title='bbox 827 2967 911 3028; x_wconf 88' lang='lat' dir='ltr'>quam</span> <span class='ocrx_word' id='word_1_281' title='bbox 938 2951 967 3009; x_wconf 91' lang='lat' dir='ltr'>in</span> <span class='ocrx_word' id='word_1_282' title='bbox 996 2949 1120 3008; x_wconf 88' lang='lat' dir='ltr'>cratoris</span> <span class='ocrx_word' id='word_1_283' title='bbox 1147 2945 1211 3005; x_wconf 85' lang='lat' dir='ltr'>offi-</span> 
     </span>
     <span class='ocr_line' id='line_1_34' title="bbox 201 3031 1210 3093; baseline 0.001 -5"><span class='ocrx_word' id='word_1_284' title='bbox 201 3031 247 3089; x_wconf 90' lang='lat' dir='ltr'>cio</span> <span class='ocrx_word' id='word_1_285' title='bbox 269 3031 386 3090; x_wconf 91' lang='lat' dir='ltr'>multum</span> <span class='ocrx_word' id='word_1_286' title='bbox 410 3031 532 3092; x_wconf 86' lang='lat' dir='ltr'>allatura</span> <span class='ocrx_word' id='word_1_287' title='bbox 547 3036 693 3093; x_wconf 84' lang='lat' dir='ltr'>momenti.</span> <span class='ocrx_word' id='word_1_288' title='bbox 730 3031 811 3093; x_wconf 88' lang='lat' dir='ltr'>Licet</span> <span class='ocrx_word' id='word_1_289' title='bbox 828 3036 903 3093; x_wconf 91' lang='lat' dir='ltr'>enim</span> <span class='ocrx_word' id='word_1_290' title='bbox 918 3034 1014 3093; x_wconf 84' lang='lat' dir='ltr'>valeat</span> <span class='ocrx_word' id='word_1_291' title='bbox 1032 3033 1060 3090; x_wconf 93' lang='lat' dir='ltr'>in</span> <span class='ocrx_word' id='word_1_292' title='bbox 1075 3047 1210 3091; x_wconf 89' lang='lat' dir='ltr'>sermone</span> 
     </span>
     <span class='ocr_line' id='line_1_35' title="bbox 200 3118 1210 3196; baseline -0.001 -24"><span class='ocrx_word' id='word_1_293' title='bbox 200 3122 324 3192; x_wconf 86' lang='lat' dir='ltr'>tantum,</span> <span class='ocrx_word' id='word_1_294' title='bbox 349 3123 380 3175; x_wconf 91' lang='lat' dir='ltr'>ut</span> <span class='ocrx_word' id='word_1_295' title='bbox 401 3118 587 3176; x_wconf 90' lang='lat' dir='ltr'>constrictum</span> <span class='ocrx_word' id='word_1_296' title='bbox 607 3118 730 3177; x_wconf 86' lang='lat' dir='ltr'>vinculis</span> <span class='ocrx_word' id='word_1_297' title='bbox 754 3119 814 3176; x_wconf 90' lang='lat' dir='ltr'>suis</span> <span class='ocrx_word' id='word_1_298' title='bbox 841 3135 922 3193; x_wconf 87' lang='lat' dir='ltr'>eum,</span> <span class='ocrx_word' id='word_1_299' title='bbox 946 3119 994 3196; x_wconf 91' lang='lat' dir='ltr'>qui</span> <span class='ocrx_word' id='word_1_300' title='bbox 1015 3131 1210 3195; x_wconf 89' lang='lat' dir='ltr'>responsurus</span> 
     </span>
     <span class='ocr_line' id='line_1_36' title="bbox 203 3198 1211 3279; baseline 0.001 -24"><span class='ocrx_word' id='word_1_301' title='bbox 203 3207 265 3273; x_wconf 84' lang='lat' dir='ltr'>est,</span> <span class='ocrx_word' id='word_1_302' title='bbox 281 3198 329 3259; x_wconf 86' lang='lat' dir='ltr'>vel</span> <span class='ocrx_word' id='word_1_303' title='bbox 351 3208 451 3260; x_wconf 89' lang='lat' dir='ltr'>tacere</span> <span class='ocrx_word' id='word_1_304' title='bbox 471 3200 520 3260; x_wconf 92' lang='lat' dir='ltr'>vel</span> <span class='ocrx_word' id='word_1_305' title='bbox 536 3202 622 3261; x_wconf 86' lang='lat' dir='ltr'>etiam</span> <span class='ocrx_word' id='word_1_306' title='bbox 637 3203 754 3260; x_wconf 89' lang='lat' dir='ltr'>invitum</span> <span class='ocrx_word' id='word_1_307' title='bbox 769 3202 815 3277; x_wconf 90' lang='lat' dir='ltr'>id,</span> <span class='ocrx_word' id='word_1_308' title='bbox 833 3201 911 3279; x_wconf 91' lang='lat' dir='ltr'>quod</span> <span class='ocrx_word' id='word_1_309' title='bbox 928 3203 965 3259; x_wconf 89' lang='lat' dir='ltr'>sit</span> <span class='ocrx_word' id='word_1_310' title='bbox 981 3209 1098 3275; x_wconf 91' lang='lat' dir='ltr'>contra,</span> <span class='ocrx_word' id='word_1_311' title='bbox 1122 3205 1211 3277; x_wconf 88' lang='lat' dir='ltr'>cogat</span> 
     </span>
     <span class='ocr_line' id='line_1_37' title="bbox 158 3280 1210 3344; baseline 0 -2"><span class='ocrx_word' id='word_1_312' title='bbox 158 3288 192 3342; x_wconf 81' lang='lat'>15</span> <span class='ocrx_word' id='word_1_313' title='bbox 200 3280 301 3341; x_wconf 82' lang='lat' dir='ltr'>fateri:</span> <span class='ocrx_word' id='word_1_314' title='bbox 324 3300 381 3342; x_wconf 90' lang='lat' dir='ltr'>non</span> <span class='ocrx_word' id='word_1_315' title='bbox 399 3285 501 3344; x_wconf 88' lang='lat' dir='ltr'>eadem</span> <span class='ocrx_word' id='word_1_316' title='bbox 517 3294 562 3344; x_wconf 87' lang='lat' dir='ltr'>est</span> <span class='ocrx_word' id='word_1_317' title='bbox 583 3294 678 3344; x_wconf 91' lang='lat' dir='ltr'>tamen</span> <span class='ocrx_word' id='word_1_318' title='bbox 694 3287 756 3343; x_wconf 89' lang='lat' dir='ltr'>eius</span> <span class='ocrx_word' id='word_1_319' title='bbox 778 3287 807 3344; x_wconf 91' lang='lat' dir='ltr'>in</span> <span class='ocrx_word' id='word_1_320' title='bbox 825 3286 919 3344; x_wconf 89' lang='lat' dir='ltr'>causis</span> <span class='ocrx_word' id='word_1_321' title='bbox 935 3284 1052 3344; x_wconf 88' lang='lat' dir='ltr'>utilitas.</span> <span class='ocrx_word' id='word_1_322' title='bbox 1087 3284 1210 3344; x_wconf 86' lang='lat' dir='ltr'>Persua-</span> 
     </span>
     <span class='ocr_line' id='line_1_38' title="bbox 202 3363 1209 3447; baseline 0.004 -25"><span class='ocrx_word' id='word_1_323' title='bbox 202 3363 324 3423; x_wconf 93' lang='lat' dir='ltr'>dendum</span> <span class='ocrx_word' id='word_1_324' title='bbox 348 3368 422 3426; x_wconf 87' lang='lat' dir='ltr'>enim</span> <span class='ocrx_word' id='word_1_325' title='bbox 448 3367 535 3428; x_wconf 89' lang='lat' dir='ltr'>iudici</span> <span class='ocrx_word' id='word_1_326' title='bbox 562 3378 625 3443; x_wconf 91' lang='lat' dir='ltr'>est,</span> <span class='ocrx_word' id='word_1_327' title='bbox 653 3371 701 3447; x_wconf 89' lang='lat' dir='ltr'>qui</span> <span class='ocrx_word' id='word_1_328' title='bbox 724 3370 835 3428; x_wconf 90' lang='lat' dir='ltr'>etiamsi</span> <span class='ocrx_word' id='word_1_329' title='bbox 856 3367 955 3427; x_wconf 87' lang='lat' dir='ltr'>verbis</span> <span class='ocrx_word' id='word_1_330' title='bbox 978 3367 1128 3428; x_wconf 90' lang='lat' dir='ltr'>devinctus</span> <span class='ocrx_word' id='word_1_331' title='bbox 1152 3375 1209 3440; x_wconf 85' lang='lat' dir='ltr'>est,</span> 
     </span>
     <span class='ocr_line' id='line_1_39' title="bbox 200 3449 1210 3532; baseline 0 -24"><span class='ocrx_word' id='word_1_332' title='bbox 200 3455 311 3524; x_wconf 89' lang='lat' dir='ltr'>tamen,</span> <span class='ocrx_word' id='word_1_333' title='bbox 338 3451 393 3509; x_wconf 89' lang='lat' dir='ltr'>nisi</span> <span class='ocrx_word' id='word_1_334' title='bbox 416 3452 472 3532; x_wconf 86' lang='lat' dir='ltr'>ipsi</span> <span class='ocrx_word' id='word_1_335' title='bbox 497 3453 541 3511; x_wconf 92' lang='lat' dir='ltr'>rei</span> <span class='ocrx_word' id='word_1_336' title='bbox 568 3454 743 3528; x_wconf 87' lang='lat' dir='ltr'>accesserit,</span> <span class='ocrx_word' id='word_1_337' title='bbox 770 3453 874 3512; x_wconf 88' lang='lat' dir='ltr'>tacims</span> <span class='ocrx_word' id='word_1_338' title='bbox 899 3451 1060 3511; x_wconf 88' lang='lat' dir='ltr'>dissentiet.</span> <span class='ocrx_word' id='word_1_339' title='bbox 1101 3449 1210 3530; x_wconf 83' lang='lat' dir='ltr'>Agenti</span> 
     </span>
    </p>
   </div>
   <div class='ocr_carea' id='block_1_3' title="bbox 0 0 1288 4026">
    <p class='ocr_par' dir='ltr' id='par_1_3' title="bbox 0 0 1288 4026">
     <span class='ocr_line' id='line_1_40' title="bbox 0 0 1288 4026; baseline 0 0"><span class='ocrx_word' id='word_1_340' title='bbox 0 0 1288 4026; x_wconf 95' lang='lat' dir='ltr'> </span> 
     </span>
    </p>
   </div>
  </div>
 </body>
</html>
