2566 4026
354 174 788 242 unsu.oanuon.u1e.v1,3.
1013 167 1076 229 267

67 337 93 396 sl
108 342 206 394 tamen
223 350 281 393 non
296 334 333 391 sit
346 331 535 406 immodicus,
557 331 643 391 offert
663 331 770 409 aliquid
786 332 924 411 proprme
943 333 1076 413 volupta-

67 420 122 479 tis:
144 418 185 478 ita
206 416 235 477 bi
258 432 375 495 quoque
397 414 572 475 indicendo
595 414 702 476 babent
718 416 868 494 quiddam,
890 417 969 494 quod
991 417 1076 478 nobis

64 501 157 563 faciat
178 499 313 560 audiendi
335 501 420 558 sitIm.
454 496 634 559 Facetum
656 515 773 578 quoque
794 517 852 559 non
872 508 981 560 tantum
997 504 1077 562 circa

65 582 191 646 ridicula
213 585 318 662 opinor
338 585 511 643 consistere.
559 581 665 662 Neque
694 585 769 643 enirn
793 584 905 644 diceret
929 583 1119 663 storacinum

65 669 195 729 facetum
227 668 360 727 carminis
387 685 481 743 genus
510 675 610 726 natura
637 684 811 727 concessum
837 685 905 727 esse
930 668 1074 746 Vergilio.

65 752 193 813 Decoris
215 751 289 811 banc
306 751 399 827 magis
422 759 452 809 et
473 750 608 810 excultae
627 752 775 811 cuiusdam
792 751 956 829 elegantiae
974 754 1075 832 appel·

66 836 206 897 lationem
221 844 301 913 puto.
338 834 469 912 Ideoque
484 834 513 893 in
526 834 660 912 epistolis
676 832 782 895 Cicero
797 834 872 895 haee
886 835 967 895 Bruti
984 837 1076 896 refert

65 918 176 979 verba:
198 917 267 980 Nae
286 919 332 980 illi
352 927 423 978 sunt
442 918 540 997 pedes
560 919 656 995 [coeti
684 938 724 980 oc
744 921 866 982 deliciis
890 922 1076 999 icqredieuti

65 1004 196 1065 modius.
235 1001 320 1076 Quod
346 1003 481 1061 convenit
507 1020 572 1060 cum
598 1001 649 1061 illo
675 1002 848 1080 Horatiano,
875 1005 1076 1082 mollemque

64 1088 203 1167 facetum
221 1084 363 1164 Verpilt'o.
394 1085 512 1145 Iocum
526 1103 599 1144 vero
615 1086 783 1165 accipimus,
803 1088 881 1166 qnod
900 1097 945 1147 est
960 1098 1115 1155 contra-21

65 1172 139 1231 rium
155 1171 250 1238 serio;
273 1186 337 1229 nam
359 1178 389 1228 et
409 1169 521 1246 fingere
545 1178 574 1227 et
593 1178 707 1230 terrere
728 1180 757 1230 et
773 1173 943 1250 promittere
961 1173 1075 1231 interim

65 1256 150 1315 iocus
165 1263 220 1313 est.
251 1252 447 1313 Dicacitas
471 1253 533 1312 sine
549 1252 636 1313 dubio
653 1254 819 1332 edicendo,
840 1256 917 1333 quod
936 1265 981 1315 est
999 1257 1075 1314 omni

67 1339 171 1417 generi
190 1354 358 1413 commune,
377 1337 462 1396 ducta
478 1345 540 1411 est,
556 1340 676 1415 proprie
691 1348 787 1400 tamen
801 1339 945 1417 significat
963 1355 1074 1398 sermo·

66 1439 133 1481 nem
148 1438 213 1480 cum
227 1423 286 1480 risu
301 1421 415 1498 aliquos
429 1421 634 1480 incessentem.
668 1421 738 1482 Ideo
757 1422 975 1483 Demosthenen
989 1422 1073 1483 urba·

66 1522 134 1565 uum
155 1505 247 1565 fuisse
263 1505 371 1580 dicunt,
391 1505 521 1564 dicacem
536 1515 652 1581 negant.

152 1587 304 1666 Proprium
327 1597 422 1648 autem
442 1591 598 1663 materiae,
622 1588 658 1648 de
681 1607 737 1667 qua
759 1608 832 1649 nunc
849 1590 1007 1668 loquImur‚
1030 1599 1115 1655 estod

67 1671 281 1748 ridiculum,
304 1673 432 1750 ideoque
461 1672 535 1732 baec
562 1681 623 1732 tota
650 1674 807 1751 disputatio
829 1692 845 1733 a
868 1674 987 1734 Graecis
1007 1672 1075 1752 περὶ

68 1756 183 1837 γελοίου
204 1755 377 1816 inscribitur.
411 1755 482 1814 llius
498 1758 588 1833 prima
605 1757 708 1816 divisio
724 1758 845 1817 traditur
860 1759 976 1834 eadem,
998 1774 1073 1835 quae

69 1848 115 1899 est
136 1840 228 1898 omnis
252 1841 407 1914 orationis,
430 1849 462 1898 nt
485 1842 521 1899 sit
540 1843 666 1917 positum
690 1844 718 1899 in
739 1841 827 1900 rebus
850 1851 898 1901 aut
919 1843 948 1900 in
962 1841 1071 1901 verbIs.

67 1922 145 1984 Usus
159 1932 253 1982 autem
267 1925 390 1982 maxime
405 1923 523 2000 triplex.
559 1924 619 1983 Aut
635 1926 710 1984 enim
726 1942 763 1983 ex
779 1925 833 1984 ali
843 1927 873 1984 is
894 1926 982 1985 risum
999 1926 1116 2002 peti-23

68 2024 131 2067 mus
147 2015 195 2065 aut
212 2024 249 2066 ex
272 2007 380 2066 nobis
401 2017 448 2066 aut
471 2025 507 2066 ex
528 2007 638 2068 rebus
662 2009 807 2068 mediis.
840 2008 945 2068 Aliena
962 2018 1011 2067 aut
1026 2027 1072 2068 re-

68 2089 274 2170 prehendimus
298 2099 346 2150 aut
364 2091 521 2150 refutamus
548 2101 596 2150 aut
615 2093 762 2152 elevamus
791 2101 839 2151 aut
859 2094 1072 2171 repercutimus

68 2184 117 2235 tut
131 2174 283 2234 eludimus.
313 2172 421 2233 Nostra
436 2175 558 2235 ridicule
573 2176 730 2235 indicamus
747 2184 787 2251 et,
803 2184 834 2234 ut
847 2175 939 2235 verbo
952 2172 1072 2235 Cicero·

68 2261 112 2319 nis
132 2266 208 2333 utar,
226 2258 345 2318 dicimus
361 2259 456 2336 aliqua
475 2258 663 2318 subabsurda.
696 2257 834 2337 Namque·
848 2259 967 2334 eadem,
985 2277 1071 2336 quae,

69 2344 93 2403 si
108 2340 337 2420 imprudentibus
354 2342 498 2416 excidant,
515 2343 602 2401 stulta
618 2350 700 2416 sunt,
716 2344 741 2401 si
759 2341 934 2416 simulamus,
950 2351 1072 2401 venusta

70 2428 237 2487 ereduntur.
266 2426 394 2485 Tertium
410 2435 455 2483 est
469 2442 583 2501 genus,
598 2435 629 2484 ut
642 2426 719 2485 idern
736 2425 820 2500 dicit,
846 2427 876 2483 in
893 2424 1073 2503 decipiendis
1080 2434 1115 2485 24

70 2510 342 2589 expectationibus,
371 2509 455 2568 dictis
484 2509 568 2568 aliter
588 2509 768 2586 accipiendis
790 2510 973 2585 ceterisque,
997 2526 1072 2584 quae

69 2603 201 2655 neutram
220 2610 376 2671 personam
398 2593 566 2669 contingunt
582 2594 708 2670 ideoque
727 2610 744 2652 a
760 2610 806 2651 me
822 2591 916 2651 media
930 2591 1071 2650 dicuntur.

69 2678 143 2740 Item
171 2677 295 2737 ridicula
321 2685 370 2736 aut
394 2675 550 2736 facimus
578 2686 626 2736 ant
650 2677 813 2735 dicimus.
856 2674 970 2733 Facto
997 2674 1113 2735 risus25

71 2761 243 2823 conciliatur
257 2762 371 2820 iuterim
386 2760 510 2818 admixta
524 2762 682 2835 gravitate:
702 2766 733 2816 ut
748 2756 785 2816 tt.
803 2754 921 2816 Caelius
941 2765 1071 2834 praetor,

70 2864 135 2907 cum
151 2844 254 2903 sellam
271 2846 332 2903 eius
352 2841 481 2902 curulem
497 2843 600 2902 consul
615 2841 759 2901 Isauricus
781 2841 936 2918 fregisset,
952 2839 1073 2900 alteram

70 2930 169 3009 posuit
185 2927 256 2986 loris
272 2929 425 2994 iutentam;
447 2925 597 2987 dicebatur
612 2935 708 2985 autern
724 2925 826 2985 consul
844 2932 955 3003 apatre
973 2923 1072 3000 flagris

71 3012 226 3090 aliquando
250 3029 368 3078 caesus:
391 3012 504 3069 interIm
523 3011 585 3068 siue
605 3017 743 3088 respectu
764 3009 899 3087 pudoris,
921 3017 952 3068 nt
972 3010 1000 3067 in
1022 3006 1073 3067 illa

71 3097 180 3176 pyxide
197 3092 349 3170 Caeliana,
373 3093 450 3171 quod
471 3112 566 3172 nequa
593 3095 701 3153 oratori
724 3111 820 3171 neque
840 3092 892 3151 ulli
911 3094 974 3151 vlro
990 3091 1073 3168 gravi
1129 3156 1132 3161 ¹

72 3180 236 3240 conveniat.
276 3178 354 3238 Idem
377 3186 471 3236 autern
494 3179 530 3238 de
550 3179 630 3238 vultu
657 3187 802 3256 gestuque
822 3175 946 3236 ridiculo
968 3176 1115 3235 dIctnmbb

72 3266 123 3333 sit;
147 3262 296 3339 inquibus
313 3271 358 3321 est
375 3262 489 3339 quidem
505 3281 612 3322 summa
626 3265 735 3339 gratia,
752 3261 805 3321 sed
820 3261 928 3336 maior,
946 3278 1009 3320 curn
1026 3277 1072 3320 ca·

72 3357 154 3427 ptare
173 3348 261 3406 risum
277 3365 335 3406 non
346 3345 494 3415 videntum
512 3346 582 3405 nibil
598 3348 672 3405 enim
685 3355 729 3406 est
740 3346 795 3420 bis,
814 3362 888 3423 quae
905 3346 980 3405 sicut
995 3344 1073 3404 salsa

72 3432 222 3508 dicuntur,
246 3432 391 3490 iusulsius.
430 3429 599 3508 Quanquam
619 3439 713 3489 autem
735 3431 846 3506 gratiae
864 3429 1016 3508 planmum
1032 3428 1072 3490 di·
