2566 4026
163 156 203 214 50
477 167 512 212 n.
536 165 614 212 aas.
638 165 859 224 Qu1nr1u1nn1

122 323 257 397 tetendi,
281 318 468 380 monstrabat.
513 304 595 379 llae'c
617 321 645 378 ei
667 337 736 379 cura
753 321 828 380 inter
846 321 1055 382 turbidissimas
1078 323 1166 382 actio·

162 424 214 465 nes
237 405 286 464 vel
308 404 428 464 terrenti
457 405 611 480 optimates
640 402 688 462 vel
711 404 767 463 iam
789 406 899 464 timenti
921 407 1039 485 profuit.
1085 405 1168 468 Libet

161 499 284 569 propter
307 486 447 567 quosdam
468 488 661 566 imperitiores
685 488 771 548 etiam
794 491 969 562 crassiore,
997 499 1029 549 ut
1049 500 1166 566 vocant,

119 570 253 637 29Mosc
275 572 481 632 dubitationem
508 571 591 630 huius
618 571 749 630 utilitatis
779 574 918 632 eximere.
963 572 1035 634 Nam
1062 583 1167 652 poetas

163 666 244 719 certe
266 655 409 734 legendos
436 655 545 714 oratori
567 654 663 714 luturo
692 658 910 718 concesserint:
940 676 1006 717 num
1029 659 1117 736 igitur
1139 659 1167 718 bi

162 743 225 800 sine
248 736 381 800 musice?
404 756 439 799 ac
462 739 487 796 si
509 738 572 817 quis
594 747 652 798 tam
675 757 781 799 caecus
800 742 885 801 animi
909 752 964 816 est,
991 750 1022 801 ut
1043 742 1080 802 de
1103 742 1166 801 aliis

161 823 287 885 dubitet:
316 823 384 884 illos
408 831 507 898 certe,
538 824 586 901 qui
610 824 734 883 carmina
757 823 793 884 ad
815 825 905 900 lyram
929 834 1165 904 composnerunt.

160 908 241 968 llaec
264 908 367 967 diutius
389 907 485 967 forent
506 907 643 981 dicenda,
674 908 699 965 si
728 907 785 967 hoc
809 908 932 969 studium
960 909 1041 969 velut
1061 927 1167 968 novum

118 994 371 1071 30praeoiperem.
418 988 489 1051 Cum
510 1008 583 1050 vero
607 992 761 1069 antiquitus
787 1010 879 1069 usque
898 1011 914 1052 a
933 990 1060 1052 Chirone
1079 1002 1166 1071 atque

160 1075 277 1136 Achille
300 1075 336 1135 ad
357 1083 457 1136 nostra
480 1083 612 1153 tempora
635 1075 711 1153 apud
734 1092 851 1149 omnes,
883 1078 932 1154 qui
960 1077 1046 1136 modo
1070 1077 1164 1152 legiti-

160 1178 234 1221 mam
256 1160 437 1238 disciplinam
454 1176 511 1219 non
533 1160 588 1218 sint
610 1159 728 1237 perosi,
752 1159 913 1219 duraverit:
937 1178 994 1220 non
1017 1170 1062 1220 est
1088 1177 1163 1219 com·

159 1245 343 1319 mittendum,
367 1253 398 1303 ut
420 1243 469 1304 illa
493 1242 578 1303 dubia
600 1243 705 1302 faciam
728 1242 906 1302 defensionis
929 1244 1135 1305 sollicitudine.

112 1335 151 1390 ν31
244 1327 382 1401 Quamvis
405 1336 499 1387 autem
521 1328 591 1386 satis
614 1329 670 1386 iam
693 1344 731 1386 ex
752 1328 841 1405 ipsis,
865 1327 968 1405 quibus
994 1347 1056 1387 sum
1078 1328 1163 1387 modo

160 1429 239 1487 usus,
259 1411 402 1487 exemplis
419 1411 535 1471 credam
552 1427 619 1468 esse
636 1409 835 1486 manifestum,
854 1429 929 1489 quae
949 1412 1017 1471 mihi
1041 1420 1070 1471 et
1096 1429 1163 1490 qua·

159 1504 242 1553 tenus
260 1495 370 1552 musice
388 1493 520 1572 placeat:
541 1494 669 1571 apertius
686 1503 783 1553 tamen
801 1495 994 1573 prolitendum
1005 1504 1087 1574 puto,
1107 1513 1163 1554 non

159 1577 272 1637 hanon
302 1595 348 1636 me
370 1578 518 1656 praecipi,
549 1594 624 1654 quae
652 1594 728 1636 nuno
756 1578 785 1636 in
817 1580 914 1637 scenis
943 1579 1106 1638 effeminata
1136 1588 1163 1638 et

158 1661 309 1739 impudicis
332 1661 425 1720 modis
448 1660 540 1721 fracta
561 1676 618 1718 non
636 1679 673 1720 ex
691 1668 774 1739 parte
794 1663 916 1737 minima,
936 1665 960 1721 si
981 1663 1049 1741 quid
1066 1665 1094 1720 in
1113 1680 1160 1722 no·

158 1745 202 1803 bis
230 1744 321 1804 virilis
350 1744 465 1804 roboris
491 1743 641 1819 manebat,
666 1744 788 1812 excidit;
816 1745 869 1805 sed
895 1763 951 1824 qua
979 1746 1080 1806 laudes
1104 1746 1161 1805 for·

158 1829 226 1887 tium
251 1827 443 1903 canebantur,
471 1845 585 1906 quaque
608 1829 663 1906 ipsi
691 1828 783 1888 lortes
808 1828 963 1897 canebant;
1000 1848 1056 1890 nec
1085 1831 1161 1908 psal·

158 1913 232 1972 teria
255 1921 285 1971 et
307 1912 458 1990 spadices,
486 1912 572 1972 etiam
590 1912 749 1989 virginibus
774 1913 875 1990 probis
904 1915 1086 1990 recusanda,
1110 1914 1162 1974 sed

159 1996 355 2072 cognitionem
376 1996 514 2071 rationis,
542 2013 617 2073 quae
644 1996 679 2054 ad
700 1996 860 2057 movendos
882 1997 1094 2076 leniendosque
1121 1998 1161 2057 ai·

116 2077 252 2137 32fecnus
269 2079 421 2158 plurimum
443 2079 532 2138 valet.
572 2077 645 2140 Nam
665 2088 694 2138 et
711 2079 896 2157 Pythagoran
914 2083 1071 2161 accipimus
1092 2100 1160 2142 oon-

159 2163 263 2221 citatos
291 2162 327 2222 ad
355 2164 412 2221 vim
440 2163 564 2240 pudicae
587 2161 683 2222 domui
713 2164 888 2224 afferendam
917 2168 1052 2241 iuvenes,
1082 2167 1161 2226 iussa

157 2253 268 2304 mutare
290 2247 318 2303 in
335 2247 496 2325 spondeum
512 2246 614 2305 modos
627 2246 763 2324 tibicina,
789 2251 1005 2328 composuisse;
1023 2258 1051 2309 et
1069 2247 1160 2324 Chry-

157 2329 257 2406 sippus
282 2330 367 2388 etiam
388 2330 528 2390 nutricum
549 2330 607 2407 illi,
631 2349 705 2409 quae
728 2331 880 2392 adhibetur
898 2333 1070 2408 infantibus,
1088 2333 1160 2394 alle·

115 2411 276 2471 sacrationi
304 2431 385 2473 snum
411 2412 555 2492 quoddam
578 2431 694 2474 carmen
724 2417 862 2494 assignat.
905 2416 959 2477 Est
987 2419 1073 2478 etiam
1103 2435 1160 2477 non

155 2496 298 2556 inerudite
321 2497 357 2557 ad
380 2497 598 2558 declamandum
618 2499 685 2559 licta
707 2501 837 2573 materia,
862 2500 890 2559 in
912 2518 968 2577 qua
989 2503 1106 2579 ponitur
1126 2504 1159 2559 ti·

155 2579 258 2656 bicen,
282 2582 331 2659 qui
350 2582 525 2641 sacrificanti
546 2580 701 2658 Phrygium
724 2584 887 2656 cecinerat,
910 2591 976 2641 acto
993 2582 1045 2641 illo
1069 2585 1096 2641 in
1118 2585 1158 2640 in·

156 2665 263 2723 saniam
283 2672 313 2723 et
330 2683 385 2743 per
401 2665 572 2743 praecipitia
590 2664 688 2724 delato
707 2665 856 2738 accusari,
881 2663 958 2741 quod
976 2682 1063 2725 causa
1081 2683 1157 2725 mor·

155 2749 191 2805 tis
217 2749 359 2816 extiterit;
389 2766 464 2825 quae
486 2748 511 2805 si
533 2745 589 2805 dici
611 2745 700 2805 debet
722 2746 758 2806 ab
781 2754 898 2806 oratore
925 2764 980 2807 nec
1006 2747 1063 2808 dici
1086 2752 1157 2812 citra

155 2830 304 2891 scientiam
326 2833 452 2891 musices
473 2836 588 2909 potest:
613 2828 758 2907 quomodo
789 2847 847 2889 non
875 2830 949 2890 hanc
972 2850 1089 2911 quoque
1113 2852 1157 2895 ar·

155 2920 213 2972 tem
233 2916 429 2974 necessariam
451 2931 518 2973 esse
541 2913 625 2990 operi
646 2921 746 2972 nostro
768 2913 816 2973 rel
837 2914 927 2993 iniqui
953 2914 1157 2977 consentient?

524 3067 567 3116 DE
587 3064 788 3117 GEOMETRIA.

112 3165 147 3217 34
238 3159 270 3218 ln
299 3165 505 3239 geometria
531 3172 642 3243 partem
671 3164 797 3225 latentur
824 3184 892 3226 esse
919 3167 1018 3227 utilem
1048 3167 1155 3225 teneris

155 3243 307 3302 aetatibus.
352 3245 465 3324 Agitari
486 3265 609 3325 namque
640 3249 749 3308 animos
778 3258 808 3309 et
839 3251 904 3310 acui
927 3250 1041 3328 ingenia
1054 3259 1084 3309 et
1107 3269 1155 3310 oe·

155 3326 297 3386 leuitatem
317 3331 497 3409 percipiendi
518 3333 618 3391 venire
639 3332 705 3392 inde
730 3334 906 3402 concedunt;
937 3334 990 3394 sed
1011 3333 1155 3412 prodesse

155 3426 218 3470 eam
243 3428 300 3470 non
324 3422 355 3473 ut
376 3423 490 3475 ceteras
514 3425 608 3491 artes,
639 3434 703 3475 oum
732 3426 893 3497 perceptae
925 3418 980 3476 sint
1009 3417 1061 3477 sed
1092 3433 1156 3476 cum
