2566 4026
234 142 293 207 its
546 156 909 216 transcursum

204 310 412 377 acredilriliter
425 319 533 390 potest.
559 309 592 369 lu
601 310 729 370 iudiciali
744 320 839 371 autem
852 314 972 372 materia
984 312 1138 391 dupliciter
1152 313 1229 372 acci·

230 396 335 476 pienda
356 404 418 455 est:
446 395 540 455 altero
561 393 665 468 modo,
688 411 747 474 quo
771 395 891 455 dicimus
912 395 1016 455 mullas
1041 398 1229 476 quaestiones

228 477 339 540 haltere
355 480 599 553 controversiam,
617 494 674 555 quo
691 479 778 537 etiam
792 479 919 538 minores
938 496 1038 538 omnes
1057 479 1229 558 complecti·

228 580 307 637 mur,
329 562 440 639 altero,
457 579 515 641 quo
531 561 727 640 significamus
742 580 877 622 summam
895 561 989 638 illam,
1012 564 1041 621 in
1061 581 1117 642 qua
1141 581 1229 625 causa

229 647 365 715 vertutum
387 646 425 707 de
446 646 501 706 hae
520 664 596 706 nunc
616 645 740 723 loquor,
763 663 801 705 ex
823 664 879 725 qua
900 648 1027 706 nascitur
1042 655 1152 722 status,
1183 648 1229 707 An

203 729 334 789 aramum
347 726 405 789 sit?
431 729 506 804 Quid
521 730 628 789 lactum
643 725 701 788 sit?
725 730 771 788 An
786 739 869 789 recte
884 729 991 789 lactum
1004 727 1062 789 sit?
1084 728 1143 790 itas
1155 729 1227 790 Her-

227 829 361 891 magoras
385 822 413 872 et
436 812 636 892 Apollodorus
659 821 690 872 et
712 812 761 872 alii
783 811 897 891 plurimi
921 815 1082 892 scriptores
1108 817 1227 892 proprie

227 900 421 976 quaestiones
435 906 556 973 vocant,
577 896 768 972 Theodorus,
792 905 822 955 ut
838 897 914 973 dixi,
935 899 1041 975 cupito
1053 901 1226 976 peuerulio,

226 982 302 1041 sicut
323 980 390 1041 illas
404 982 531 1041 minores
547 990 595 1041 aut
610 999 648 1040 ex
664 979 722 1040 illis
739 980 901 1059 pendentes
916 983 1077 1058 specialia.
1111 981 1183 1041 Nam
1199 991 1227 1042 et

226 1066 428 1144 quaestionem
448 1083 486 1125 ex
506 1067 677 1143 quaestione
699 1065 779 1123 nasci
800 1073 830 1123 et
852 1066 984 1143 speciem
1004 1066 1031 1122 in
1048 1067 1166 1144 species
1185 1067 1226 1125 di-

199 1149 283 1208 lvidi
304 1150 450 1209 convenit.
486 1147 567 1208 Hauc
592 1149 679 1226 igitur
701 1149 901 1226 quaestionem
924 1147 1014 1207 veluti
1036 1149 1226 1227 principalem

224 1241 331 1292 vocant
345 1226 465 1311 ζήτημα.
495 1232 604 1293 Ratio
620 1240 715 1292 autem
732 1239 793 1306 est,
815 1232 926 1309 quaid,
943 1231 1020 1309 quod
1035 1232 1141 1292 iactum
1158 1251 1225 1291 esse

225 1324 349 1393 constat,
365 1316 539 1378 defenditur.
571 1314 610 1376 Et
625 1334 676 1376 cur
693 1331 750 1374 non
765 1323 877 1375 utamur
894 1315 1009 1391 eodem,
1028 1333 1085 1394 quo
1101 1325 1167 1375 sunt
1182 1318 1225 1375 usi

225 1416 326 1460 omnes
341 1401 422 1477 lere,
445 1397 605 1479 exemplo?
637 1397 760 1460 Orestes
779 1407 907 1461 matrem
926 1401 1056 1476 occidit,
1078 1399 1136 1459 hoc
1157 1417 1224 1459 con·

224 1493 293 1554 stat:
317 1484 386 1545 dicit
406 1504 441 1547 se
457 1487 535 1546 iuste
553 1484 684 1562 fecisse.-
706 1490 797 1542 status
818 1484 873 1542 erit
895 1482 1057 1561 qualitatis;
1079 1485 1223 1562 quaestio,

223 1564 272 1629 Au
300 1570 378 1631 iuste
402 1569 536 1648 fecerit?
569 1569 661 1644 ratio,
693 1563 783 1638 Quod
810 1563 1053 1646 Clytaemnestra
1081 1569 1224 1629 moritum

222 1671 328 1729 suum,
341 1662 464 1732 patrem
482 1651 614 1729 Orestis,
635 1651 764 1716 occidit·
784 1647 841 1708 hoc
861 1648 956 1710 αἴτιον
973 1651 1086 1710 dicitur.
1117 1643 1222 1730 Κρινό·

222 1756 312 1815 μενον
330 1745 426 1797 autem
447 1737 645 1810 iudicatio,
665 1731 714 1794 Ars
729 1735 899 1812 oportuerit
917 1736 967 1795 oel
984 1742 1140 1795 nocentem
1157 1754 1222 1794 mu-

196 1826 297 1883 tirem
315 1840 336 1883 a
349 1821 413 1900 tilio
433 1821 555 1883 occidi?
588 1818 709 1893 Quidam
725 1817 884 1877 diviserunt
899 1817 1021 1878 αἴτιον
1036 1826 1065 1876 et
1082 1817 1223 1893 αἰτίαν,

223 1913 254 1964 ut
277 1914 357 1965 esset
380 1905 491 1981 altera,
511 1913 736 1983 propterquam
758 1900 891 1961 iudicium
913 1903 1097 1961 constitutum
1112 1910 1172 1974 est,
1193 1910 1223 1959 ut

222 1990 327 2050 occisa
349 1986 589 2069 Clytaemnestra
596 2009 610 2056 ,·
642 1985 750 2060 altera,
779 2000 835 2063 qua
855 1983 962 2044 lactum
985 1984 1164 2059 defenditur,
1192 1993 1222 2043 ut

222 2069 573 2151 occisusApumemuom
605 2070 666 2131 Sed
690 2077 766 2129 tanta
789 2075 835 2126 est
859 2069 938 2128 circa
959 2067 1050 2127 verba
1066 2067 1221 2143 dissensio,

222 2162 253 2213 ut
271 2153 319 2214 alii
336 2154 433 2215 αἰτίαν
444 2173 573 2216 causum
588 2153 708 2228 iudicii,
727 2151 822 2213 αἴτιον
837 2159 933 2210 autem
945 2152 1024 2231 sacti
1037 2161 1154 2226 vocent,
1174 2151 1222 2211 alii

223 2236 324 2297 eadem
339 2239 366 2297 in
383 2240 558 2298 eontrarium
569 2245 691 2298 vertant.
716 2234 880 2295 latinorum
892 2235 1006 2313 quidam
1021 2233 1094 2293 haec
1105 2237 1220 2295 initium

222 2329 251 2380 st
273 2322 421 2383 rotimum
442 2330 636 2396 vocaverunt,
667 2319 780 2399 quidam
803 2326 956 2398 utrumque
980 2317 1084 2378 eodem
1108 2320 1220 2377 nomine

195 2403 378 2483 suppellant.
409 2402 504 2465 (lausa
522 2423 639 2485 quoque
655 2422 693 2463 ex
709 2419 812 2478 causa,
837 2400 928 2461 idest
948 2401 1043 2462 αἴτιον
1066 2399 1094 2476 ἐξ
1116 2402 1218 2476 αἰτίου,

220 2490 300 2548 nasci
320 2489 450 2564 videtur,
478 2489 564 2568 quale
588 2498 647 2549 est:
676 2484 797 2549 Occidit
817 2483 1074 2562 Aqomemuouem
1099 2484 1219 2564 Clytae-

220 2581 369 2649 mnestra,
388 2574 462 2650 quia
476 2574 527 2634 ille
540 2571 636 2650 tiliam
653 2588 838 2632 communem
854 2569 1064 2629 immolaverat
1078 2577 1106 2628 et
1121 2569 1219 2646 capti·

219 2673 289 2718 oum
302 2657 441 2735 pellicem
457 2657 643 2717 adducebat.
679 2651 768 2713 lideur
789 2658 904 2729 putant,
931 2658 960 2709 et
981 2650 1034 2708 sub
1055 2667 1109 2708 una
1131 2667 1217 2727 quae·

219 2740 315 2799 stione
331 2739 431 2818 plures
456 2757 523 2799 esse
540 2739 686 2811 rationes,
710 2743 741 2794 ut
758 2736 782 2793 si
799 2731 919 2793 Orestes
936 2740 965 2792 et
980 2731 1101 2792 alteram
1117 2732 1218 2791 allerat

220 2840 338 2884 causam
356 2823 455 2883 matris
470 2831 608 2895 necatae,
628 2819 710 2898 quod
730 2819 886 2896 responsis
900 2818 939 2878 eil
957 2816 1106 2896 impulsus
1112 2839 1126 2885 ;
1149 2823 1218 2895 quot

221 2915 316 2967 autem
332 2924 436 2967 causas
452 2904 578 2966 faciendi
593 2903 712 2963 totidem
727 2901 930 2978 iudicationes,
947 2919 1011 2962 uam
1029 2899 1147 2961 ethaeo
1165 2901 1219 2959 erit

193 2990 373 3066 liudloatlo,
390 2988 440 3050 An
456 2989 611 3068 responsis
624 3005 740 3066 parere
756 2987 917 3048 debuerit?
942 2985 1002 3046 Sed
1018 2993 1046 3045 et
1061 3001 1115 3044 una
1132 3001 1217 3043 causa

221 3072 321 3150 plures
341 3073 452 3134 habere
473 3075 659 3152 quaestiones
680 3080 708 3132 et
727 3071 918 3132 iudicationes
942 3071 988 3149 (ut
1006 3086 1062 3147 ego
1079 3068 1216 3146 arbitror)

221 3164 337 3233 potest,
366 3167 396 3217 ut
416 3159 444 3216 ln
466 3174 520 3234 eo,
545 3160 611 3237 qui,
634 3175 697 3217 cum
718 3156 878 3217 adulteram
902 3153 1112 3233 deprehensam
1139 3153 1217 3211 occi·

221 3237 328 3314 disset,
346 3240 521 3317 adulterum,
540 3244 587 3320 qui
604 3251 661 3302 tum
677 3241 837 3319 ellugerat,
855 3247 959 3318 postea
974 3240 1002 3296 in
1019 3237 1083 3297 loro
1100 3236 1215 3296 occidit.

223 3318 317 3382 (lausa
333 3324 407 3384 enim
423 3333 554 3400 estune,
578 3326 703 3387 adulter
721 3326 798 3404 fuit·
820 3322 1007 3403 quaestiones
1024 3330 1053 3381 et
1068 3319 1217 3380 iudicatio·

194 3413 288 3483 8nes,
311 3423 353 3467 uu
367 3408 419 3470 illo
441 3416 590 3488 tempore,
615 3428 656 3470 au
671 3409 723 3470 illo
742 3409 809 3471 loco
826 3406 947 3467 licuerit
965 3405 1128 3467 occidere?
1158 3402 1217 3462 Sed
