2566 4026
413 178 827 244 rusr.osnroe.mu.1,c.
1084 169 1123 229 29

114 340 237 421 patrium
252 353 309 416 pro
326 335 500 415 possessivo
517 334 620 395 dicitur
633 334 683 394 vel
701 344 811 396 contra.
834 333 906 396 Nam
920 336 1030 412 vitium,
1047 338 1166 415 quodue

115 426 144 486 lit
161 441 219 503 per
233 420 425 500 quantitatem
439 427 471 479 ut
483 438 626 498 acapnum
638 420 837 498 peculiolum,
859 429 942 483 eruut
959 421 1007 498 qui
1025 420 1123 483 soloe·

116 512 236 569 rismum
258 513 378 584 putent,
400 504 466 582 quia
485 519 540 581 pro
560 504 675 564 nomine
697 505 811 581 integro
834 506 959 582 positum
979 506 1016 564 sit
1034 504 1122 567 demi·

114 601 221 652 nutum.
245 589 313 666 ligo
329 587 439 663 dubito,
453 604 489 646 au
501 588 529 648 id
539 589 741 667 improprium
752 590 848 666 potius
864 588 1020 667 appellem,
1033 592 1121 668 signi-

115 677 252 736 ficatione
274 674 351 733 enim
373 672 503 740 deerrat;
529 672 697 733 soloecismi
720 688 810 750 porro
829 673 929 732 uitium
950 690 1008 732 non
1029 684 1075 733 est
1094 678 1123 735 in

114 778 205 821 seusu
221 758 276 819 sed
297 759 327 817 in
347 756 511 835 complexu.
548 755 580 816 ln
598 758 751 836 participio
775 774 829 834 per
849 774 942 834 genus
965 766 994 816 et
1014 767 1163 835 casum,4t

114 854 143 905 ut
165 846 196 904 in
215 841 381 917 vocabulo,
405 859 459 919 per
481 849 630 920 tempora,
654 850 684 900 ut
705 842 733 900 in
754 840 864 915 verbo,
888 858 1122 919 pernumerem,

114 938 145 988 ut
167 930 199 987 in
216 936 359 1004 utroque,
382 934 530 1003 peccatur.
569 925 731 985 Pronomen
752 942 870 1003 quoque
892 942 1002 1002 genus,
1027 944 1123 986 nume·

115 1031 195 1088 rum,
217 1029 303 1072 casus
317 1009 422 1085 habet,
442 1027 516 1087 quae
535 1011 628 1069 omnia
644 1010 787 1088 recipiunt
801 1007 963 1069 huiusmodi
983 1027 1122 1070 errorem.

115 1096 204 1156 Fiunt
221 1095 391 1155 soloecismi
407 1093 566 1171 etquidem
582 1094 696 1172 plurimi
711 1111 766 1172 per
779 1102 879 1172 partes
897 1094 1052 1163 orationis;
1072 1095 1124 1154 sed
1132 1101 1166 1156 48

114 1180 143 1241 id
166 1180 286 1240 tradere
309 1179 379 1238 satis
399 1194 457 1236 non
478 1186 540 1253 est,
560 1196 597 1237 ne
618 1178 657 1237 ita
680 1177 793 1237 demum
813 1178 912 1237 vitium
933 1195 1002 1237 esse
1025 1177 1125 1238 credat

116 1281 203 1342 puer,
227 1265 252 1323 si
273 1279 327 1341 pro
350 1261 416 1336 alia,
436 1271 559 1321 conatur
579 1262 648 1337 alia,
668 1270 699 1321 ut
714 1261 844 1336 verbum,
864 1260 913 1321 ubi
931 1278 1036 1322 nomen
1057 1280 1125 1322 esse

117 1347 271 1421 debuerit,
293 1345 343 1405 ucl
365 1343 548 1421 adverbium,
574 1345 623 1405 ubi
648 1362 824 1424 pronomen,
848 1353 877 1404 et
901 1346 1014 1407 similia.
1054 1344 1167 1407 Nomai

116 1441 195 1490 suut
206 1430 348 1510 quaedam
371 1438 514 1506 cognata,
538 1438 569 1488 ut
591 1430 703 1506 dicunt,
724 1429 753 1489 id
773 1439 819 1489 est
838 1430 968 1491 eiusdem
992 1432 1123 1508 generis,

115 1518 144 1575 in
166 1515 289 1594 quibus,
316 1515 364 1592 qui
380 1513 438 1573 alia
456 1515 557 1592 specie
581 1531 664 1592 quam
682 1523 800 1593 oportet
819 1523 930 1590 utetur,
956 1532 1014 1575 nou
1033 1517 1125 1575 minus

116 1617 204 1679 quam
223 1601 289 1677 ipso
309 1615 420 1675 genere
441 1606 603 1677 permutato
623 1597 786 1676 deliquerit.
822 1598 895 1659 Nam
915 1608 945 1659 ct
965 1618 1007 1661 aa
1027 1608 1056 1660 et
1072 1608 1167 1661 catto

117 1684 340 1744 coniunctiones
358 1690 439 1757 sunt,
459 1681 535 1742 male
550 1691 645 1743 tamen
662 1684 845 1759 interroges,
866 1685 916 1744 lu‘c
931 1691 986 1744 cat
1000 1685 1052 1746 itte
1066 1685 1125 1753 εἰη

117 1778 147 1828 et
168 1788 209 1830 ue
231 1785 267 1828 ac
283 1785 344 1829 ooo
361 1765 512 1834 adverbia;
535 1768 583 1844 qui
601 1775 696 1827 tamen
717 1766 793 1826 dicat
809 1784 864 1845 pro
883 1766 934 1826 illo
958 1787 999 1829 ne
1011 1769 1127 1848 feceris

116 1871 178 1915 non
198 1852 330 1930 feceris,
358 1851 386 1909 in
405 1851 481 1911 idem
501 1851 608 1911 incidat
628 1853 743 1925 vitium,
771 1851 837 1928 quia
859 1851 981 1911 alterum
999 1851 1126 1929 negandi

118 1945 165 1997 est
187 1936 312 1996 alterum
336 1934 461 1995 vetandi.
503 1933 567 1994 Hoc
595 1935 716 2013 amplius
736 1935 816 1996 intro
838 1943 867 1994 et
888 1936 971 1996 ictuc
993 1936 1052 1996 loci
1075 1936 1123 1996 ad-

116 2019 236 2095 verbia,
252 2038 288 2081 eo
300 2027 394 2079 tamen
408 2021 490 2079 ictus
506 2028 535 2078 et
549 2021 631 2079 intro
646 2038 713 2080 scm
727 2018 896 2078 soloecismi
913 2027 987 2079 sunt.
1015 2018 1125 2080 Eadem
1134 2027 1165 2080 51

99 2107 146 2165 .iu
169 2104 340 2165 diversitate
364 2104 579 2182 pronominum,
602 2104 851 2178 interiectionum,
875 2105 1124 2182 praepositionum

117 2188 266 2250 accidunt.
304 2186 358 2247 Est
377 2189 462 2246 etiarn
479 2187 672 2247 soloecismus
687 2189 716 2247 in
732 2189 864 2248 oratione
887 2188 1123 2268 comprehensio·

117 2275 163 2333 nis
183 2274 269 2333 unius
293 2272 474 2348 sequentium
494 2288 529 2331 ac
547 2272 676 2350 priorum
696 2273 772 2332 inter
793 2290 826 2332 se
844 2273 1052 2334 inconvenieus
1071 2290 1124 2352 po·

118 2359 200 2417 sitio.
243 2354 391 2428 Quaedam
409 2364 504 2415 tamen
526 2355 678 2416 etfaciam
697 2356 865 2416 soloecismi
885 2357 993 2418 habent
1015 2366 1045 2418 et
1067 2357 1168 2417 diuisa

117 2443 227 2501 vitiosa
243 2456 301 2499 uon
315 2448 454 2518 possunt,
477 2449 507 2499 ut
523 2442 684 2518 trupoedt’c
701 2439 844 2519 Thyestes
862 2449 891 2500 et
905 2442 972 2502 ludi
986 2440 1126 2503 Floralia

118 2543 155 2585 ac
174 2522 366 2604 Mcqalecia,
389 2541 550 2602 quanquam
568 2524 643 2584 lraec
665 2525 799 2602 sequenti
820 2532 952 2603 tempore
971 2524 1125 2584 intercide-

118 2618 186 2670 runt
207 2626 350 2687 uunquam
370 2607 454 2667 aliter
470 2625 486 2667 a
503 2608 652 2669 ueteribus
673 2607 759 2667 dicta.
792 2605 959 2668 Sotemasa
973 2609 1061 2684 igitur
1075 2623 1126 2666 no-

117 2692 316 2767 minabuntur,
332 2692 531 2770 frequentiora
548 2693 664 2773 quidem
679 2691 754 2771 apud
770 2699 874 2771 poetas
894 2691 946 2752 sed
962 2690 1125 2751 oratoribus

119 2795 241 2856 quoque
255 2776 408 2855 permissa.
433 2775 542 2836 Verum
556 2777 673 2837 schema
688 2776 752 2837 lere
768 2775 887 2836 habebit
900 2776 1025 2855 aliquam
1039 2777 1168 2838 ratio-53

119 2879 203 2937 nem,
222 2870 253 2920 ut
272 2859 441 2921 docebimus
457 2877 510 2936 eo,
532 2879 618 2939 quem
634 2860 721 2938 paulo
738 2871 804 2922 ante
825 2863 1026 2940 promisimus,
1046 2860 1124 2921 loco.

120 2946 181 3007 Sed
201 2946 260 3007 lroc
281 2961 416 3025 quoque,
446 2944 523 3024 quod
542 2947 667 3007 cedema
685 2955 823 3021 vocatur,
851 2946 875 3004 si
900 2945 935 3005 ab
955 2945 1053 3024 aliquo
1073 2962 1127 3025 per

119 3030 342 3109 imprudentiam
360 3030 467 3089 factum
486 3031 557 3106 erit,
580 3029 749 3090 soloecismi
770 3031 840 3090 vitio
862 3046 920 3088 nou
939 3030 1058 3090 carebit.
1093 3028 1168 3088 luta

121 3113 224 3175 eadem
243 3115 346 3193 specie
366 3113 501 3174 suntsed
521 3113 668 3174 schemate
688 3123 801 3189 carent,
822 3121 852 3172 ut
872 3115 1053 3192 supradixi,
1074 3131 1124 3173 uo·

118 3201 193 3260 mina
214 3198 366 3274 feminina,
389 3197 493 3275 quibus
513 3215 607 3258 mares
630 3207 763 3272 utuntur,
787 3206 816 3256 et
838 3199 993 3272 neutralia,
1020 3199 1124 3277 quibus

118 3283 254 3344 feminae.
284 3281 432 3342 Hactenus
448 3282 485 3342 de
500 3282 687 3343 soloecismo.
717 3282 820 3360 Neque
837 3284 911 3343 enim
927 3293 1016 3345 artem
1031 3301 1124 3360 gram·

117 3368 251 3429 maticam
268 3382 448 3446 componere
463 3368 598 3444 aggressi
612 3385 724 3442 sumus,
745 3366 798 3426 sed
814 3383 878 3427 curn
897 3369 925 3427 in
939 3369 1068 3429 ordinem
1084 3368 1124 3427 ia·

120 3459 269 3531 curreret,
292 3451 493 3511 inhonoratam
513 3451 635 3512 transire
655 3451 807 3511 noluimus.
