2566 4026
154 163 216 225 230
465 178 502 223 nr.
519 176 597 222 ssu.
616 175 835 236 ournrrnrsru

154 340 211 392 tam
235 331 273 390 sit
293 329 410 390 stultum
432 348 515 408 quam
538 331 568 390 in
590 331 779 392 clarissimum
799 332 892 392 solem
916 332 1037 393 mortale
1060 333 1157 394 lumen

154 415 271 474 inferre.

128 510 145 564 9
240 496 291 557 His
313 497 426 574 quidam
446 497 635 575 probationes
657 498 808 574 adiiciunt,
832 517 903 576 quas
919 491 1090 576 παθητικὰς
1105 518 1156 560 vo·

155 591 235 657 cant,
259 581 360 640 ductas
382 599 419 639 ex
442 580 666 642 affectibus.
712 582 809 660 Atque
832 583 1010 643 Aristoteles
1038 584 1156 661 quidem

154 666 384 745 potentissimum
403 673 484 742 putat
502 683 539 724 ex
559 682 612 741 eo,
635 667 683 745 qui
708 666 792 742 dicit,
824 669 853 726 si
875 669 923 726 sit
943 669 1001 726 vir
1022 667 1156 736 bonus;

156 750 233 828 quod
248 757 279 807 ut
295 749 432 827 optimum
450 758 511 808 est:
534 750 573 808 ita
597 749 685 827 longe
702 750 817 827 quidem
834 751 887 811 sed
902 753 1033 828 sequitur
1049 760 1156 829 tamen,

112 833 289 900 lovideri.
325 831 395 891 Inde
413 834 487 891 enim
502 832 553 892 illa
568 832 674 892 nobilis
689 834 791 893 Scauri
812 834 960 894 defensio:
986 832 1021 908 Q.
1044 833 1158 897 Varius

153 917 358 979 Sucronensis
378 918 423 976 ait
436 913 596 978 Aemiliam
615 916 770 978 Scaurum
791 920 1031 996 rempublicam
1049 921 1159 998 populi

153 1002 284 1062 Romani
303 999 480 1079 prodidisse
486 1024 499 1069 ;
520 997 668 1062 Aemilios
689 1000 831 1062 Scauros
850 1010 951 1080 nepot.
992 1001 1045 1061 Gai
1061 1003 1156 1063 simile

154 1084 288 1165 quiddam
308 1085 417 1144 fecisse
438 1082 599 1161 Iphicrates
617 1086 736 1160 dicitnr,
761 1087 809 1163 qui
826 1104 889 1144 cum
904 1085 1155 1163 Aristophontem,

155 1186 212 1248 quo
231 1177 387 1228 accusante
400 1167 500 1227 similis
518 1170 642 1227 criminis
660 1186 727 1228 reus
744 1178 815 1244 erat,
832 1172 1061 1247 interrogasset,
1079 1188 1115 1229 an
1130 1171 1156 1228 is

154 1262 277 1331 accepta
298 1253 420 1331 pecunia
440 1269 503 1311 rem
534 1251 678 1330 publicam
703 1252 868 1330 proditurus
896 1262 991 1321 esset;
1022 1255 1107 1331 isque
1128 1254 1158 1314 id

112 1346 306 1414 llnegasset:
330 1334 419 1409 Quod
436 1337 526 1413 dicis,
542 1337 649 1413 inquit,
666 1345 694 1397 te
710 1338 906 1415 confecisse,
923 1356 978 1415 epo
990 1338 1080 1415 feci?
1112 1336 1157 1396 ln·

155 1421 291 1481 tuendum
306 1430 401 1481 autem
417 1429 463 1495 et,
483 1420 531 1498 qui
545 1421 596 1494 sit,
619 1419 694 1497 apud
713 1438 798 1498 quem
813 1420 951 1495 dicimus,
973 1429 1003 1479 et
1016 1420 1060 1495 id,
1078 1419 1158 1499 quod

154 1505 195 1565 illi
211 1505 332 1563 maxime
347 1503 501 1582 probabile
517 1503 664 1578 videatur,
688 1504 905 1581 requirendum;
929 1521 985 1580 qua
1006 1504 1042 1563 de
1057 1522 1090 1562 re
1113 1504 1156 1563 lo-

115 1600 146 1651 12
155 1589 212 1648 cuti
235 1606 331 1646 sumus
352 1596 381 1646 et
402 1589 542 1665 prooemii
566 1595 596 1645 et
620 1588 769 1646 suasoriae
788 1590 966 1665 praeceptis.
997 1587 1099 1648 Altera
1119 1601 1157 1647 ex

155 1671 417 1733 affirmatione
442 1669 575 1748 probatio
595 1679 656 1730 est:
678 1668 744 1748 Epo
759 1672 815 1731 boc
828 1671 911 1749 feci,·
940 1669 984 1730 Tc
1005 1672 1079 1731 mibi
1099 1672 1158 1732 boo

156 1756 280 1824 dicisti;
301 1763 329 1812 et
355 1751 519 1832 Ofccincs
540 1755 717 1831 indipnom!
738 1763 768 1812 et
789 1754 906 1821 similia;
929 1771 1004 1833 quae
1025 1771 1083 1812 non
1107 1754 1155 1814 de·

154 1839 224 1898 bent
240 1838 354 1917 quidem
369 1837 475 1897 deesse
493 1839 615 1897 orationi
638 1847 684 1912 et,
710 1838 734 1895 si
750 1838 870 1912 desunt,
893 1838 1011 1897 multum
1033 1846 1156 1904 nocent,

154 1939 212 1982 non
227 1931 321 1982 tamen
336 1920 467 1980 habenda
483 1931 548 1980 sunt
569 1923 643 1981 inter
657 1939 759 1998 magna
775 1921 937 1999 praesidia,
960 1939 1023 1980 cnm
1045 1922 1103 1981 hoc
1128 1922 1157 1979 in

114 2005 254 2074 13eadem
276 2023 362 2066 causa
384 2005 446 2064 lieri
468 2023 505 2064 ex
530 2013 651 2083 utraque
679 2014 761 2082 parte
788 2003 920 2064 similiter
942 2007 1045 2083 possit.
1081 2004 1156 2064 Illae

154 2091 298 2150 firmiores
314 2107 352 2148 ex
369 2106 421 2148 sua
442 2090 546 2166 cuique
562 2105 688 2166 persona
707 2088 914 2166 probationes,
938 2107 1013 2167 quae
1031 2087 1157 2147 credibi-

154 2174 213 2233 lem
229 2174 370 2234 rationem
385 2171 545 2232 subiectam
560 2172 698 2232 babeant:
719 2181 751 2231 nt
774 2171 941 2231 uulneratus
963 2180 1011 2232 aut
1026 2170 1086 2230 filio
1108 2187 1155 2229 or·

154 2257 237 2317 batus
253 2274 310 2316 non
325 2256 413 2315 fuerit
429 2255 514 2316 alium
530 2254 715 2316 accusaturus
735 2272 821 2333 quam
834 2264 1004 2330 nocentem,
1028 2254 1154 2331 quando,

154 2343 179 2401 si
194 2343 343 2418 negotium
359 2341 506 2400 innocenti
524 2340 603 2415 facit,
621 2339 725 2399 liberet
742 2357 806 2398 eum
824 2357 910 2414 noxa,
929 2341 977 2416 qui
996 2337 1155 2398 admiserit.

153 2425 226 2485 Hinc
249 2435 277 2484 et
301 2433 400 2503 patres
423 2424 563 2485 adversus
584 2423 694 2483 liberos
719 2432 748 2482 et
770 2422 910 2483 adversus
935 2439 1004 2480 suos
1032 2423 1155 2499 quisque

153 2510 339 2570 necessarios
356 2509 557 2569 auctoritatem
572 2516 681 2586 petunt.

115 2605 146 2659 14
241 2592 410 2666 Quaesitum
432 2592 533 2666 etiam,
556 2591 755 2668 potentissima
776 2599 942 2667 argumenta
958 2590 1089 2666 primone
1104 2604 1156 2664 po·

154 2677 249 2737 nenda
266 2679 322 2736 sint
339 2675 418 2749 loco,
434 2683 466 2733 ut
483 2683 628 2752 occupent
644 2674 769 2749 animos,
788 2691 824 2731 an
840 2690 969 2745 summo,
985 2680 1017 2730 ut
1032 2670 1098 2729 inde
1116 2670 1156 2729 di·

153 2762 279 2836 mittant,
302 2777 338 2819 an
356 2759 460 2836 partita
482 2759 573 2835 primo
589 2774 774 2835 summoque,
798 2755 875 2834 quod
890 2755 1044 2815 Homerica
1058 2753 1156 2832 dispo·

154 2847 259 2905 sitione
279 2845 308 2902 in
330 2841 426 2902 medio
449 2841 504 2899 sint
526 2840 651 2915 infirma,
680 2849 710 2899 ut
736 2840 834 2898 animis
865 2835 1018 2898 crescant?
1063 2836 1156 2913 Quae,

153 2928 330 3007 prostratio
347 2941 454 2985 causae
470 2925 610 3002 cuiusque
632 2922 809 3002 postulabit,
838 2921 1060 2996 ordinabuntur,
1087 2937 1155 2996 uno,

153 3021 185 3071 ut
203 3028 260 3089 ego
280 3026 407 3085 censeo,
421 3017 565 3086 excepto,
581 3026 617 3068 ne
635 3027 652 3068 a
667 3007 876 3086 potentissimis
892 3005 928 3065 ad
944 3005 1090 3065 levissima
1107 3003 1153 3063 de·

156 3103 271 3156 crescat
286 3094 389 3154 oratio.

113 3192 146 3244 lo
237 3178 303 3256 Ego
325 3177 399 3238 baec
424 3175 555 3236 breviter
576 3176 792 3236 demonstrasse
819 3179 972 3232 contentus
995 3172 1034 3230 ita
1060 3171 1157 3248 posui,

155 3270 185 3320 nt
206 3260 290 3322 locos
310 3263 392 3340 ipsos
417 3270 446 3320 et
466 3277 577 3338 genera
605 3276 689 3337 quam
715 3273 833 3335 possem
854 3255 1036 3333 apertissime
1059 3262 1156 3312 osten·

155 3344 264 3404 derem.
296 3344 418 3418 Quidam
434 3345 552 3404 executi
569 3351 634 3401 sunt
651 3340 815 3414 verbosius,
833 3337 936 3416 quibus
950 3338 1070 3416 placuit,
1088 3353 1155 3415 pro·

155 3429 251 3507 posita
267 3428 399 3489 locorum
420 3427 608 3489 communium
626 3425 755 3500 materia,
777 3438 834 3502 quo
850 3439 985 3501 quaeque
1002 3440 1051 3481 res
1068 3420 1155 3480 modo
