2566 4026
405 165 841 235 rasa.onaa01t.urs.va,e.
1061 157 1122 221 265

114 324 217 402 gonrit
232 331 262 382 et
277 302 433 383 tbstimoaii
449 322 517 383 loco
532 324 647 403 posuit;
663 332 705 400 ut,
723 341 780 402 quo
796 332 861 383 sunt
875 324 968 401 magis
979 325 1122 404 vulgaria,

116 422 156 467 eo
170 407 209 468 sit
224 405 413 482 credibilius,
434 406 484 467 illa
499 407 535 467 ab
553 416 670 469 oratore
693 425 752 467 non
772 408 839 468 licta
862 409 915 469 sed
930 410 1037 487 passim
1054 428 1122 471 esse

115 492 234 553 iactata.
263 489 435 569 Utinamque
454 491 575 551 libertus
591 493 653 552 eius
666 491 734 552 'liro
751 501 798 552 aut
813 492 897 567 alius,
917 493 1046 571 quisquis
1057 495 1150 572 luit,5

116 575 166 654 qui
180 574 234 635 tris
249 574 304 635 hac
319 574 401 636 dere
419 573 509 635 libros
527 577 630 651 edidit,
655 577 770 654 parcius
788 578 930 637 dictorum
945 594 1062 636 numero
1079 580 1120 637 in·

116 656 276 719 dulsissent
297 667 327 718 et
346 657 412 737 plus
433 659 530 719 iudicii
553 661 582 718 in
602 659 745 737 eligendis
767 677 852 737 quam
875 661 904 719 ia
926 661 1121 737 congerendis

116 740 205 803 studii
221 741 433 803 adhibuissent:
453 745 544 804 minuas
561 743 694 804 obiectus
709 741 945 803 calumniantibus
962 743 1055 813 foret;
1074 747 1122 823 qui

115 833 213 886 tamen
227 844 303 886 nunc
321 842 453 904 quoque,
472 837 502 887 ut
516 829 545 887 in
562 829 636 887 omni
653 830 715 887 eius
731 828 865 904 ingenio,
888 827 1020 904 facilius,
1045 828 1122 907 quod

114 910 200 971 reiici
216 927 301 989 quarn
317 910 394 988 quod
409 911 494 971 adiici
509 913 620 991 possit,
640 913 796 971 invenient.
827 911 921 971 Ad'ert
935 920 1029 971 autem
1047 924 1151 980 sum-6

115 1010 189 1054 marn
209 995 253 1053 rei
276 993 473 1055 difficultatem
497 998 634 1074 primum,
657 995 735 1074 quod
758 994 909 1054 ridiculum
929 995 1035 1055 dictum
1058 996 1121 1074 ple·

114 1095 238 1156 rumque
255 1077 359 1139 falsum
374 1087 435 1155 est,
451 1079 509 1138 boc
524 1097 658 1158 semper,
680 1078 801 1148 humile;
824 1096 915 1156 saepe
932 1097 969 1138 cx
983 1080 1122 1140 industria

115 1162 320 1241 depravatum,
337 1171 492 1241 praeterea
514 1181 657 1241 nunquam
672 1163 878 1231 honorificum
900 1171 958 1222 tum
974 1165 1055 1223 varia
1069 1163 1121 1222 bo·

115 1248 220 1306 minum
235 1246 340 1307 iudicia
355 1248 385 1306 in
402 1263 450 1323 eo,
467 1248 545 1327 quod
561 1264 618 1306 non
633 1248 745 1307 ratione
758 1246 854 1324 aliqua
870 1246 923 1306 sed
941 1255 1019 1304 motu
1036 1248 1120 1305 animi

116 1330 242 1410 quodam
260 1332 362 1391 nescio
378 1349 414 1391 an
432 1330 586 1392 enarrabili
601 1332 753 1391 iudicatur.
791 1329 896 1408 Neque
919 1329 1150 1398 enimabu1107

115 1416 187 1475 satis
200 1414 342 1493 explicari
356 1425 439 1493 puto,
462 1416 532 1475 licet
549 1415 628 1475 multi
644 1416 857 1493 temptaverint,
872 1413 948 1473 unde
966 1414 1052 1487 risus,
1072 1415 1120 1491 qui

114 1516 174 1559 non
192 1498 287 1559 solum
302 1499 380 1559 facto
403 1501 500 1577 aliquo
523 1500 639 1560 dictove
660 1501 712 1559 sed
732 1500 874 1560 interdum
897 1497 1019 1576 quodam
1035 1499 1121 1556 etiam

116 1585 251 1663 corporis
275 1592 367 1644 tractu
389 1583 552 1644 lacessitur.
594 1583 750 1644 Praeterea
770 1600 827 1643 non
846 1601 902 1642 uua
924 1583 1037 1642 ratione
1060 1598 1120 1641 mo·

113 1669 178 1728 reri
195 1665 292 1744 solet,
314 1686 409 1746 neque
435 1670 509 1729 enim
530 1677 614 1728 acute
635 1677 742 1728 tanturn
757 1686 793 1729 ac
808 1675 932 1727 venuste
952 1665 1005 1725 sed
1020 1665 1120 1741 stulte,

114 1752 264 1827 iracunde,
280 1753 378 1813 timide
394 1752 469 1813 dicta
482 1762 529 1812 aut
545 1753 621 1812 facta
632 1753 775 1820 ridentum
791 1753 919 1829 ideoque
932 1767 1041 1828 auceps
1058 1751 1121 1808 eius

114 1837 158 1895 rei
172 1837 247 1896 ratio
266 1844 327 1911 est,
350 1837 462 1913 quoda
484 1837 580 1897 derisu
601 1854 658 1896 non
683 1835 787 1916 procul
809 1835 892 1896 abest
908 1836 994 1894 risus.
1023 1830 1150 1895 Habete

115 1921 208 1996 eninr,
231 1927 263 1978 ut
279 1916 384 1979 cicero
406 1920 489 1996 dicit,
509 1922 613 1982 sedem
629 1923 663 1982 irs
678 1921 870 2000 deformitate
885 1919 992 1997 aliquo
1009 1925 1037 1978 et
1058 1926 1120 1978 tur·

111 2004 270 2083 citudine,
295 2021 369 2080 quae
392 2023 455 2064 cum
474 2006 503 2063 iu
523 2005 585 2065 aliis
602 2006 851 2080 demonstrantur,
872 2003 1032 2069 urbanitas;
1056 2018 1119 2060 cum

113 2090 141 2147 in
155 2088 240 2166 ipsos
256 2088 387 2147 diceutes
403 2088 551 2164 recidunt,
568 2089 685 2149 stultitia
700 2098 831 2149 vocatur.
1192 2098 1194 2102 “

201 2168 272 2230 Cum
290 2172 422 2231 videatur
441 2181 535 2232 autem
556 2191 604 2231 res
631 2173 706 2232 levis
729 2182 758 2231 et
783 2189 858 2249 quae
877 2172 912 2231 ab
928 2170 1047 2245 scurris,
1069 2171 1119 2229 mi·

112 2257 186 2330 mis,
214 2256 414 2333 insipientibus
444 2257 568 2333 denique
596 2274 687 2333 saepe
716 2265 882 2315 moveatur:
910 2265 1006 2315 tamen
1032 2253 1120 2314 habet

112 2340 181 2399 vim
196 2341 298 2398 nescio
315 2358 351 2399 aa
366 2341 640 2418 imperiosissimam,
659 2349 688 2398 et
700 2342 745 2398 cui
758 2340 914 2415 repugnari
925 2339 1040 2396 minime
1055 2345 1118 2413 pot-

114 2431 170 2483 est.
201 2421 332 2502 Erumpit
349 2427 432 2483 etiam
452 2426 555 2482 invitus
572 2440 680 2500 saepe,
700 2441 756 2482 nec
769 2422 865 2481 vultus
882 2420 968 2481 modo
985 2438 1019 2479 ac
1032 2421 1148 2481 vocisli

114 2508 250 2585 exprimit
276 2509 490 2567 confessionem
515 2507 567 2566 sed
593 2516 683 2567 totum
713 2524 820 2585 corpus
849 2507 878 2565 vi
903 2523 954 2564 sua
982 2505 1119 2564 concutit.

112 2590 222 2651 Rerum
253 2599 347 2650 autem
375 2610 464 2670 saepe
490 2591 535 2670 (ut
551 2591 624 2671 dixi)
647 2593 831 2651 maximarum
857 2597 1000 2650 momenta
1022 2589 1119 2660 vertit,

112 2683 146 2734 ut
170 2692 235 2734 cum
253 2675 347 2734 odium
367 2677 495 2753 iramque
516 2675 751 2751 frequentissime
777 2675 901 2750 frangat.
937 2672 1119 2730 Documento
1128 2677 1162 2729 10

114 2765 180 2817 sunt
200 2759 320 2817 iuvenes
344 2758 507 2833 Tarentini,
530 2761 578 2835 qui
601 2759 688 2818 multa
710 2760 746 2819 de
767 2775 840 2833 rege
855 2754 965 2831 Pyrrho
988 2754 1119 2813 securius

114 2843 190 2900 inter
212 2857 334 2901 coenam
354 2842 459 2916 locuti,
483 2861 546 2901 cum
570 2845 709 2902 rationem
730 2842 799 2901 facti
823 2846 1066 2918 reposcerentur,
1091 2846 1121 2896 et

113 2942 211 3002 neque
229 2928 331 3002 negari
348 2944 396 2985 res
411 2943 507 3003 neque
532 2926 648 2986 delendi
665 2935 782 3004 posset:
806 2925 865 2983 risu
887 2931 952 2983 suut
968 2931 997 2981 et
1012 2936 1119 2998 oppor-

114 3018 184 3068 tuno
207 3011 274 3069 ioco
297 3009 399 3088 elapsi.
435 3008 565 3088 Namque
580 3028 652 3069 unus
669 3029 706 3070 ex
721 3012 772 3086 iis,
794 3007 907 3084 Imma,
929 3007 1039 3084 inquit,
1061 3004 1121 3064 nisi

114 3093 229 3172 luperca
250 3094 428 3172 defecisset,
453 3094 672 3156 occidissemus
693 3102 740 3165 te‚·
761 3111 855 3171 eaque
878 3092 1039 3151 urbanitate
1059 3096 1120 3148 tota

116 3185 161 3236 est
176 3177 282 3237 invidia
298 3179 423 3236 criminis
442 3177 591 3237 dissoluta.

198 3260 307 3321 Verum
328 3261 400 3336 hoc,
426 3262 564 3340 quidquid
577 3271 637 3337 est,
660 3270 691 3320 ut
713 3277 771 3320 non
797 3261 886 3320 ausim
901 3261 1001 3320 dicere
1019 3267 1157 3321 carerell

116 3347 230 3406 omnino
248 3354 327 3417 arte,
346 3347 412 3423 quia
428 3347 593 3405 nonnullam
617 3345 849 3405 observationem
870 3344 974 3418 babet,
996 3352 1119 3420 suntque

116 3429 197 3490 adid
216 3430 389 3508 pertinentia
414 3438 442 3489 et
466 3446 483 3488 a
510 3427 629 3488 Graecis
652 3439 681 3489 ει
703 3447 718 3488 a
735 3427 841 3488 Latinis
859 3428 1018 3507 composita
1033 3443 1118 3505 prae-
