2566 4026
366 151 455 199 rnen.
469 151 800 218 onnuoa.n1a.1v,1.
1027 140 1084 203 161

81 315 130 370 est
146 305 274 367 diflicilia
296 305 378 366 buius
394 304 438 365 rei
454 304 633 380 moderatio,
656 321 731 382 quae
752 313 849 365 tamen
868 308 1025 385 temperari
1045 309 1086 368 ita

83 399 200 471 potest,
225 397 256 447 ut
275 389 424 449 videamur
446 395 582 448 accurate
597 403 655 446 non
671 386 776 447 callide
792 389 902 449 dicere.
939 387 985 449 Ex
1000 408 1084 469 prae·

84 475 179 553 ceptis
193 471 342 532 veteribus
358 479 468 547 manet,
491 489 527 530 ne
544 470 622 549 quod
639 469 770 530 insolens
785 471 922 548 verbum,
945 491 982 532 ne
998 474 1084 534 auda·

84 560 147 618 ciue
162 555 346 632 translatum,
369 573 407 614 ne
429 563 476 615 aut
492 553 527 614 ab
546 553 680 614 obsoleta
696 563 842 615 vetustate
856 564 905 615 aut
919 558 1037 634 poetica
1052 556 1084 616 li·

84 642 180 701 centia
195 647 339 717 sumptum
355 640 383 697 in
400 638 542 717 principio
566 636 822 715 deprehendatur.
857 636 990 698 Nondum
1012 641 1128 708 enimse

87 723 202 802 recepti
222 740 336 799 sumus,
361 731 390 782 et
412 720 538 781 custodit
559 736 613 779 nos
635 738 740 780 recens
759 721 934 781 audientium
948 723 1084 790 intentio;

81 808 176 885 magis
192 806 353 866 conciliatis
370 806 469 865 animis
486 813 515 864 et
531 804 587 863 ianr
603 803 764 864 calentibus
779 804 855 864 haec
871 804 992 865 libertas
1007 804 1084 864 fere·

83 901 138 966 tur,
158 890 340 969 maximeque
357 907 421 948 cam
435 889 464 947 in
479 888 563 948 locos
582 887 719 947 fuerimus
735 888 877 965 ingressi,
901 905 1021 968 quorum
1036 905 1085 949 na-

84 973 184 1035 turalis
208 973 327 1033 ubertas
351 972 497 1032 licentiam
517 969 600 1030 verbi
615 972 709 1031 notari
726 971 900 1031 circumfuso
916 973 1012 1032 nitore
1027 989 1085 1032 non

85 1059 200 1139 patitur.
239 1055 303 1116 Nec
324 1057 500 1133 argumentis
522 1064 617 1114 autem
634 1072 690 1114 nec
712 1054 786 1114 locis
806 1073 862 1116 nec
876 1056 1032 1115 narrationi
1047 1056 1128 1124 sino

84 1141 158 1201 milis
176 1158 248 1200 esse
269 1141 297 1199 in
319 1140 471 1217 prooemio
498 1136 586 1199 debet
601 1139 712 1214 oratio,
734 1156 830 1216 neque
851 1147 946 1199 tamen
962 1139 1086 1199 deducta

84 1242 201 1302 semper
217 1232 305 1303 atque
330 1222 497 1283 circumlata
519 1221 572 1281 sed
592 1239 684 1299 saepe
707 1221 831 1299 simplici
846 1231 934 1301 atque
949 1221 1085 1283 illabora-

83 1319 130 1369 tae
145 1307 263 1382 similis,
285 1325 342 1367 nec
362 1306 460 1367 verbis
476 1305 615 1384 vultuque
630 1305 715 1364 nimia
733 1306 913 1382 promittens.
946 1305 1085 1366 Dissimu-

83 1393 140 1453 lata
156 1391 232 1450 enim
248 1400 288 1467 et,
304 1399 335 1450 ut
351 1389 454 1451 Graeci
467 1389 574 1463 dicunt,
592 1380 771 1463 ἆνεπίφατος
787 1390 863 1448 actio
878 1389 981 1449 melius
994 1406 1086 1468 saepe

85 1476 221 1552 surrepit.
255 1474 315 1534 Sed
331 1474 406 1535 haec
421 1481 508 1552 prout
524 1473 641 1532 formari
657 1472 777 1531 animum
794 1473 919 1533 iudicum
937 1473 1084 1551 expediet.

84 1557 206 1618 'lurbari
228 1559 368 1618 memoria
388 1557 437 1617 vel
466 1554 648 1617 continuandi
679 1554 771 1616 verba
800 1556 939 1617 facultate
969 1557 1127 1618 destituidl

83 1659 224 1721 nusquam
239 1642 367 1720 turpius,
390 1659 454 1701 cum
476 1641 612 1700 vitiosum
628 1640 808 1717 prooemium
828 1641 922 1718 possit
936 1640 1028 1700 videri
1046 1641 1086 1699 ci-

72 1728 228 1786 ·oatricosa
245 1725 353 1802 facies,
377 1733 406 1784 et
427 1725 570 1803 pessimus
594 1732 676 1782 certe
691 1723 885 1800 gubernator,
908 1725 958 1803 qni
972 1741 1085 1799 navem,

84 1811 149 1870 dum
164 1817 251 1887 portu
274 1809 438 1885 egreditur,
462 1809 592 1886 impegit.
629 1799 732 1867 flodus
756 1808 889 1886 principii
909 1824 963 1885 pro
987 1814 1129 1870 causabt

84 1892 155 1952 Nam
171 1891 289 1952 brevius
305 1892 469 1970 simplices,
494 1891 608 1969 longius
631 1890 794 1968 perplexae
817 1899 1033 1969 suspectaeque
1058 1898 1086 1948 et

85 1975 207 2036 infames
224 1975 398 2037 desiderant.
439 1973 563 2036 Ridendi
585 1991 676 2050 vero,
699 1975 748 2052 qui
770 1974 851 2034 velut
865 1974 964 2051 legem
979 1989 1086 2053 prooe-

84 2061 146 2119 miis
164 2059 295 2119 omnibus
313 2059 468 2135 dederunt,
492 2067 523 2118 ut
537 2060 611 2119 intra
627 2066 763 2137 quattuor
781 2076 885 2118 sensus
901 2058 1086 2118 terminaren-

85 2152 140 2202 tur.
175 2141 239 2203 Nec
260 2144 351 2201 minus
376 2144 511 2204 evitanda
533 2151 578 2202 est
600 2142 754 2201 immodica
775 2144 837 2201 eins
857 2142 1026 2220 longitudo,
1048 2159 1086 2201 ne

85 2228 113 2284 in
131 2235 219 2304 caput
236 2228 405 2287 excrevisse
417 2226 566 2302 videatur,
592 2234 621 2284 et
645 2241 702 2303 quo
718 2243 896 2304 praeparare
919 2225 1008 2287 debet
1023 2225 1087 2285 fati·

85 2319 144 2387 get.
177 2311 347 2370 Sermonem
363 2328 379 2370 a
395 2326 521 2389 persona
538 2308 640 2367 iudicis
656 2325 807 2384 aversum,
824 2326 899 2388 quae
915 2298 1130 2388 daoospoolqot
1195 2378 1199 2385 ,

86 2394 207 2468 dicitnr,
234 2393 347 2473 quidam
368 2395 397 2453 in
417 2401 508 2453 totum
528 2392 712 2470 aprooemio
733 2401 929 2467 summovent,
950 2390 1087 2452 nonnulla
1111 2434 1116 2441 .

86 2477 202 2555 quidem
225 2479 253 2536 in
274 2477 348 2538 hanc
365 2477 585 2555 persuasionem
609 2475 720 2533 ratione
738 2474 826 2534 ducti.
872 2473 945 2534 Nam
966 2490 1087 2552 prorsus

87 2561 230 2620 essehoc
255 2562 346 2637 magis
366 2560 523 2621 secundum
539 2567 668 2620 naturam
691 2557 884 2617 confitendum
900 2566 960 2633 est,
985 2565 1016 2616 ut
1034 2572 1086 2616 eos

86 2642 268 2721 alloquamur
294 2644 490 2722 potissimum,
517 2660 590 2722 quos
628 2641 786 2702 conciliare
812 2640 896 2701 nobis
928 2641 1085 2700 studemus.

85 2726 202 2786 Interim
217 2736 311 2787 tamen
326 2736 356 2786 et
372 2737 417 2787 est
432 2728 584 2807 prooemio
599 2726 785 2785 necessarius
805 2742 908 2785 sensus
927 2724 1041 2803 aliquis,
1059 2730 1130 2786 etot

86 2810 134 2869 bic
155 2811 252 2870 acrior
277 2811 307 2870 lit
330 2820 417 2890 atque
431 2811 632 2871 vehementior
648 2809 683 2870 ad
698 2825 854 2888 personam
870 2809 998 2869 directus
1014 2807 1085 2867 alte·

86 2894 154 2952 rius.
194 2892 278 2967 Quod
296 2896 321 2953 si
338 2894 466 2970 accidat,
491 2911 548 2974 quo
572 2895 635 2953 iure
652 2902 699 2952 aut
716 2911 772 2972 qua
787 2902 865 2954 tanta
880 2892 1087 2971 superstitione

86 2977 271 3055 prohibemur
288 2979 357 3040 dare
380 2977 523 3056 perhanc
540 2978 660 3055 figuram
676 2979 838 3039 sententiae
852 2974 952 3037 vires?
984 2974 1088 3053 Neque
1096 2983 1129 3038 65

88 3062 162 3119 enim
177 3062 253 3122 istud
269 3063 429 3141 scriptores
444 3062 573 3136 Artium,
597 3062 736 3140 quianon
753 3061 859 3138 liceat,
878 3061 931 3120 sed
947 3060 1088 3139 quianon

89 3153 189 3221 putent
204 3145 291 3220 utile,
316 3154 425 3206 vetant.
462 3144 504 3205 Ita
522 3146 546 3204 si
561 3144 659 3205 vincet
674 3146 798 3223 utilitas,
820 3154 941 3224 propter
965 3142 1087 3204 eandem

89 3245 203 3289 causam
218 3228 318 3289 facere
334 3228 520 3305 debebimus,
543 3238 664 3308 propter
686 3246 770 3307 quam
792 3239 931 3289 vetamur.
969 3225 1007 3287 Et
1027 3226 1130 3289 Dedo

86 3312 253 3372 mosthenes
269 3321 363 3373 autem
380 3313 415 3372 ad
431 3311 598 3372 Aeschinen
619 3313 778 3372 orationem
799 3313 828 3371 in
844 3312 995 3391 prooemio
1019 3326 1086 3370 oon·

90 3396 191 3473 vertit,
215 3404 244 3456 et
258 3395 296 3457 ll.
314 3394 441 3472 Tullius,
465 3413 528 3455 cum
550 3412 603 3474 pro
626 3395 689 3455 aliis
708 3394 893 3473 quibusdam,
919 3394 953 3454 ad
969 3391 1087 3473 quossi

130 3499 159 3538 n.
169 3500 192 3537 s.
206 3498 319 3548 purusne.
883 3477 919 3537 11
