2566 4026
214 183 276 245 232
550 193 911 254 n.rsn.on1nr1n1um

214 351 334 429 privatis
354 351 466 410 modus.
501 349 546 409 De
563 350 693 428 partibus
711 366 817 409 causae
835 358 865 409 et
882 349 1035 409 sententiis
1052 349 1237 434 verbisque,

215 452 291 515 quae
308 442 373 493 sunt
390 434 573 513 multiplicia,
591 433 720 512 pluribus
738 433 900 493 dicendum.

159 533 209 589 154
299 517 367 578 Tria
383 527 478 578 autem
494 527 645 596 praestare
661 517 751 578 debet
765 517 972 595 pronuntiatio:
990 519 1150 595 conciliet,
1168 535 1236 599 per-

215 602 352 676 suadeat,
379 609 513 678 moveat,
538 601 643 680 quibus
667 610 767 661 natura
793 600 948 676 cohaeret,
971 602 1060 662 etiam
1085 603 1235 665 delectet.

216 682 389 746 conciliatio
406 685 471 746 iere
487 694 535 745 aut
552 684 802 745 commendatione
817 701 942 760 morum,
966 687 1014 762 qui
1029 688 1143 747 nescio
1161 706 1235 767 quo·

214 768 302 829 modo
321 786 359 828 ex
375 786 450 829 voce
473 771 559 831 etiam
576 778 663 848 atque
684 769 799 828 actione
823 768 987 846 pelluoent,
1012 778 1061 829 aut
1085 774 1235 832 orationis

216 853 358 913 suavitate
374 861 501 920 constat;
520 852 716 931 persuadendi
731 853 776 910 vis
793 851 996 928 affirmatione,
1015 872 1094 932 quae
1114 857 1235 916 interim

156 937 282 1015 156plus
299 936 373 1015 ipsis
397 935 619 1016 probationibus
642 936 731 996 valet.
760 931 811 996 Ae
834 938 912 1011 istc,
936 936 1026 1015 inquit
1045 935 1169 999 Calidio
1187 938 1234 1000 ct·

216 1037 304 1096 cero,
321 1022 439 1082 sivero
454 1028 569 1098 essent,
587 1021 634 1082 sic
650 1037 671 1080 a
685 1028 713 1081 te
728 1020 928 1082 dicerentur?
954 1029 1001 1096 et,
1023 1019 1165 1084 Tantum
1180 1026 1234 1085 ab·

215 1110 276 1183 est,
297 1111 332 1165 ut
344 1101 555 1183 inflammares
570 1111 690 1166 nostros
708 1105 844 1176 animoa·
862 1122 999 1166 somnum
1013 1107 1073 1166 isto
1087 1106 1163 1168 loco
1179 1109 1235 1168 cic

215 1187 401 1250 tenebamus.
434 1187 553 1248 Fiducia
570 1190 658 1265 igitur
672 1196 814 1267 appareat
836 1197 865 1247 et
881 1189 1060 1264 constantia,
1083 1191 1192 1268 utique
1210 1192 1235 1251 si

157 1272 373 1332 retractemus
389 1271 500 1332 subest.
533 1270 669 1333 Movendi
692 1280 787 1332 autem
803 1272 876 1332 ratio
893 1280 940 1333 aut
954 1273 983 1330 in
996 1284 1234 1349 repraesentan-

216 1355 261 1415 dis
279 1363 325 1414 est
342 1365 390 1415 aut
411 1356 553 1417 imitandis
570 1355 732 1416 affectibus.
768 1353 848 1432 Ergo
873 1374 937 1415 cum
952 1355 1041 1415 iudex
1057 1357 1087 1414 in
1104 1360 1234 1435 privatis

215 1448 264 1499 aut
283 1455 393 1517 praeco
416 1440 444 1497 in
465 1439 590 1517 publicis
611 1441 711 1500 dicere
737 1438 774 1498 de
797 1457 885 1500 causa
900 1440 1031 1498 iusserit:
1055 1440 1170 1501 leniter
1186 1450 1233 1502 est

216 1522 463 1599 consurgendum
479 1532 538 1583 tum
553 1524 582 1583 in
598 1521 798 1602 componenda
810 1531 880 1600 toga
893 1522 954 1598 vel,
971 1523 995 1581 si
1010 1540 1145 1584 necesse
1164 1527 1232 1602 erit,

216 1608 302 1666 etiam
320 1624 358 1665 ex
379 1606 493 1682 integro
511 1607 680 1682 iniicienda,
706 1606 842 1666 duntaxat
856 1608 885 1665 in
900 1605 1012 1665 iudiciis
1029 1607 1128 1683 (apud
1152 1610 1231 1686 prin·

216 1690 313 1766 cipem
329 1689 404 1748 enim
420 1698 449 1748 et
470 1691 654 1766 magistratus
676 1708 711 1749 ac
728 1689 882 1749 tribunalia
898 1706 956 1749 non
972 1688 1088 1768 licebit)
1106 1692 1230 1769 paulum

216 1772 460 1847 commorandum,
476 1781 507 1830 ut
523 1782 553 1831 et
567 1774 687 1832 amictus
703 1773 739 1831 sit
754 1772 907 1833 decentior
922 1781 952 1832 et
965 1775 1098 1851 protinus
1116 1775 1231 1854 aliquid

157 1863 208 1918 157
216 1855 302 1932 spatii
325 1854 361 1913 ad
384 1855 576 1931 cogitandum.
610 1854 704 1915 Etiam
722 1873 786 1914 cum
802 1857 839 1917 ad
854 1857 980 1917 iudicem
995 1873 1049 1916 nos
1067 1868 1230 1919 converte·

214 1939 320 2013 rimus,
345 1947 375 1997 et
391 1938 538 1998 consultus
554 1947 674 2017 praetor
691 1941 857 2019 permiserit
873 1940 989 2000 dicere:
1012 1958 1071 2000 non
1088 1943 1229 2018 protinus

216 2030 261 2080 est
277 2021 500 2099 erumpendum,
525 2023 579 2082 sed
601 2023 695 2083 danda
717 2022 815 2083 brevis
839 2025 1008 2101 cogitationi
1025 2041 1117 2084 mora.
1151 2023 1229 2086 Mire

215 2106 291 2164 enim
306 2105 465 2165 auditurum
483 2106 585 2166 dicturi
601 2125 670 2167 cura
685 2107 828 2183 delectat,
852 2117 881 2167 et
901 2107 989 2167 iudex
1010 2127 1043 2167 se
1061 2109 1129 2186 ipse
1147 2125 1229 2169 com·

158 2188 305 2268 158ponit.
333 2188 397 2249 Hoc
412 2191 557 2269 praecipit
569 2190 711 2251 Homerus
725 2189 819 2251 Ulixis
835 2191 983 2268 exemplo,
1001 2210 1088 2270 quem
1101 2194 1229 2255 stetisse

214 2273 311 2336 oculis
327 2274 359 2334 ic
378 2282 496 2335 terram
515 2273 626 2352 deficis
640 2276 821 2352 immotoque
842 2281 980 2353 sceptro,
1003 2277 1175 2353 priusquam
1192 2276 1228 2336 il·

214 2358 273 2418 lam
288 2356 475 2436 eloquentiae
492 2358 655 2435 procellam
671 2358 849 2435 effunderet,
874 2359 951 2418 dicit.
984 2357 1016 2417 ln
1033 2358 1088 2418 bac
1105 2369 1227 2420 cuncta-

214 2442 294 2501 tione
320 2449 385 2500 sunt
410 2441 551 2521 quaedam
574 2459 632 2502 non
658 2442 846 2517 indecentes,
873 2451 904 2501 ut
927 2442 1077 2521 appellant
1098 2444 1226 2520 scenici,

215 2541 332 2585 morae:
355 2534 439 2604 caput
456 2524 602 2602 mulcere,
626 2544 738 2586 manum
755 2527 876 2602 intueri,
893 2525 1050 2602 infringere
1070 2526 1225 2602 articulos,

216 2607 352 2668 simulare
381 2617 531 2684 conatum,
563 2611 756 2688 suspiratione
785 2609 1008 2670 sollicitudinem
1036 2609 1141 2684 lateri,
1175 2618 1226 2671 aut

215 2691 294 2772 quod
310 2709 453 2769 quemque
469 2693 560 2771 magis
581 2694 683 2769 decet,
701 2711 794 2771 eaque
811 2693 929 2769 diutius,
952 2694 977 2752 si
992 2693 1080 2753 iudex
1096 2693 1226 2753 nondum

157 2775 345 2841 159intendet
362 2776 493 2835 animum.
527 2777 622 2837 Status
640 2777 756 2856 quidem
772 2785 870 2836 rectus
891 2777 927 2836 sit
949 2777 1003 2837 sed
1024 2776 1134 2836 diducti
1152 2794 1225 2855 pan·

215 2859 273 2918 lum
294 2859 388 2937 pedes
408 2860 458 2920 vel
484 2861 650 2939 procedens
668 2862 783 2920 minimo
804 2869 950 2920 momento
966 2861 1098 2928 sinister;
1124 2877 1226 2937 genua

214 2951 307 3018 recta,
324 2945 488 3021 sictamen,
504 2953 608 3004 utnon
626 2945 826 3004 extendantur.
849 2944 966 3005 Homeri
982 2945 1107 3020 remissi,
1124 2943 1225 3004 vultus

216 3044 355 3103 severus,
378 3044 436 3088 non
450 3038 578 3088 maestus
593 3047 649 3088 nec
664 3038 784 3108 stupens
798 3046 855 3088 nec
876 3028 1041 3105 languidum
1065 3026 1188 3088 brachia
1207 3045 1225 3087 a

215 3109 308 3171 latere
325 3111 440 3172 modice
456 3122 585 3182 remota;
601 3131 701 3173 manus
716 3114 847 3189 sinistra,
867 3111 982 3190 qualern
997 3128 1085 3190 supra
1100 3111 1224 3171 demon·

216 3195 320 3263 stravi;
344 3195 457 3272 dextra,
474 3215 537 3257 cum
553 3199 608 3257 iam
623 3196 817 3275 incipiendum
833 3197 897 3272 erit,
915 3196 1030 3274 paulum
1047 3194 1164 3274 prolata
1180 3194 1224 3254 ul-

215 3283 259 3336 tra
275 3277 366 3337 sinum
381 3290 466 3356 gestu
482 3299 567 3361 quam
581 3280 804 3356 modestissimo,
819 3281 900 3341 velut
916 3288 1086 3358 expectans,
1104 3278 1224 3359 quando

161 3358 409 3436 tooincipiendum
435 3365 481 3423 sit.
513 3364 626 3425 Vitiosa
653 3365 728 3424 enim
749 3373 813 3423 sunt
837 3364 903 3440 illa,
932 3363 1034 3423 intueri
1060 3362 1223 3440 lacunaria,

216 3442 378 3520 perfricare
399 3445 505 3507 faciem
526 3458 555 3508 et
571 3450 653 3528 quasi
669 3449 831 3528 improbam
848 3448 966 3523 iacere,
988 3446 1112 3508 tendere
1129 3446 1224 3508 conli-
