2566 4026
352 167 442 214 msu.
457 166 792 236 corrobaramus.
1015 161 1072 223 125

64 327 304 394 camdemque
325 326 374 386 cui
392 326 568 402 diliyentioe
583 344 732 404 proeesse
749 328 836 404 opud
851 347 907 389 ooo
923 329 1072 391 iuriscon-

62 412 138 471 sulti
160 412 385 471 existimantur.
424 408 482 468 Sed
506 408 583 488 quod
604 412 695 488 ipsius
717 409 754 469 de
775 410 819 470 his
836 411 916 470 libris
938 413 1115 483 iudicium59

64 494 171 568 fuerit,
196 512 283 573 supra
307 493 374 554 dixi.
414 494 485 552 Sunt
508 496 583 552 enim
604 494 686 554 velut
709 504 847 572 regestae
869 498 898 554 in
918 497 971 556 lros
994 517 1072 558 com·

63 580 240 653 mentarios,
266 595 339 655 quos
362 577 536 637 adolescens
557 577 734 655 deduxerat,
757 578 895 655 scholae,
920 591 949 639 et
970 583 993 640 si
1017 601 1073 661 qua

63 671 111 722 est
135 665 164 721 in
186 662 230 721 his
255 662 355 761 culpa,
382 661 521 720 tradentis
546 671 606 731 est;
636 665 698 721 sive
724 682 788 722 eum
810 665 899 723 movit
921 665 967 741 id,
996 667 1071 743 quod

62 746 262 845 Hermagoras
278 749 369 824 prima
386 748 414 805 in
434 745 491 805 hoc
511 746 579 805 loco
597 749 694 825 posuit
715 747 850 846 exempla
872 766 909 807 ex
927 754 1072 826 quaestio·

62 831 177 889 nibus'
168 832 253 895 ruris;
278 832 340 889 sive
363 831 439 908 qnod
459 829 563 889 Graeci
583 823 805 910 πραγματικοῦς
819 835 954 892 vocant
946 835 1015 892 ruris
1032 835 1071 892 in·

62 924 225 992 terpretes
254 915 313 975 Sed
328 913 433 974 Cicero
450 914 564 992 quidem
580 916 624 974 his
640 915 852 994 pulcherrimos
868 917 936 976 illos
952 918 988 977 de
1001 916 1071 977 Ora·
1081 927 1116 980 60

64 1009 131 1058 tore
154 997 317 1073 substituit,
341 1000 467 1077 ideoque
496 998 622 1077 culpari,
647 1009 780 1078 tauquam
801 1001 876 1061 salsa
898 1003 1070 1080 praecipiat,

63 1100 122 1142 non
139 1092 248 1161 potest.
281 1083 342 1141 Nos
359 1083 394 1142 ad
409 1082 617 1160 Hermagoran.
655 1082 885 1144 Translationem
901 1086 948 1146 hic
962 1087 1072 1164 primus

63 1170 193 1226 omnium
212 1167 343 1243 tradidit,
369 1185 531 1245 quanquam
553 1169 662 1227 semina
686 1170 748 1227 eius
771 1170 912 1247 quaedam
929 1172 1001 1230 citra
1019 1187 1070 1230 no·

63 1270 131 1312 men
159 1254 253 1329 ipsum
280 1252 355 1331 apud
381 1251 562 1311 Aristotelen
587 1255 779 1331 reperiuntur
821 1252 948 1331 Legales
975 1263 1112 1320 autemor

65 1337 256 1433 quaestiones
279 1335 331 1395 has
348 1336 434 1411 fecit,
458 1336 558 1414 scripti
575 1345 604 1395 et
619 1337 794 1413 voluntatis,
818 1337 948 1416 (quam
939 1357 1003 1417 rpse
1020 1356 1071 1398 ιο-

65 1430 112 1480 cat
138 1410 213 1479 κατὰ
231 1413 319 1499 ῥητὸν
341 1443 391 1479 και
382 1413 606 1497 ὑπεξαίρεσιν,
625 1421 652 1480 id
674 1431 719 1480 est
739 1421 845 1481 dictum
870 1431 898 1482 et
922 1426 1071 1502 exceptio-

65 1522 132 1564 nem
140 1522 286 1581 ,quorum
305 1506 384 1604 prius
401 1506 427 1563 ei
446 1523 509 1563 cum
526 1505 656 1564 omnibus
673 1523 823 1566 commune
840 1516 901 1583 est,
921 1509 1073 1586 exceptio-

64 1592 109 1648 nis
141 1606 248 1647 nomen
276 1591 368 1647 minus
397 1590 550 1668 usitatum)
585 1591 831 1668 ratiocinativum,
866 1591 1071 1670 ambiguitatis,

65 1675 165 1752 legum
190 1676 407 1733 contrariarum.
451 1673 602 1748 Albutius,
625 1673 727 1734 eadem
748 1675 890 1736 divisione
912 1695 999 1752 usus,
1023 1677 1113 1740 ‹te-os

66 1757 154 1817 trahit
172 1758 406 1832 translationem,
427 1756 583 1816 subiiciens
600 1777 663 1817 eam
680 1760 842 1819 iuridiciali.
879 1759 910 1819 ln
927 1759 1071 1838 legalibus

66 1858 186 1920 quoque
210 1841 428 1920 quaestionibus
444 1841 551 1899 nullum
573 1850 654 1918 putat
677 1861 760 1918 esse,
786 1845 833 1922 qui
855 1844 967 1903 dicatur
984 1846 1071 1904 ratio·

67 1928 219 1987 cinativus.
259 1928 327 1985 Scio
344 1925 427 2003 plura
443 1926 610 1983 inventuros
626 1926 734 2002 adhuc,
754 1930 802 2005 qui
819 1927 921 2005 legere
939 1929 1071 2005 antiquos

67 2009 227 2069 studiosius
249 2010 366 2086 volent,
389 2009 442 2068 sed
464 2028 500 2067 ne
521 2008 595 2068 haec
615 2028 730 2089 quoque
754 2013 936 2071 excesserint
957 2011 1072 2071 modum

67 2111 185 2155 vereor.

153 2179 223 2258 Ipse
239 2198 284 2238 me
301 2178 416 2257 paulum
432 2181 460 2237 in
476 2180 542 2254 alia,
560 2197 644 2257 quam
660 2181 738 2256 prius
755 2179 919 2257 habuerim,
936 2182 1073 2260 opinione
1081 2177 1114 2232 63
1145 2186 1150 2195 '

66 2284 142 2326 nunc
157 2282 224 2324 esse
242 2264 393 2323 coniiteor.
421 2262 458 2322 Et
469 2263 596 2323 lortasse
612 2265 782 2323 tutissimum
799 2274 861 2324 erat
876 2263 970 2324 lamae
985 2264 1072 2325 modo

67 2350 213 2424 studenti,
234 2348 304 2407 nihil
322 2367 360 2407 ex
382 2366 418 2407 eo
434 2345 562 2421 mutare,
585 2346 661 2424 quod
679 2348 775 2407 multis
793 2349 874 2407 annis
890 2366 947 2408 non
963 2351 1072 2409 sensis·

66 2453 129 2494 sem
147 2434 235 2492 modo
248 2450 347 2491 verum
363 2435 449 2491 etiam
465 2430 684 2508 approbassem.
712 2430 770 2489 Sed
786 2448 843 2490 non
859 2434 989 2491 sustineo
1005 2429 1115 2491 esse64

67 2520 206 2580 conscios
224 2517 291 2576 mibi
313 2515 484 2576 dissimulati
507 2515 551 2591 (in
568 2532 603 2573 eo
620 2515 792 2592 praesertim
811 2531 919 2593 opere,
943 2515 1020 2594 quod
1038 2515 1073 2574 ad

67 2602 242 2663 bonorum
234 2619 367 2659 iuvenum
391 2600 516 2676 aliquam
540 2599 691 2657 utilitatem
716 2599 967 2678 componimus)
958 2617 986 2657 m
1014 2598 1074 2658 ulla

67 2697 153 2768 parte
175 2686 273 2745 iudicii
294 2685 361 2743 mei.
402 2683 473 2743 Nam
498 2692 526 2742 et
546 2681 757 2762 Hippocrates,
783 2681 878 2741 clarus
901 2692 963 2741 arte
984 2681 1073 2740 medi·

67 2775 170 2846 cinae,
194 2770 308 2829 videtur
325 2768 530 2828 honestissime
548 2766 674 2844 iecisse,
699 2765 776 2844 quod
794 2765 934 2844 quosdam
957 2783 1074 2826 errores

67 2873 158 2930 suos,
181 2872 217 2911 ne
233 2854 346 2931 posteri
365 2861 511 2927 errarent,
534 2851 688 2911 confessus
707 2860 766 2920 est;
790 2849 874 2910 etlll.
890 2850 1001 2911 Tullius
1017 2867 1074 2909 non

67 2939 211 3001 dubitavit
233 2937 373 3015 aliquos'
364 2955 419 2996 ram
441 2937 535 2996 editos
559 2935 650 2995 libros
671 2936 735 2995 aliis
752 2945 857 3014 postea
878 2937 994 3014 scriptis
1010 2937 1074 3014 ipse

67 3025 223 3097 damnare,
254 3024 328 3080 sicut
354 3019 486 3081 Catulum
509 3030 595 3098 atque
613 3020 763 3079 Lucullum
784 3029 813 3079 et
834 3019 889 3079 hos
912 3021 1013 3098 ipsos,
1037 3020 1074 3079 de

68 3108 174 3187 quibus
190 3106 277 3164 modo
300 3124 360 3163 sum
384 3105 514 3178 locutus,
538 3107 606 3164 artis
628 3105 804 3175 rhetoricae.
839 3103 952 3163 Etenim
970 3109 1116 3183 super-65

67 3210 179 3251 vacuus
196 3192 273 3250 loret
289 3191 316 3249 in
339 3190 440 3249 studiis
457 3188 572 3265 longior
590 3189 689 3264 labor,
713 3191 737 3247 si
757 3189 827 3248 nihil
847 3187 952 3248 liceret
971 3190 1074 3249 melius

69 3279 200 3336 invenire
224 3275 399 3352 praeteritis.
437 3272 540 3350 Neque
563 3282 658 3333 tamen
681 3272 834 3351 quidquam
859 3291 896 3332 ex
916 3273 975 3349 his,
1000 3290 1074 3351 quae

70 3370 129 3419 tum
149 3361 305 3439 praecepi,
325 3375 536 3436 supervacuum
552 3357 619 3425 fuit;
644 3357 677 3416 ad
697 3358 814 3416 easdem
829 3359 904 3417 enim
918 3358 1074 3436 particulas

71 3443 146 3504 baec
170 3461 304 3522 quoque,
328 3461 402 3520 quae
423 3459 497 3500 nuuc
520 3443 714 3520 praecipiam,
738 3451 935 3512 revertentur;
966 3444 1004 3501 ita
1024 3460 1074 3500 nc-
