2566 4026
202 188 242 249 32
519 200 555 247 u.
572 199 650 246 uns.
667 199 888 258 oorurrmnur

158 363 246 420 esest
262 354 352 429 euim,
370 352 418 431 qui
433 361 529 430 negat.
568 352 709 426 Quantum
724 351 894 433 acceperit?
916 374 952 415 an
968 354 1147 417 reddiderit?
1171 376 1207 418 an

200 440 347 517 protinus,
367 438 414 515 qui
426 453 484 495 non
493 436 633 513 reddidit,
649 439 778 514 ingratus
794 435 850 498 sit?
869 456 905 498 an
918 443 1046 517 potuerit
1058 439 1207 502 reddere?

200 540 235 581 an
260 522 305 597 id,
330 520 407 600 quod
435 520 625 596 exigebatur,
654 519 809 582 debuerit?
832 539 889 601 quo
913 525 1006 584 animo
1031 521 1088 582 sit?
1132 525 1206 585 Sim·

200 606 339 685 plioiores
365 603 433 665 illae
458 605 589 663 iniusti
610 605 780 683 repudii,
808 605 861 665 sub
877 624 933 684 qua
949 607 1018 684 lege
1036 617 1205 668 oontrover·

199 691 261 749 siae
277 689 347 749 illud
362 689 511 767 proprium
526 687 650 764 habent,
669 688 776 766 quoda
792 698 875 768 parte
892 693 1055 751 aoousantis
1072 691 1205 752 defensio

157 783 245 842 39est
266 782 295 832 et
317 771 499 832 defendentis
518 774 693 837 accusatio„
718 774 892 851 Praeterea,
916 792 981 833 oum
1000 776 1063 853 quis
1087 776 1206 836 ratio·

198 874 274 916 nem
296 857 428 915 mortis
455 856 484 914 in
505 856 613 915 Senatu
636 856 748 933 reddit,
767 857 815 916 ubi
832 876 888 918 una
904 861 1037 937 quaestio
1056 868 1101 918 est
1122 860 1204 935 iuris,

201 941 245 1002 dn
267 942 290 998 is
317 941 428 1000 demum
451 938 648 1018 prohibendus
672 942 725 1016 sit,
753 942 802 1020 qui
816 943 889 1001 mori
903 943 979 1018 vult,
1002 951 1033 1001 ut
1053 960 1086 1002 se
1108 942 1205 1020 legum

199 1025 360 1086 actionibus
373 1022 534 1091 subtrabat;
553 1032 652 1084 cetera
668 1025 824 1102 qualitatis.
863 1024 1021 1103 Finguntur
1037 1035 1066 1085 et
1081 1034 1186 1087 testa

198 1118 332 1184 menta,
359 1110 388 1168 in
414 1107 516 1186 quibus
542 1108 578 1167 de
602 1108 666 1167 sola
688 1116 858 1186 quaeratur,
883 1117 914 1168 ut
938 1111 967 1169 in
993 1112 1204 1186 controversia,

199 1211 282 1271 quam
310 1210 398 1271 supra
423 1192 560 1270 exposui,
591 1194 697 1270 inqua
728 1191 763 1252 de
794 1201 876 1271 parte
903 1194 1065 1271 patrimonii
1092 1203 1205 1272 quarta,

198 1295 282 1354 quam
304 1285 388 1354 pater
410 1275 578 1352 dignissimo
599 1293 636 1335 ex
658 1276 724 1336 liliis
747 1276 923 1355 reliquerat,
943 1277 1119 1337 contendunt
1142 1277 1204 1355 phi-

197 1360 355 1439 losophos,
376 1360 522 1436 medious,
535 1368 644 1420 orator.
679 1359 764 1433 Quod
778 1359 854 1419 idem
869 1360 990 1437 aooidit,
1007 1363 1032 1420 si
1048 1360 1138 1422 orbae
1154 1380 1204 1420 nu-

197 1445 273 1523 ptias
295 1444 420 1504 indicant
435 1461 522 1521 pares
537 1444 646 1520 gradu,
672 1452 701 1503 et
717 1445 741 1502 si
756 1446 831 1503 inter
847 1446 1028 1523 propinquos
1044 1444 1081 1504 de
1097 1446 1203 1505 idoneo

154 1537 361 1607 loquaeratur.
407 1526 467 1588 Sed
481 1545 536 1586 neo
554 1543 654 1586 omnes
667 1527 734 1587 mihi
750 1531 891 1607 persequi
909 1529 1044 1589 materias
1062 1530 1090 1588 in
1110 1529 1203 1588 animo

197 1620 258 1686 est,
280 1611 348 1687 tingi
370 1612 443 1669 enim
463 1610 556 1670 adhue
580 1619 716 1689 possunt;
738 1630 794 1672 neo
815 1629 917 1672 omues
939 1631 1037 1672 earum
1056 1613 1204 1691 quaestio·

195 1712 265 1770 nes,
284 1695 350 1772 quia
365 1693 558 1772 positionibus
573 1704 725 1755 mutantur.
770 1695 834 1754 lloo
849 1704 957 1756 tantum
973 1696 1113 1772 admiror,
1138 1695 1203 1756 Fla-

195 1797 278 1853 vum,
299 1779 380 1837 ouius
395 1776 471 1855 apud
488 1796 533 1838 me
549 1796 657 1838 summa
672 1788 718 1838 est
733 1780 909 1855 auotoritas,
929 1799 993 1840 oum
1010 1789 1100 1839 artem
1117 1779 1203 1840 sobo·

196 1862 242 1922 lae
260 1871 367 1921 tantum
384 1871 589 1940 componeret,
609 1871 666 1922 tam
681 1873 804 1942 anguste
816 1866 964 1924 materiam
981 1864 1127 1943 qualitatis
1144 1872 1202 1923 ter-

195 1964 331 2005 mirasse.

154 2043 185 2096 41
281 2029 477 2103 Quantitas
500 2046 635 2108 quoque,
658 2039 689 2089 ut
706 2031 782 2107 dixi,
807 2032 917 2091 etiamsi
933 2048 991 2091 non
1006 2049 1123 2109 semper
1140 2031 1202 2109 ple·

195 2131 316 2192 rumque
338 2122 433 2172 tamen
454 2113 549 2172 eidem
570 2114 720 2190 subiacet,
754 2133 806 2175 seu
831 2115 909 2174 modi
931 2124 976 2174 est
1001 2134 1054 2175 seu
1081 2115 1202 2174 numeri.

195 2196 254 2257 Sed
275 2197 376 2257 modus
398 2197 552 2275 aliquando
574 2206 688 2257 constat
709 2200 908 2259 aestimatione
927 2200 1012 2275 faeti,
1036 2207 1142 2278 quanta
1168 2200 1206 2258 sit

196 2280 298 2359 eulpa,
322 2290 494 2359 quantumve
517 2281 705 2350 benelioium;
743 2283 897 2361 aliquando
924 2284 1003 2359 iure,
1029 2300 1094 2341 oum
1121 2282 1150 2341 id
1176 2285 1205 2341 in

196 2367 423 2426 controversiam
446 2366 541 2442 venit,
567 2384 622 2445 qua
639 2367 702 2444 quis
724 2365 793 2443 lege
810 2367 971 2445 puniendus
988 2366 1038 2426 vel
1059 2365 1203 2426 honoran-

153 2449 248 2508 dtdus
270 2451 316 2508 sit.
367 2450 521 2528 Stuprator
545 2449 648 2509 deoem
673 2449 751 2510 milia
774 2450 843 2510 dare
865 2449 987 2526 debeat,
1011 2467 1084 2528 quae
1108 2466 1204 2527 poena

195 2533 261 2592 lruio
280 2534 390 2592 crimini
406 2535 560 2593 constituta
582 2539 644 2602 est;
671 2550 722 2609 an,
741 2534 807 2611 quia
824 2543 969 2612 stupratus
985 2552 1018 2593 se
1041 2532 1203 2611 suspendit,

196 2618 292 2694 eapite
307 2619 401 2695 puniri
419 2626 552 2695 tanquam
569 2635 656 2677 eausa
670 2614 792 2677 mortis?
837 2617 902 2691 Quo
918 2620 946 2677 in
969 2635 1081 2695 genere
1098 2616 1202 2676 fallun-

195 2709 257 2776 tur,
289 2702 338 2779 qui
366 2701 405 2760 ita
432 2700 544 2776 dicunt,
570 2710 705 2778 tanquam
732 2703 807 2760 inter
831 2701 902 2762 duas
923 2701 1009 2780 leges
1038 2709 1202 2779 quaeratur.

194 2782 267 2842 Nam
285 2784 321 2843 de
344 2783 446 2843 decem
464 2784 579 2844 milibus
593 2784 671 2844 nulla
687 2785 889 2845 controversia
904 2795 965 2861 est,
991 2802 1066 2865 quae
1081 2802 1137 2844 neo
1151 2801 1202 2862 pe-

152 2867 299 2926 seruntur.
337 2867 475 2928 Iudicium
489 2867 634 2945 redditur,
651 2886 687 2929 an
701 2887 769 2928 reus
786 2886 873 2929 eausa
889 2870 926 2927 sit
945 2870 1056 2928 mortis.
1085 2866 1118 2927 ln
1134 2883 1202 2928 con·

194 2951 334 3011 iacturam
359 2968 476 3031 quoque
499 2952 599 3012 eadem
624 2953 740 3030 species
763 2953 855 3028 eadit,
885 2971 966 3028 oum,
995 2961 1139 3030 perpetuo
1167 2968 1203 3011 an

196 3035 398 3113 quinquennali
420 3038 457 3096 sit
479 3037 567 3096 exilio
587 3036 765 3112 multandus,
782 3037 810 3094 in
831 3037 1059 3096 controversiam
1078 3036 1201 3094 venerit.

194 3118 240 3177 An
255 3119 383 3196 prudens
399 3120 517 3180 eaedem
533 3121 709 3180 commiserit
721 3119 877 3198 quaeritur.
912 3118 966 3179 llla
984 3137 1111 3198 quoque,
1127 3134 1203 3197 quae

153 3204 232 3260 alex
248 3220 368 3263 numero
386 3203 516 3279 ducitur,
533 3204 643 3282 pendet
659 3222 696 3263 ex
712 3206 791 3263 iure:
814 3203 861 3263 An
878 3203 1061 3279 Thrasybulo
1084 3204 1203 3280 triginta

195 3288 323 3363 praemia
338 3284 522 3347 debeantur?
543 3297 589 3363 et,
608 3285 679 3347 Cum
695 3287 751 3347 duo
764 3288 843 3347 iures
856 3288 1007 3366 pecuniam
1019 3286 1201 3360 abstulerint,

193 3371 546 3450 separatimquadruplum
555 3373 677 3450 quisque
691 3389 727 3431 an
739 3370 856 3450 duplum
863 3367 989 3431 debeat?
1003 3370 1117 3431 Sedhio
1130 3387 1200 3448 quo·

194 3468 251 3529 que
261 3452 367 3513 laetum
381 3457 556 3532 aestimatur,
570 3464 599 3515 et
611 3464 707 3515 tamen
719 3455 764 3514 ius
776 3456 870 3535 ipsum
883 3455 991 3534 pendet
1002 3473 1039 3514 ex
1052 3454 1199 3533 qualitate.
