2566 4026
152 185 191 248 66
474 197 510 242 u.
525 195 602 242 nan.
617 195 837 255 ouluumunul

126 352 365 435 iquodammodo
384 368 472 430 supra
488 368 635 409 summum.
670 349 805 410 Omnibus
821 351 865 410 his
882 352 988 411 sufficit
1003 351 1052 410 vel
1070 370 1154 414 unum

154 438 305 499 Ciceronis
323 433 504 512 exemplum:
521 432 657 495 Fucinus
672 444 716 495 est
730 436 848 496 vincire
864 437 960 497 cioem
973 434 1154 513 Romanum,

152 525 253 585 scelus
267 521 445 595 verberare,
460 537 557 597 prope
568 519 781 597 parricidium
802 537 934 580 necare:
959 520 1032 596 quid
1050 520 1155 582 dicam

152 609 184 669 io
205 623 330 667 crucem
352 604 479 664 tollere?
518 599 591 661 Num
616 610 659 679 et,
686 603 710 660 si
734 610 840 661 tantum
864 602 1035 661 verberatus
1063 611 1155 678 esset,

151 709 208 753 uno
226 688 317 767 gradu
331 683 506 761 increverat,
522 684 656 764 ponendo
673 685 758 745 etiam
779 687 807 746 id
829 704 896 745 esse
920 688 1060 765 famous,
1078 687 1156 764 quod

124 783 216 839 serat
231 772 365 840 inferius;
383 779 422 845 et,
444 771 469 828 si
487 778 594 830 tantum
610 770 725 829 occisus
742 778 838 845 esset,
863 770 1030 849 perplures
1048 770 1156 847 gradus

152 856 338 922 ascenderam
356 872 419 914 cum
435 870 506 912 vero
530 853 655 929 dixerit,
680 871 779 932 prope
796 854 1005 932 parricidium
1029 873 1155 929 occure,

152 960 239 1021 supra
255 938 333 1018 quod
348 938 417 997 nihil
435 946 494 996 est:
511 937 617 996 adiecit
633 939 710 1015 quid
727 938 873 999 dicamini
889 957 1013 999 crucem
1031 939 1156 999 tollere?

151 1025 204 1102 lta,
219 1042 282 1085 cum
299 1023 338 1096 id,
359 1021 435 1100 quod
450 1023 601 1081 maximum
618 1029 678 1096 est,
695 1030 888 1098 occupasset:
905 1039 1029 1082 necesse
1050 1022 1155 1081 eratin

124 1119 200 1185 neo,
220 1108 298 1187 quod
313 1107 388 1166 ultra
407 1114 461 1179 est,
480 1104 570 1164 verba
592 1103 729 1164 deiicere.
768 1103 813 1164 Fit
834 1114 863 1165 et
878 1105 962 1166 aliter
976 1123 1064 1183 supra
1081 1123 1154 1164 sum·

152 1211 226 1252 mum
242 1192 377 1266 adiectio,
394 1199 425 1248 ut
440 1189 515 1268 apud
530 1187 690 1265 Vergilium
706 1189 742 1248 de
757 1187 869 1249 Lauso:

217 1340 220 1347 ,
611 1308 651 1314 -
667 1288 725 1350 quo
736 1273 896 1352 pulchrior
912 1274 993 1334 ulter

264 1356 331 1420 Nou
350 1357 426 1437 fuit,
456 1365 583 1435 eccepto
611 1354 777 1417 Laurentis
798 1375 928 1437 corpore
953 1354 1057 1416 Turni.

153 1442 296 1504 Summum
312 1449 357 1501 est
374 1441 458 1514 enim,
475 1455 534 1517 quo
546 1440 706 1518 pulchrior
716 1442 795 1501 ulter
805 1461 866 1502 porc
875 1441 954 1520 fuit,·
971 1440 1039 1499 huic
1052 1438 1155 1498 deinde

128 1526 260 1604 laliqnid
277 1526 500 1603 superpositum.
539 1522 653 1583 Tertius
676 1540 792 1602 quoque
811 1535 857 1584 est
871 1525 990 1598 modus,
1015 1523 1049 1582 ad
1072 1541 1155 1600 quem

153 1627 208 1668 non
230 1627 284 1686 per
306 1608 412 1686 gradus
434 1609 490 1666 itur
514 1616 543 1666 et
559 1607 636 1684 quod
655 1625 713 1667 non
735 1617 779 1667 est
803 1609 885 1687 plus,
910 1608 1080 1681 maximum,
1104 1608 1156 1667 sed

153 1710 210 1770 quo
229 1691 299 1751 nihil
316 1693 405 1750 maius
421 1699 475 1749 est.
512 1687 643 1752 Matrem
665 1700 748 1753 tuom
768 1694 918 1754 cecidisti.
955 1689 1038 1764 Quid
1054 1692 1157 1752 dicem

152 1777 308 1854 outplius?
345 1772 475 1835 Matrem
499 1782 582 1835 tuom
605 1776 753 1836 cecidisti.
800 1775 873 1836 Nam
900 1785 929 1835 et
952 1776 1010 1835 hoc
1032 1775 1156 1852 augendi

152 1877 244 1938 genus
272 1867 333 1933 est,
360 1867 467 1918 tantum
494 1858 601 1935 aliquid
631 1858 768 1935 efficere,
796 1868 899 1919 utnon
928 1859 1023 1938 possit
1044 1861 1155 1935 augeri.

123 1942 269 2009 ecrescit
294 1942 387 2002 oratio
411 1942 502 2001 minus
522 1951 623 2019 aperte
646 1942 698 2002 sed
719 1944 819 2002 nescio
843 1962 877 2003 an
900 1944 958 2003 hoc
976 1944 1040 2020 ipso
1058 1943 1156 2002 ellicu-

154 2030 237 2101 cius,
263 2044 326 2087 cum
343 2027 414 2085 citra
432 2025 644 2085 distinctionem
667 2029 695 2086 in
717 2036 854 2087 contextu
877 2037 906 2087 et
928 2045 1013 2088 cursu
1040 2043 1158 2105 semper

152 2109 260 2188 aliquid
281 2111 379 2189 priore
401 2110 491 2168 maius
513 2110 688 2188 insequitur:
711 2120 742 2170 ut
764 2112 800 2171 de
822 2112 930 2171 vomitu
952 2111 980 2169 in
1002 2109 1158 2172 Antonium

154 2192 274 2270 Cicero,
291 2191 329 2254 lo
345 2203 431 2256 coetu
445 2212 518 2255 oero
528 2197 635 2274 populi
655 2195 801 2272 Romani,
824 2198 976 2274 oepolium
1001 2196 1157 2273 publicum

150 2298 280 2357 pereas,
303 2280 449 2358 mopister
479 2280 619 2357 equitum.
656 2279 775 2357 Singula
806 2280 1012 2339 incrementum
1039 2278 1156 2338 habent.

152 2362 207 2422 Per
232 2382 265 2423 se
288 2362 419 2422 deforme
441 2361 491 2422 vel
513 2380 571 2422 non
592 2364 620 2421 in
643 2372 729 2425 coetu
750 2381 887 2439 vomere,
913 2366 941 2422 in
969 2372 1056 2422 coetu
1073 2363 1156 2425 etiam

152 2464 209 2506 non
221 2450 338 2527 populi,
354 2446 455 2525 populi
472 2448 557 2506 etiam
579 2464 636 2506 non
662 2447 810 2523 Romani,
834 2448 884 2507 vel
900 2448 924 2506 si
940 2447 1048 2506 nullum
1064 2465 1153 2524 nepo·

152 2532 225 2592 tium
241 2540 354 2609 ageret,
373 2531 421 2590 vel
440 2532 465 2589 si
480 2548 537 2590 non
551 2532 716 2610 publicum,
733 2530 782 2590 vel
798 2533 822 2590 si
840 2549 897 2590 non
909 2532 1056 2610 mopisler
1073 2531 1156 2608 equi·

126 2623 226 2680 etum.
258 2614 317 2674 Sed
335 2615 406 2674 alius
423 2614 564 2674 divideret
587 2614 661 2674 haec
688 2623 717 2673 et
733 2616 811 2674 circa
828 2615 959 2693 singulos
976 2615 1082 2692 gradus
1096 2631 1157 2673 mo·

153 2707 281 2765 raretum
305 2700 352 2759 hic
373 2698 400 2756 in
421 2697 543 2758 sublime
566 2699 650 2758 etiam
674 2700 799 2758 cucurrit
824 2709 853 2759 et
880 2699 915 2758 ad
937 2717 1076 2758 summum
1099 2715 1157 2757 non

154 2783 286 2860 pervenit
301 2783 364 2841 nisu
380 2781 433 2841 sed
449 2783 565 2861 impetu.

236 2865 344 2925 Verum
365 2875 395 2924 ut
429 2865 503 2925 haec
536 2866 719 2944 amplificatio
747 2868 775 2925 in
797 2867 950 2945 superiora
975 2866 1078 2925 tendit:
1106 2867 1157 2942 ita,

155 2965 228 3025 quae
248 2949 278 3009 iit
294 2968 348 3027 per
369 2952 703 3027 comparationem,
726 2952 933 3011 incrementum
949 2969 987 3009 ex
998 2949 1157 3009 minoribus

153 3033 235 3110 petit.
267 3032 411 3111 lugendo
435 3035 519 3109 enim,
537 3035 615 3113 quod
633 3044 677 3093 est
700 3034 790 3110 inira,
812 3053 938 3095 necesse
961 3043 1006 3093 est
1031 3034 1158 3093 extollat

151 3116 194 3192 td,
219 3118 297 3195 quod
318 3135 405 3196 supra
429 3119 554 3195 positum
571 3127 632 3178 est:
655 3127 685 3177 ut
709 3119 785 3179 idem
801 3129 887 3198 atque
903 3121 931 3178 in
955 3119 1057 3178 eodem
1076 3118 1158 3194 loco,

112 3199 188 3259 rosi
203 3201 259 3262 doc
275 3202 329 3262 tibi
344 3203 425 3262 iuter
440 3219 567 3263 coenum
583 3212 610 3263 et
629 3204 661 3263 iu
683 3203 744 3262 illie
758 3204 942 3264 immanibus
957 3203 1079 3281 poculis
1097 3203 1159 3263 tuis

151 3284 327 3362 occidisset,
344 3288 411 3364 quie
427 3306 488 3348 oon
503 3294 592 3364 turpe
610 3288 762 3346 duceret?
793 3285 832 3348 Io
852 3296 938 3349 coetu
959 3306 1032 3349 ocro
1050 3287 1160 3365 populi

152 3367 283 3429 Romami
298 3405 349 3427 —.
386 3369 423 3429 m
439 3371 467 3429 in
484 3366 648 3430 Catilinam:
673 3369 764 3431 Seroi
786 3370 975 3433 mehercules
992 3372 1092 3432 meisi
1108 3389 1158 3430 roe

150 3452 209 3512 isto
225 3461 319 3532 pecto
340 3461 520 3530 metuerent,
546 3461 579 3514 ut
599 3463 627 3516 te
649 3462 783 3517 metuunt
799 3473 901 3517 omnes
918 3458 1001 3518 cioca
1020 3455 1079 3515 lui:
1104 3454 1157 3515 do·
