2566 4026
155 165 196 228 48
480 179 843 238 u.ran.oumu1umn1

155 338 227 399 tenti
246 335 424 396 dissimilium
447 334 621 412 concordia,
643 353 727 414 quam
745 343 852 394 vocant
874 327 1035 414 ἁρμονίαν,
1058 353 1159 398 sonum

114 429 147 484 13
155 438 272 502 quoque
290 419 335 480 his
353 419 478 479 motibus
498 419 639 480 dederint.
667 419 740 478 Nam
760 418 859 495 Plato,
880 438 944 479 cum
962 421 991 478 in
1013 421 1076 480 aliis
1098 423 1159 499 qui·

154 506 275 566 busdam
299 512 358 564 tum
379 506 539 584 praecipue
561 505 590 562 in
609 503 744 578 Timaeo,
769 520 805 561 ne
822 503 948 581 intelligi
967 504 1083 582 quidem
1105 507 1161 564 nisi

156 590 191 651 ab
213 591 266 664 iis,
290 590 338 667 qui
359 586 434 648 hanc
457 606 573 668 quoque
595 597 707 667 partem
726 587 898 666 disciplinae
918 588 1074 664 diligenter
1093 607 1160 668 per·

157 673 299 752 ceperint,
319 681 427 752 potest.
457 672 532 746 Quid
555 672 591 732 de
609 672 793 752 philosophis
812 673 935 751 loquor,
955 690 1077 750 quorum
1094 673 1160 732 fons

113 760 218 836 llipse
230 757 369 817 Socrates
381 759 437 816 iam
449 775 542 816 senex
555 758 663 817 institui
677 758 739 832 lyra
752 773 809 815 non
822 753 1039 816 erubescebat?
1060 756 1160 816 Duces

154 843 294 902 maximos
320 849 349 901 et
371 841 472 901 fidibus
497 852 527 902 et
544 841 620 901 tibiis
645 841 789 901 cecinisse
811 840 945 901 traditum
963 849 992 899 et
1011 843 1160 900 exercitus

154 925 450 985 Lacedaemoniorum
465 927 583 985 musicis
599 943 743 985 accensos
757 925 859 984 modis.
884 924 959 998 Quid
971 934 1066 984 autem
1083 924 1161 985 aliud

154 1011 183 1068 in
205 1010 312 1069 nostris
332 1009 495 1087 legionibus
518 1027 627 1071 cornua
645 1028 680 1070 ac
697 1009 784 1069 tubae
803 1009 925 1077 faciunt;
951 1025 1072 1107 quorum
1091 1027 1160 1068 con·

158 1102 259 1153 centus
290 1103 396 1173 quanto
420 1103 465 1153 est
492 1095 708 1170 vehementior,
736 1103 844 1153 tantum
867 1093 1030 1152 Romana'
1021 1112 1049 1152 rn
1072 1093 1160 1153 bellis

114 1178 251 1256 15gloria
269 1181 377 1238 ceteris
385 1175 550 1278 praestat?
578 1177 643 1237 Non
661 1179 749 1277 igitur
767 1178 874 1237 frustra
887 1177 968 1236 Plato
988 1177 1066 1235 civili
1084 1179 1160 1253 viro,

157 1280 243 1340 quem
263 1253 415 1322 πολιτικὸν
437 1271 560 1338 vocant,
586 1264 782 1322 necessariam
805 1264 935 1320 musicen
959 1261 1090 1321 credidit
1123 1259 1162 1320 Et

157 1348 219 1405 eius
243 1355 360 1421 sectae,
385 1365 460 1425 quae
482 1347 546 1406 aliis
563 1349 750 1406 severissima
769 1345 833 1405 aliis
856 1347 1016 1423 asperrima
1033 1344 1160 1420 videtur,

156 1431 306 1507 principes
329 1431 357 1488 in
379 1430 434 1488 hac
457 1430 540 1489 luere
563 1431 722 1506 sententia,
748 1439 778 1488 ut
804 1431 1018 1504 existimarent,
1045 1431 1160 1507 sapien-

156 1514 226 1570 tium
244 1513 357 1589 aliquos
374 1513 540 1572 nonnullam
559 1531 679 1592 operam
696 1514 740 1572 his
760 1513 860 1572 studiis
878 1511 1160 1573 accommodaturos.

156 1594 194 1656 Et
214 1595 382 1673 Lycurgus,
413 1597 628 1657 durissimarum
650 1597 889 1657 Lacedaemoniis
919 1596 1017 1674 legum
1046 1606 1160 1672 auctor,

116 1681 283 1744 ldmusices
307 1681 488 1759 disciplinam
510 1681 653 1760 probavit.
696 1680 793 1759 Atque
816 1699 879 1740 eam
905 1691 1006 1740 natura
1029 1682 1093 1759 ipsa
1119 1682 1161 1739 vi-

159 1766 242 1826 detur
263 1765 298 1825 ad
321 1765 490 1825 tolerandos
508 1765 622 1824 facilius
641 1763 759 1825 labores
777 1766 858 1824 velut
875 1767 986 1824 muneri
1002 1763 1087 1824 nobis
1112 1765 1161 1826 de-

159 1851 255 1925 disse,
280 1850 422 1928 siquidem
439 1858 469 1908 et
487 1849 627 1926 remigem
651 1857 750 1908 cantus
771 1850 916 1918 hortatum
941 1868 996 1908 nec
1019 1850 1113 1909 solum
1133 1850 1161 1908 in

157 1936 192 1993 iis
221 1934 376 2012 operibus,
406 1933 560 2012 inquibus
584 1934 709 2013 plurium
732 1943 852 1993 conatus
880 1942 1041 2013 praeeunte
1064 1934 1161 2012 aliqua

157 2018 280 2077 iucunda
312 2035 389 2077 voce
421 2019 585 2096 conspirat,
620 2018 673 2077 sed
703 2019 789 2077 etiam
817 2018 997 2095 singulorum
1028 2017 1161 2094 fatigatio

116 2115 148 2171 17
159 2100 317 2181 quamlibet
338 2120 372 2161 se
394 2101 458 2162 rudi
479 2102 676 2162 modulatione
698 2102 818 2161 solatur
853 2101 978 2162 Laudem
1002 2101 1095 2160 adhuc
1120 2101 1160 2160 di-

146 2201 227 2246 cere
250 2186 319 2245 artis
336 2187 549 2264 pulcherrimae
570 2186 688 2262 videor,
711 2187 836 2246 nondum
852 2204 916 2246 eam
938 2195 1033 2246 tamen
1051 2187 1161 2243 oratori

158 2270 346 2346 coniungere.
380 2269 572 2330 Transeamus
595 2271 682 2348 igitur
705 2271 733 2330 id
757 2288 892 2350 quoque,
918 2270 995 2350 quod
1018 2286 1160 2346 gramma·

157 2355 216 2413 tice
232 2355 375 2432 quondam
394 2372 428 2413 ac
444 2355 555 2414 musice
573 2356 687 2415 iunctae
703 2355 828 2414 fuerunt.
851 2356 1000 2434 Siquidem
1013 2353 1159 2429 Archytas

158 2446 245 2516 atque
272 2438 466 2498 Aristoxenus
496 2441 582 2499 etiam
610 2440 770 2500 subiectam
796 2442 1004 2517 grammaticen
1032 2441 1161 2498 musicae

157 2531 346 2601 putaverunt;
367 2531 396 2582 et
410 2522 530 2583 eosdem
545 2525 694 2602 utriusque
709 2526 752 2584 rei
765 2533 976 2601 praeceptores
991 2522 1083 2581 fuisse
1096 2539 1160 2580 cum

157 2605 293 2684 Sophron
310 2607 451 2682 ostendit,
469 2609 618 2666 mimorum
634 2608 749 2686 quidem
764 2609 890 2683 scriptor
907 2605 961 2664 sed
979 2621 1063 2682 quem
1076 2602 1159 2662 Plato

157 2691 231 2750 adeo
252 2690 401 2768 probavit,
425 2700 457 2750 ut
475 2693 645 2769 suppositos
664 2691 751 2766 capiti
769 2689 860 2748 libros
877 2688 956 2760 eius,
981 2702 1045 2745 cum
1063 2702 1158 2744 more·

116 2778 251 2851 18retur,
276 2773 412 2834 habuisse
436 2773 585 2849 credatur,
609 2783 667 2832 tum
685 2772 824 2850 Eupolis,
849 2771 924 2849 apud
948 2788 1034 2849 quem
1051 2769 1158 2830 Proda-

156 2877 218 2917 mus
235 2867 264 2918 et
280 2859 409 2917 musicen
424 2866 454 2917 et
469 2858 581 2917 litteras
597 2857 698 2924 docet3
719 2864 747 2915 et
758 2854 899 2931 Maricas,
919 2857 967 2933 qui
987 2863 1031 2914 est
1046 2853 1158 2931 Hyper-

156 2940 257 3018 bolus,
292 2943 369 3003 m‘hil
393 2961 427 3005 se
450 2960 490 3002 ec
516 2941 632 3002 musice
658 2942 741 3003 scire
761 2940 822 3000 nisi
847 2941 966 3001 litteras
994 2938 1157 2997 confitetur.

156 3024 369 3104 Aristophanes
391 3043 509 3104 quoque
527 3041 584 3084 non
606 3041 662 3083 uno
686 3023 761 3083 libro
785 3025 829 3083 sic
850 3024 958 3083 institui
983 3038 1091 3099 pueros
1111 3040 1158 3081 an·

156 3108 274 3185 tiquitus
300 3109 405 3168 solitos
433 3127 501 3168 esse
529 3108 722 3185 demonstrat,
753 3117 782 3168 et
811 3108 887 3186 apud
915 3106 1101 3166 Menandrum
1131 3108 1159 3164 in

157 3189 389 3269 Hypobolimaeo
413 3212 521 3269 senex,
545 3194 593 3271 qui
615 3194 784 3272 reposcenti
806 3192 895 3252 lilium
918 3191 992 3271 patri
1014 3191 1095 3251 velut
1113 3208 1158 3249 ra·

158 3274 266 3334 tionem
282 3277 502 3354 impendiorum,
522 3294 596 3355 quae
613 3278 642 3336 in
658 3277 859 3338 educationem
876 3275 1047 3351 contulerit,
1067 3292 1159 3353 expo·

117 3363 246 3419 19nens:
274 3359 377 3438 psaltis
401 3381 434 3421 se
463 3370 491 3422 et
513 3362 672 3438 geometris
697 3360 785 3421 multa
814 3360 882 3420 dicit
907 3360 1035 3420 dedisse.
1076 3358 1160 3420 Unde

162 3444 248 3504 etiam
270 3444 321 3504 ille
339 3461 420 3523 mos,
442 3454 473 3505 ut
493 3447 522 3504 in
540 3447 679 3506 conviviis
697 3454 764 3525 post
784 3462 904 3504 coenam
924 3444 1160 3504 circumferretur
