2566 4026
374 188 468 237 misr.
485 187 634 237 essuos.
650 188 721 235 mc.
736 188 779 254 11,
794 184 820 240 9.
838 186 880 238 10.
1091 176 1129 236 tt

189 429 248 493 tx.
286 431 381 492 Plura
404 430 442 490 de
464 428 564 488 cilicio
588 428 753 489 docentium
778 426 893 487 locutus
919 428 1079 507 discipulos
1102 430 1132 490 id

73 544 77 567 ι
116 535 195 578 mum
209 517 341 576 interim
356 530 482 590 moneo,
506 522 537 573 ut
552 520 764 591 praeceptores
782 528 851 570 suos
866 514 1029 573 nonninus
1046 533 1131 594 quam

72 598 75 603 ’
115 604 173 681 ipsa
187 601 296 661 studia
312 607 430 674 ament,
458 607 488 658 et
511 605 648 675 parentes
672 612 819 655 essenon
844 597 960 674 quidem
976 616 1132 678 corporum

72 742 76 767 ;
113 686 330 746 manentium
346 683 477 743 credant.
522 679 641 740 Multum
663 681 737 740 haec
758 680 852 758 pietas
869 681 1001 742 conferet
1019 684 1160 752 studio;2

71 808 76 847 ᾖ
114 788 174 830 ιιι
190 772 235 829 ita
253 776 288 828 et
306 767 438 828 libenter
454 764 571 826 audient
587 773 616 824 et
631 764 715 824 dictis
732 764 853 824 credent
876 774 905 824 et
931 784 998 825 esse
1021 769 1130 828 similes

68 852 76 919 '.·
114 854 355 931 concupiscent,
379 853 409 910 in
431 852 512 928 ipsos
537 849 663 927 denique
688 856 790 908 coetus
806 848 971 910 scholarum
987 850 1056 911 laeti
1072 853 1131 911 ala·

68 950 76 957 ··
114 955 245 1018 cresque
266 938 457 1009 convenient,
476 933 619 993 emendati
636 950 695 993 non
709 936 881 1008 irascentur,
898 933 1006 993 laudati
1022 935 1131 1012 gaude-

114 1021 200 1097 bunt,
227 1029 265 1080 ut
282 1022 345 1080 sint
359 1020 519 1094 carissimi,
544 1018 640 1077 studio
656 1017 851 1077 merebuntur.
883 1016 955 1077 Nam
971 1028 1002 1077 ut
1016 1019 1162 1081 illorum3

72 290 82 467 ξ
399 345 443 395 os
461 342 587 395 ormoro
608 342 857 394 orsorrononun.

73 470 79 539 l

115 1107 249 1166 cilicium
266 1113 317 1163 est
332 1104 463 1179 docere,
488 1102 647 1162 siclorum
665 1101 811 1180 praehere
825 1119 859 1160 se
875 1102 1006 1172 dociles;
1026 1103 1133 1182 alioqui

116 1199 252 1250 neutrum
269 1189 336 1248 sine
354 1187 446 1248 altero
465 1186 581 1245 suflicit.
622 1184 660 1245 Et
675 1187 749 1245 sicut
764 1185 886 1245 hominis
903 1194 982 1245 ortus
999 1205 1037 1246 ex
1054 1196 1132 1246 utro·

116 1293 171 1354 que
186 1274 380 1352 gignentium
396 1270 565 1346 confertur,
590 1279 620 1329 et
635 1269 742 1329 frustra
765 1271 909 1346 sparseris
925 1271 1052 1346 semina,
1078 1273 1132 1331 nisi

117 1358 164 1419 illa
190 1355 406 1437 praenollitns
431 1355 538 1415 foverit
560 1353 678 1415 sulcus:
703 1355 742 1414 ita
767 1353 934 1432 eloquentia
958 1355 1131 1416 coalescere

116 1444 240 1522 nequit,
256 1442 317 1501 nisi
332 1442 446 1501 sociata
460 1440 600 1500 tradentis
616 1440 847 1518 accipientisque
863 1439 1031 1500 concordia.

277 1594 322 1644 litt
340 1592 516 1644 UTILITATE
534 1594 575 1642 ET
593 1591 738 1643 RATIONE
756 1592 978 1643 auctentum.

203 1692 245 1753 X.
279 1691 313 1751 ln
334 1690 379 1750 his
402 1691 501 1769 primis
524 1689 679 1769 operibus,
704 1708 778 1769 quae
800 1707 857 1749 non
879 1692 943 1767 ipsa
962 1707 1052 1767 parva
1068 1699 1133 1750 sunt

118 1780 171 1840 sed
186 1778 337 1837 maiorum
352 1777 435 1855 quasi
452 1774 581 1835 membra
603 1784 690 1854 atque
713 1782 829 1852 partes,
852 1773 929 1834 hene
944 1775 1073 1833 instituto
1090 1782 1131 1834 at·

118 1882 175 1944 qne
194 1861 370 1923 exercitato
394 1860 450 1919 iam
470 1860 535 1919 iere
552 1867 666 1937 tempus
685 1867 806 1937 appetet
821 1858 1013 1935 aggrediendi
1029 1875 1131 1917 suaso·

117 1951 176 2008 rias
200 1943 420 2022 iudicialesque
445 1944 595 2011 materias3
625 1961 746 2022 quarum
767 1951 921 2021 antequam
940 1942 1016 2001 viam
1036 1942 1132 2018 ingre-

119 2033 203 2107 dior,
220 2046 319 2108 pauca
335 2027 404 2087 milri
420 2028 457 2087 de
480 2029 558 2106 ipsa
579 2028 725 2087 ratione
750 2024 985 2087 declamandi
1008 2025 1133 2084 dicenda

119 2124 200 2191 sunt,
219 2130 297 2192 quae
310 2113 427 2191 quidem
438 2120 469 2171 ut
485 2130 522 2171 ex
538 2111 669 2171 omnibns
686 2112 844 2172 novissime
856 2111 972 2169 inventa
987 2109 1026 2169 ita
1041 2109 1131 2170 multo

121 2209 166 2259 est
182 2197 352 2258 utilissima.
385 2195 457 2256 Nam
474 2205 504 2255 et
521 2205 624 2256 cuncta
641 2196 708 2270 illa,
725 2195 762 2255 de
780 2195 884 2275 quihus
901 2194 1034 2270 diximus,
1053 2195 1082 2253 in
1097 2203 1159 2256 sci

120 2285 187 2343 iere
213 2281 363 2355 continet,
389 2289 418 2338 et
433 2281 548 2339 veritati
564 2281 725 2358 proximam
745 2281 899 2357 imaginem
916 2279 1026 2348 reddit;
1050 2279 1132 2339 ideo·

122 2386 181 2446 qne
198 2368 241 2425 ita
260 2373 306 2424 est
322 2363 488 2439 celebrata,
511 2373 542 2422 ut
566 2364 716 2442 plerisque
734 2364 883 2423 videretur
904 2363 939 2423 ad
956 2364 1134 2424 formandam

123 2450 328 2529 eloquentiam
343 2448 392 2507 vel
410 2448 473 2508 sola
491 2448 640 2507 sulficere.
673 2446 777 2526 Neque
795 2450 868 2507 enim
885 2448 977 2507 virtus
995 2447 1054 2507 ulla
1066 2465 1132 2525 per·

123 2544 236 2612 petnae
255 2534 394 2592 duntaxat
409 2533 547 2592 orationis
569 2533 694 2610 reperiri
709 2540 824 2610 potest,
848 2550 923 2610 quae
944 2533 1054 2591 nonsit
1070 2549 1134 2590 cnm

124 2619 182 2678 hac
197 2617 317 2677 dicendi
331 2617 517 2676 meditatione
535 2617 701 2676 communis.
733 2614 777 2674 Eo
789 2617 904 2695 quidem
916 2635 965 2676 res
978 2618 1034 2674 ista
1048 2615 1134 2693 culpa
1146 2623 1163 2676 3

126 2702 297 2762 docentium
311 2701 431 2776 recidit,
453 2710 484 2760 ut
507 2701 581 2759 inter
596 2701 789 2779 praecipuas,
813 2719 887 2778 quae
914 2708 1135 2778 corrumperent

128 2785 346 2864 eloquentiam,
365 2801 468 2844 causas
486 2784 605 2844 licentia
621 2794 708 2863 atque
723 2785 837 2844 inscitia
853 2784 1074 2846 declamantium
1090 2783 1133 2843 lu·

129 2871 194 2929 erit.
235 2868 296 2929 Sed
312 2885 366 2944 eo,
391 2869 468 2947 quod
490 2877 591 2929 natura
606 2868 712 2928 honum
729 2877 791 2944 est,
808 2868 884 2928 bene
901 2871 942 2928 uti
958 2870 1037 2929 licet.
1072 2870 1164 2929 sinte

130 2971 203 3030 ergo
222 2961 252 3012 et
267 2953 350 3030 ipsae
365 2954 516 3028 materiae,
533 2971 608 3031 quae
627 2953 785 3030 tingentur,
805 2971 890 3031 quam
905 2953 1068 3014 simillimae
1083 2972 1134 3013 ve·

129 3038 243 3112 nitatis,
268 3045 298 3095 et
313 3035 504 3112 declamatio,
528 3039 556 3094 in
578 3046 713 3116 quantum
733 3038 856 3096 maxime
871 3045 986 3114 potest,
1009 3039 1135 3098 imitetur

130 3139 180 3181 eas
197 3122 349 3196 actiones,
373 3121 402 3178 in
425 3139 545 3201 quarum
568 3122 809 3182 exercitationem
829 3130 948 3198 reperta
972 3130 1026 3180 est.
1060 3120 1162 3183 Numi

129 3222 236 3283 mapos
252 3214 282 3264 et
297 3206 500 3283 pestilentiam
516 3215 545 3265 et
560 3224 710 3285 respmtco
725 3215 754 3266 et
768 3206 925 3266 cocciores
939 3207 1066 3284 tropicis
1083 3227 1135 3268 rto·

130 3307 242 3352 cereos
265 3289 382 3367 aliaque
399 3290 491 3367 magis
514 3289 607 3350 adhuc
627 3289 761 3350 fabulosa
781 3289 888 3349 frustra
911 3290 987 3348 inter
1001 3292 1134 3368 sponsio·

131 3391 183 3433 nes
206 3383 236 3434 et
258 3373 414 3434 interdicta
438 3391 622 3453 quaeremus.
662 3373 737 3447 Quid
759 3371 853 3450 ergo?
887 3373 1039 3452 Nunquam
1060 3375 1134 3434 haec

132 3475 218 3537 snpra
240 3458 329 3518 iidem
353 3467 382 3518 et
397 3459 532 3536 poetica,
553 3468 583 3518 ut
597 3477 670 3519 vere
687 3459 819 3535 dixerim,
842 3458 968 3519 themata
984 3457 1135 3519 iuvenibus
