2566 4026
220 183 279 245 194
526 193 561 240 m.
584 193 663 240 ras.
687 193 908 252 cerneremur

217 358 314 409 tatum.
347 346 418 408 Cum
434 346 471 407 sit
487 355 582 406 autem
602 347 630 405 in
645 346 689 406 his
707 357 755 407 aut
770 347 868 407 scelus
881 349 1060 426 signatorum
1076 363 1123 413 aut
1136 354 1217 431 igno·

216 435 321 493 rantia·
341 432 427 491 tutius
445 448 480 490 ac
497 429 611 490 facilius
627 428 666 505 id,
682 431 762 517 quod¹
775 431 904 492 secundo
919 433 987 494 loco
1006 435 1138 514 diximus,
1161 448 1217 498 tra·

186 525 319 592 amatur,
344 532 401 593 quo
421 516 576 593 pauciores
596 515 640 574 rei
656 514 733 574 liunt.
773 516 832 576 Sed
854 515 911 577 hoc
936 519 1030 596 ipsum
1050 532 1218 598 argumenta

217 619 254 660 ex
270 618 357 660 causa
373 599 475 674 trahit,
499 599 524 657 si
543 597 619 657 forte
635 607 684 657 aut
698 598 868 660 incredibile
884 609 944 678 est,
969 602 997 663 id
1019 613 1113 664 actum
1138 624 1216 681 esse,

216 685 294 762 quod
312 683 428 745 tabulae
451 684 615 758 continent,
635 690 699 758 aut,
726 684 803 761 quod
820 683 1001 762 frequentius
1018 690 1129 763 evenit,
1153 690 1217 749 aliis

216 765 435 846 probationibus
463 783 557 843 aeque
584 766 811 826 inartificialibus
834 768 970 838 solvitur;
1001 771 1026 829 si
1049 781 1096 831 aut
1118 774 1160 848 is,
1188 775 1216 831 in

216 869 301 930 quem
321 853 464 929 signatum
486 859 547 926 est,
570 859 619 909 aut
640 850 744 927 aliquis
759 851 889 927 signator
904 853 1008 912 dicitur
1023 854 1152 914 abluisse
1167 857 1217 915 vel

215 937 294 1014 prius
313 953 382 996 esse
400 934 570 999 defunctus:
594 934 618 992 si
640 940 772 1012 tempora
792 950 850 992 non
866 946 1041 1012 congruunt;
1061 939 1085 996 si
1101 939 1150 997 vel
1167 958 1216 998 an-

214 1018 379 1080 tecedentia
414 1017 463 1077 vel
495 1018 675 1096 insequentia
710 1016 815 1076 tabulis
844 1029 1015 1098 repugnant.
1067 1019 1217 1099 inspectio

216 1104 302 1163 etiam
317 1105 380 1182 ipsa
396 1119 487 1180 saepe
502 1101 606 1162 falsum
623 1100 822 1179 deprehendit.

572 1254 616 1304 DE
632 1252 861 1306 IUREIURANDO.

297 1351 346 1413 Vl.
379 1350 635 1412 Iusiurandum
663 1350 825 1428 litigatores
851 1359 899 1410 aut
922 1351 1045 1411 oiierunt
1066 1370 1148 1410 suum
1170 1362 1217 1412 aut

214 1454 272 1497 non
287 1436 431 1515 rccipiunt
449 1435 590 1503 oblatum;
613 1444 662 1496 aut
682 1433 718 1494 ab
741 1435 909 1495 adversario
928 1436 1047 1512 exigunt
1070 1445 1118 1496 aut
1133 1454 1217 1496 reeu-

214 1528 294 1594 sant,
318 1537 382 1578 cum
400 1518 436 1579 ab
457 1520 529 1597 ipsis
552 1520 694 1596 exigatur.
733 1517 847 1578 Oiierre
869 1536 951 1577 suum
972 1520 1034 1578 sine
1051 1519 1102 1580 illa
1119 1522 1216 1581 condi·

184 1605 314 1678 acione,
336 1612 367 1662 ut
383 1603 433 1663 vel
450 1603 635 1663 adversarius
650 1603 740 1676 iuret,
757 1601 821 1661 lere
837 1601 998 1680 improbum
1015 1613 1068 1663 est.
1101 1602 1156 1677 Qui
1175 1613 1216 1664 ta·

213 1705 278 1746 men
294 1687 322 1746 id
339 1685 443 1747 faciet:
469 1694 518 1746 aut
532 1687 590 1745 vita
606 1703 639 1745 se
655 1685 797 1762 tuebitur,
822 1695 852 1745 ut
870 1705 935 1746 eum
951 1703 1009 1747 non
1024 1688 1062 1746 sit
1077 1687 1216 1748 credibile

214 1772 426 1849 peieraturum;
446 1779 494 1830 aut
509 1771 572 1847 ipsa
588 1771 616 1828 vi
637 1768 805 1847 religionis,
826 1770 854 1828 in
870 1787 925 1848 qua
944 1769 1010 1849 plus
1029 1770 1096 1830 iidei
1113 1789 1215 1830 conse-

214 1863 334 1933 quetur,
360 1857 384 1915 si
400 1854 429 1915 id
447 1855 556 1931 egerit,
579 1862 609 1912 ut
629 1870 686 1913 non
710 1854 815 1932 cupide
839 1853 947 1913 adhoc
967 1853 1149 1914 descendere
1164 1856 1216 1915 sed

213 1957 249 1998 ne
271 1939 329 1999 hoc
355 1938 470 2017 quidem
497 1955 635 1997 recusare
655 1937 801 2006 videatur:
835 1946 898 2012 aut,
922 1940 946 1996 si
971 1956 1059 1998 causa
1079 1939 1216 2016 patietur⁷

213 2022 298 2082 modo
315 2022 388 2097 litis,
411 2029 532 2101 propter
555 2039 639 2099 quam
665 2021 822 2081 devoturus
839 2023 952 2099 seipse
970 2039 1027 2081 non
1048 2022 1148 2091 luerit;
1170 2032 1218 2082 aut

214 2115 332 2184 praeter
356 2106 411 2166 alia
434 2123 540 2166 causae
563 2107 750 2166 instrumenta
777 2105 874 2165 adiicit
896 2123 934 2164 ex
962 2105 1115 2166 abundanti
1144 2107 1217 2166 hanc

186 2197 333 2269 iquoque
350 2190 547 2250 conscientiae
575 2207 646 2250 suae
676 2189 817 2249 fiduciam.
862 2188 918 2263 Qui
943 2207 1000 2249 non
1022 2191 1161 2268 recipiet:
1188 2200 1217 2248 et

213 2275 338 2352 iniquam
356 2273 556 2334 condicionem
572 2283 601 2333 et
617 2293 633 2334 a
648 2273 744 2334 multis
756 2274 901 2334 contemni
915 2273 1096 2334 iurisiurandi
1111 2283 1217 2332 metum

213 2358 301 2433 dicet,
319 2376 382 2418 cum
394 2359 480 2418 etiam
491 2357 660 2437 philosophi
675 2357 788 2436 quidam
800 2358 856 2417 sint
867 2359 988 2436 reperti,
1003 2360 1051 2436 qui
1063 2357 1135 2417 deos
1148 2375 1216 2434 age·

213 2461 246 2502 re
262 2460 358 2502 rerum
373 2442 558 2502 humanamm
574 2461 671 2502 curam
686 2449 805 2518 negant;
822 2459 887 2501 eum
904 2459 987 2519 vero,
1005 2444 1053 2520 qui
1069 2442 1149 2502 nullu
1168 2443 1216 2501 de·

213 2526 327 2586 ferente
348 2527 443 2587 iurare
462 2527 499 2585 sit
514 2534 648 2604 paratus,
673 2534 702 2586 et
719 2527 813 2604 ipsum
827 2526 908 2585 velle
924 2525 961 2584 de
978 2543 1065 2585 causa
1080 2544 1131 2585 sua
1149 2543 1215 2603 pro-

143 2612 153 2637 '
212 2612 343 2670 nuntiare
367 2619 411 2686 et,
435 2626 519 2688 quam
539 2609 584 2685 id,
619 2609 696 2687 quod
719 2609 821 2684 offert,
845 2609 912 2669 leve
935 2627 969 2668 ac
994 2608 1083 2668 lacile
1105 2609 1215 2683 credat,

187 2694 378 2757 hostendere.
413 2691 453 2753 At
477 2694 518 2768 is,
541 2695 589 2770 qui
607 2692 717 2767 defert,
740 2693 849 2769 alioqui
871 2708 960 2768 agere
981 2688 1114 2748 modeste
1135 2690 1215 2748 vide·

213 2787 269 2852 tur,
287 2796 351 2837 cum
366 2776 424 2837 litis
444 2776 640 2836 adversarium
655 2775 779 2836 iudicem
796 2774 900 2849 iaciat,
923 2783 1048 2847 etcum,
1068 2774 1149 2831 cuius
1166 2790 1215 2832 co·

213 2862 303 2940 gnitio
327 2870 387 2937 est,
416 2877 506 2920 onere
533 2858 652 2935 liberat,
681 2860 728 2936 qui
754 2857 890 2936 proiecto
914 2857 1009 2917 alieno
1032 2857 1215 2917 iureiurando

185 2946 284 3010 astari
310 2961 394 3023 quam
414 2960 468 3004 suo
495 2943 612 3003 mavult.
656 2942 721 3016 Quo
746 2941 891 3001 difficilior
911 2941 1057 3000 recusatio
1079 2950 1140 3016 est,
1162 2944 1216 3000 nisi

212 3028 290 3089 iorte
313 3047 362 3088 res
385 3037 502 3104 esico,
526 3045 610 3105 quam
632 3024 773 3086 credibile
799 3026 837 3084 sit
860 3034 956 3085 notam
979 3025 1034 3102 ipsi
1055 3040 1112 3084 non
1135 3042 1212 3083 esse.

214 3112 296 3186 Quae
315 3113 465 3172 excusatio
482 3112 507 3170 si
523 3110 632 3171 deerit:
649 3110 706 3170 hoc
722 3126 807 3168 unum
822 3108 1013 3187 relinquetur,
1032 3116 1063 3167 ut
1082 3108 1216 3168 invidiam

213 3195 268 3255 sibi
288 3197 388 3275 quaeri
410 3195 446 3255 ab
462 3194 630 3255 adversario
649 3193 727 3254 dicat
746 3201 832 3271 atque
849 3191 877 3252 id
895 3194 959 3270 agi,
981 3201 1012 3251 ut
1027 3193 1056 3251 in
1072 3210 1169 3268 causa,
1189 3194 1217 3251 in

214 3295 271 3357 qua
291 3281 409 3340 vincere
425 3296 483 3339 noo
495 3280 604 3358 possit,
628 3278 710 3356 queri
725 3277 828 3356 possit.
873 3275 975 3354 ltaque
995 3276 1138 3336 hominem
1155 3275 1216 3354 qui·

213 3360 279 3422 dem
294 3362 397 3422 malum
415 3371 623 3441 occupaturum
639 3361 713 3421 hanc
729 3360 930 3422 condicionem
944 3358 1047 3439 fuisse,
1066 3379 1100 3421 se
1120 3369 1216 3420 autem

213 3444 340 3524 probare
358 3447 462 3523 malle,
488 3463 563 3524 quae
580 3443 719 3522 affirmet,
745 3462 828 3525 quam
847 3444 961 3505 dubium
980 3447 1112 3525 cuiquam
1129 3444 1214 3503 relin-
