2566 4026
158 112 221 177 262
483 122 848 183 u.sna.oururm1nru1

159 281 333 361 scripsisse,
352 279 376 339 si
391 278 449 340 alia
465 297 503 338 ex
519 278 651 353 diverso,
669 295 754 358 quam
769 278 878 356 opinati
893 275 1015 354 inerint,
1032 294 1180 338 occurre·

116 368 222 434 rrrtnt.
260 364 345 424 Inviti
361 364 437 423 enim
456 362 600 423 recedunt
621 380 637 423 a
654 361 836 441 praeparatis
861 371 891 423 et
907 369 969 424 tota
990 363 1118 422 actione
1135 381 1181 424 re·

158 451 284 530 spiciunt
308 449 534 526 requiruntqne,
563 464 628 506 num
649 445 757 525 aliquid
780 445 893 507 exiliis
911 445 1066 507 intervelli
1090 455 1180 526 atque

158 553 198 596 ex
213 544 347 612 tempore
359 531 490 592 dicendis
505 532 595 591 inseri
611 531 719 608 possit;
737 530 815 607 quod
830 532 855 590 si
870 532 933 592 hat:
956 548 1018 590 non
1031 531 1180 593 cohaeret

157 637 214 679 nec
238 617 435 678 commissuris
457 615 561 692 modo,
587 623 617 674 ut
631 616 660 674 in
676 631 769 693 opere
784 613 861 676 male
881 617 1000 692 iuncto,
1025 615 1178 678 hiantibus

116 703 210 768 lesed
235 704 299 781 ipsa
321 699 431 760 coloris
454 698 662 779 inaequalitate
685 698 841 777 detegitur.
883 697 926 760 lta
946 717 1003 760 ucc
1027 700 1112 761 liber
1133 709 1177 762 est
1239 714 1243 757 :

158 789 283 866 impetus
304 803 361 845 nec
385 802 454 845 cura
477 792 630 860 contexta,
660 792 690 843 et
704 791 857 863 utrumque
872 784 957 845 alteri
979 784 1098 855 obstat;
1127 784 1177 846 illa

160 873 250 945 enirn,
275 887 349 948 quae
371 870 480 947 scripta
496 877 576 946 sunt,
602 868 729 928 retinent
748 870 890 945 animum,
914 884 972 928 non
997 878 1174 949 sequuntur.

158 953 260 1034 ltaque
274 955 303 1013 in
314 954 359 1014 his
374 953 537 1014 actionibus
553 953 643 1026 omni,
661 961 692 1011 ut
704 951 855 1031 agricolae
868 954 976 1029 dicunt,
991 955 1079 1033 pede
1089 962 1174 1017 stan·

117 1041 233 1104 lidum
244 1046 298 1103 est.
326 1035 400 1097 Nam
412 1056 476 1098 cunr
490 1039 520 1097 in
536 1038 738 1116 propositione
755 1054 790 1097 ac
802 1037 978 1099 refutatione
996 1055 1089 1099 causa
1106 1055 1175 1099 con·

160 1125 260 1185 sistat:
284 1140 359 1200 quae
375 1131 493 1183 nostrae
509 1124 600 1201 partis
616 1130 697 1198 sunt,
717 1123 827 1199 scripta
844 1140 911 1183 esse
927 1131 1069 1201 possunt;
1099 1140 1175 1201 quae

160 1210 246 1268 etiam
267 1224 474 1286 responsurum
495 1206 692 1267 adversarium
719 1215 831 1266 certum
854 1216 916 1282 est,
943 1207 1006 1285 (est
1028 1209 1108 1268 enim
1124 1206 1175 1268 ali·

160 1291 274 1370 quando
289 1292 414 1370 certum)
431 1291 494 1369 pari
510 1309 579 1352 cura
595 1290 779 1351 refelluntur.
809 1289 856 1352 Ad
870 1290 927 1352 alia
942 1308 1028 1351 unum
1040 1300 1175 1370 paratum

160 1376 266 1436 afferre
289 1392 461 1454 possumus,
488 1384 518 1435 ut
540 1393 656 1436 causam
676 1374 752 1435 bene
775 1377 957 1444 noverimus3
986 1376 1116 1437 alterum
1136 1374 1176 1436 ibi

117 1472 286 1537 desumere,
305 1470 336 1520 ut
352 1460 496 1520 dicentem
514 1460 712 1521 adversarium
727 1459 884 1538 diligenter
899 1460 1060 1521 audiamus.
1092 1459 1176 1521 hicet

159 1555 254 1606 tamen
270 1546 479 1624 praecogitare
494 1545 578 1622 plura
594 1552 623 1604 et
638 1545 759 1605 animum
774 1546 811 1604 ad
829 1561 930 1604 omnes
948 1562 1034 1604 casus
1053 1561 1174 1624 compo·
1244 1538 1248 1547 '

160 1647 249 1706 nere,
271 1629 358 1708 idque
382 1637 427 1688 est
447 1630 533 1689 tutius
550 1628 635 1704 stilo,
661 1644 719 1707 quo
742 1627 857 1689 facilius
882 1637 911 1689 et
930 1629 1073 1688 omittitur
1092 1629 1174 1707 cogi·

160 1715 231 1773 tatio
254 1723 284 1773 et
304 1712 486 1774 transfertur.
527 1713 587 1774 Sed
609 1714 671 1773 sive
695 1713 723 1772 in
739 1713 950 1791 respondendo
964 1712 1053 1772 buerit
1075 1712 1174 1774 subito

162 1796 331 1873 dicendum,
354 1797 417 1856 sive
437 1815 511 1876 quae
531 1796 588 1857 alia
607 1798 741 1874 exegerit
756 1799 848 1873 ratio,
876 1814 1020 1877 nunquam
1046 1814 1174 1877 oppres·

161 1898 224 1940 sum
241 1898 274 1939 se
288 1898 324 1941 ac
340 1880 553 1958 deprehensum
571 1880 672 1940 credet
687 1890 802 1958 orator,
826 1884 872 1942 cui
891 1881 1044 1961 disciplina
1064 1891 1095 1942 et
1112 1891 1174 1942 stn-

118 1963 236 2030 aldium
258 1972 287 2023 et
308 1965 480 2024 exercitatio
497 1964 611 2025 dederit
628 1965 706 2024 vires
730 1967 816 2026 etiam
836 1965 999 2036 facilitatis;
1024 1984 1175 2047 quemque

162 2056 299 2108 armatum
315 2066 432 2127 semper
444 2067 478 2110 ac
493 2049 574 2110 velut
588 2050 617 2108 in
631 2051 782 2128 procinctu
799 2059 922 2111 stantem
935 2067 992 2111 non
1007 2051 1103 2128 magis
1122 2070 1174 2111 nn·
1251 2066 1254 2073 ·

162 2148 247 2210 quam
264 2133 293 2191 in
305 2135 400 2193 causis
421 2135 515 2195 oratio
532 2152 616 2213 quam
632 2134 763 2194 inrebus
780 2135 933 2196 cotidianis
949 2154 983 2196 ac
1000 2135 1174 2196 domesticis

161 2234 259 2276 sermo
276 2216 410 2288 deliciet;
432 2238 488 2280 nec
506 2237 539 2279 se
557 2237 681 2298 unquam
694 2227 817 2298 propter
834 2219 892 2280 hoc
907 2221 988 2280 oneri
1006 2218 1173 2295 subtrahet,
1254 2276 1258 2289 ,

161 2301 248 2361 modo
264 2303 301 2362 sit
318 2319 424 2364 causae
438 2303 595 2366 discendae
610 2312 738 2382 tempus;
755 2320 820 2364 nam
836 2312 936 2365 cetera
953 2321 1073 2382 semper
1085 2305 1172 2364 sciet.

488 2457 532 2506 DE
551 2457 679 2508 GENERE
697 2455 840 2506 DIGENDI.

235 2554 281 2614 -X.
316 2557 478 2634 Superest,
499 2566 531 2616 nt
552 2557 644 2618 dicam
661 2556 698 2617 de
718 2574 861 2635 genere
885 2557 1080 2616 orationis.
1117 2553 1174 2616 llic

161 2648 225 2699 erat
244 2643 413 2718 propositus
429 2641 541 2701 anobis
557 2643 586 2701 in
603 2640 745 2701 divisione
761 2642 852 2719 prima
868 2639 952 2701 locus
969 2641 1088 2709 tertius;
1106 2655 1174 2699 nam
1270 2649 1282 2706 i

161 2725 199 2783 ita
216 2726 424 2801 promiseram,
441 2744 487 2785 me
505 2724 541 2785 de
557 2735 635 2802 arte,
653 2725 690 2785 de
707 2725 837 2800 artifice,
855 2724 891 2785 de
908 2740 1000 2803 opere
1016 2723 1172 2784 dicturum.

162 2804 234 2867 Cum
249 2810 286 2868 sit
302 2818 396 2869 autem
418 2810 580 2870 rhetorices
597 2820 684 2889 atque
701 2810 827 2871 oratoris
847 2826 921 2886 opus
945 2809 1038 2869 oratio
1054 2808 1174 2887 plures-

163 2909 219 2970 que
236 2894 297 2952 eius
312 2892 441 2970 iormae,
463 2895 538 2955 sicut
561 2894 724 2955 ostendam:
753 2896 782 2954 in
803 2893 935 2953 omnibus
951 2893 996 2954 his
1013 2900 1042 2952 et
1057 2909 1106 2952 ars
1123 2899 1172 2950 est

162 2984 191 3035 et
207 2976 323 3053 artilex,
342 2977 493 3056 plurimum
508 2988 604 3039 tamen
618 2980 741 3039 invicem
753 2978 903 3047 differunt;
919 2995 975 3037 nco
990 2976 1085 3036 solum
1102 2993 1172 3055 spe·

163 3061 224 3136 cie,
240 3069 271 3119 ut
290 3063 403 3138 signum
423 3065 507 3141 signo
525 3073 554 3123 et
570 3062 668 3124 tabula
687 3061 804 3124 tabulae
823 3070 852 3122 et
872 3063 948 3123 actio
965 3060 1090 3136 actioni,
1117 3059 1172 3120 sed

161 3162 272 3220 genere
290 3147 370 3224 ipso,
390 3155 420 3207 ut
435 3146 555 3208 Graccis
571 3147 753 3207 Tuscanicae
768 3156 898 3222 statuae,
917 3154 948 3205 ut
963 3144 1090 3205 Asianus
1107 3143 1172 3205 elo·

132 3236 255 3305 lquens
272 3228 380 3290 Attico.
416 3233 492 3291 Suos
508 3241 602 3293 autem
617 3232 690 3292 haec
708 3249 829 3310 operum
845 3247 973 3307 genera,
997 3245 1073 3308 quae
1090 3228 1170 3305 dico,

162 3318 192 3368 ut
213 3321 350 3372 auctores
366 3316 409 3375 sic
428 3317 513 3376 etiam
535 3324 680 3376 amatores
696 3315 818 3384 habent;
844 3323 931 3393 atque
953 3312 1021 3373 ideo
1044 3312 1171 3373 nondum

163 3402 208 3452 est
230 3396 380 3472 perfectus
397 3410 497 3461 orator
512 3418 547 3461 ac
564 3402 664 3460 nescio
683 3417 719 3460 an
734 3417 781 3459 ars
802 3398 878 3476 ulla,
902 3415 960 3458 non
984 3395 1080 3458 solum
1101 3395 1171 3476 quia
