<?xml version="1.0" encoding="UTF-8"?>
<!DOCTYPE html PUBLIC "-//W3C//DTD XHTML 1.0 Transitional//EN"
    "http://www.w3.org/TR/xhtml1/DTD/xhtml1-transitional.dtd">
<html xmlns="http://www.w3.org/1999/xhtml" xml:lang="en" lang="en">
 <head>
  <title>
</title>
<meta http-equiv="Content-Type" content="text/html;charset=utf-8" />
  <meta name='ocr-system' content='tesseract 3.04.00' />
  <meta name='ocr-capabilities' content='ocr_page ocr_carea ocr_par ocr_line ocrx_word'/>
</head>
<body>
  <div class='ocr_page' id='page_1' title='image "./mfabiiquintilia00bonngoog/mfabiiquintilia00bonngoog_0534.png"; bbox 0 0 2566 4026; ppageno 0'>
   <div class='ocr_carea' id='block_1_1' title="bbox 395 182 1118 259">
    <p class='ocr_par' dir='ltr' id='par_1_1' title="bbox 395 182 1118 259">
     <span class='ocr_line' id='line_1_1' title="bbox 395 182 1118 259; baseline -0.003 -16"><span class='ocrx_word' id='word_1_1' title='bbox 395 195 485 243; x_wconf 79' lang='lat' dir='ltr'><strong>mrsu.</strong></span> <span class='ocrx_word' id='word_1_2' title='bbox 507 193 656 242; x_wconf 80' lang='lat' dir='ltr'><strong>onsuou.</strong></span> <span class='ocrx_word' id='word_1_3' title='bbox 679 194 748 240; x_wconf 80' lang='lat' dir='ltr'><strong>nro.</strong></span> <span class='ocrx_word' id='word_1_4' title='bbox 765 194 817 259; x_wconf 78' lang='grc' dir='ltr'>ιιι,</span> <span class='ocrx_word' id='word_1_5' title='bbox 834 191 861 243; x_wconf 87' lang='grc'><strong>1.</strong></span> <span class='ocrx_word' id='word_1_6' title='bbox 1061 182 1118 243; x_wconf 80' lang='grc'><strong>197</strong></span> 
     </span>
    </p>
   </div>
   <div class='ocr_carea' id='block_1_2' title="bbox 112 348 1172 1267">
    <p class='ocr_par' dir='ltr' id='par_1_2' title="bbox 112 348 1172 1267">
     <span class='ocr_line' id='line_1_2' title="bbox 115 348 1123 432; baseline -0.005 -18"><span class='ocrx_word' id='word_1_7' title='bbox 115 363 214 414; x_wconf 90' lang='lat' dir='ltr'><strong>natura</strong></span> <span class='ocrx_word' id='word_1_8' title='bbox 240 371 340 432; x_wconf 86' lang='lat' dir='ltr'><strong>parum</strong></span> <span class='ocrx_word' id='word_1_9' title='bbox 367 352 504 429; x_wconf 90' lang='lat' dir='ltr'><strong>speciosa</strong></span> <span class='ocrx_word' id='word_1_10' title='bbox 528 366 661 427; x_wconf 87' lang='lat' dir='ltr'><strong>quaeque</strong></span> <span class='ocrx_word' id='word_1_11' title='bbox 681 365 739 407; x_wconf 91' lang='lat' dir='ltr'><strong>nou</strong></span> <span class='ocrx_word' id='word_1_12' title='bbox 765 348 880 423; x_wconf 82' lang='lat' dir='ltr'>dicere,</span> <span class='ocrx_word' id='word_1_13' title='bbox 909 349 934 407; x_wconf 91' lang='lat' dir='ltr'><strong>si</strong></span> <span class='ocrx_word' id='word_1_14' title='bbox 956 349 1123 409; x_wconf 87' lang='lat' dir='ltr'><strong>utrumlibet</strong></span> 
     </span>
     <span class='ocr_line' id='line_1_3' title="bbox 114 432 1122 511; baseline -0.004 -14"><span class='ocrx_word' id='word_1_15' title='bbox 114 447 195 498; x_wconf 88' lang='lat' dir='ltr'><strong>esset</strong></span> <span class='ocrx_word' id='word_1_16' title='bbox 210 437 348 511; x_wconf 91' lang='lat' dir='ltr'><strong>liberum,</strong></span> <span class='ocrx_word' id='word_1_17' title='bbox 369 433 585 509; x_wconf 78' lang='lat' dir='ltr'><strong>maluissemus,</strong></span> <span class='ocrx_word' id='word_1_18' title='bbox 609 449 667 491; x_wconf 91' lang='lat' dir='ltr'><strong>nou</strong></span> <span class='ocrx_word' id='word_1_19' title='bbox 683 441 778 492; x_wconf 89' lang='lat' dir='ltr'><strong>tamen</strong></span> <span class='ocrx_word' id='word_1_20' title='bbox 800 433 856 491; x_wconf 87' lang='lat' dir='ltr'><strong>sint</strong></span> <span class='ocrx_word' id='word_1_21' title='bbox 871 432 1009 492; x_wconf 91' lang='lat' dir='ltr'><strong>indecora</strong></span> <span class='ocrx_word' id='word_1_22' title='bbox 1025 433 1122 493; x_wconf 92' lang='lat' dir='ltr'><strong>dicen-</strong></span> 
     </span>
     <span class='ocr_line' id='line_1_4' title="bbox 114 515 1165 597; baseline -0.002 -16"><span class='ocrx_word' id='word_1_23' title='bbox 114 522 200 582; x_wconf 86' lang='lat' dir='ltr'><strong>tibus.</strong></span> <span class='ocrx_word' id='word_1_24' title='bbox 232 520 307 594; x_wconf 83' lang='lat' dir='ltr'>Quid</span> <span class='ocrx_word' id='word_1_25' title='bbox 322 519 502 597; x_wconf 80' lang='lat' dir='ltr'><strong>asperiorem</strong></span> <span class='ocrx_word' id='word_1_26' title='bbox 519 515 628 576; x_wconf 89' lang='lat' dir='ltr'><strong>habere</strong></span> <span class='ocrx_word' id='word_1_27' title='bbox 645 517 770 576; x_wconf 87' lang='lat' dir='ltr'><strong>frontem</strong></span> <span class='ocrx_word' id='word_1_28' title='bbox 785 525 884 594; x_wconf 89' lang='lat' dir='ltr'><strong>potest</strong></span> <span class='ocrx_word' id='word_1_29' title='bbox 900 524 948 575; x_wconf 93' lang='lat' dir='ltr'><strong>aut</strong></span> <span class='ocrx_word' id='word_1_30' title='bbox 960 517 1027 593; x_wconf 90' lang='lat' dir='ltr'><strong>quid</strong></span> <span class='ocrx_word' id='word_1_31' title='bbox 1039 534 1123 579; x_wconf 90' lang='lat' dir='ltr'><strong>aures</strong></span> <span class='ocrx_word' id='word_1_32' title='bbox 1131 530 1165 585; x_wconf 84' lang='lat'><strong>61</strong></span> 
     </span>
     <span class='ocr_line' id='line_1_5' title="bbox 114 599 1123 680; baseline -0.003 -15"><span class='ocrx_word' id='word_1_33' title='bbox 114 605 260 666; x_wconf 90' lang='lat' dir='ltr'><strong>hominum</strong></span> <span class='ocrx_word' id='word_1_34' title='bbox 275 604 368 680; x_wconf 82' lang='lat' dir='ltr'><strong>magis</strong></span> <span class='ocrx_word' id='word_1_35' title='bbox 383 610 533 680; x_wconf 87' lang='lat' dir='ltr'><strong>respuunt,</strong></span> <span class='ocrx_word' id='word_1_36' title='bbox 553 617 637 678; x_wconf 90' lang='lat' dir='ltr'><strong>quam</strong></span> <span class='ocrx_word' id='word_1_37' title='bbox 653 618 717 660; x_wconf 91' lang='lat' dir='ltr'><strong>cum</strong></span> <span class='ocrx_word' id='word_1_38' title='bbox 733 609 778 659; x_wconf 87' lang='lat' dir='ltr'><strong>est</strong></span> <span class='ocrx_word' id='word_1_39' title='bbox 794 599 854 659; x_wconf 86' lang='lat' dir='ltr'><strong>lilio</strong></span> <span class='ocrx_word' id='word_1_40' title='bbox 871 600 959 660; x_wconf 84' lang='lat' dir='ltr'><strong>liliive</strong></span> <span class='ocrx_word' id='word_1_41' title='bbox 974 600 1123 662; x_wconf 88' lang='lat' dir='ltr'><strong>advocatis</strong></span> 
     </span>
     <span class='ocr_line' id='line_1_6' title="bbox 113 682 1123 766; baseline -0.002 -18"><span class='ocrx_word' id='word_1_42' title='bbox 113 691 142 749; x_wconf 93' lang='lat' dir='ltr'><strong>in</strong></span> <span class='ocrx_word' id='word_1_43' title='bbox 157 697 279 748; x_wconf 90' lang='lat' dir='ltr'><strong>matrem</strong></span> <span class='ocrx_word' id='word_1_44' title='bbox 295 683 509 766; x_wconf 81' lang='lat' dir='ltr'><strong>perorandum?</strong></span> <span class='ocrx_word' id='word_1_45' title='bbox 538 682 702 762; x_wconf 82' lang='lat' dir='ltr'><strong>Aliquando</strong></span> <span class='ocrx_word' id='word_1_46' title='bbox 718 693 813 744; x_wconf 89' lang='lat' dir='ltr'><strong>tamen</strong></span> <span class='ocrx_word' id='word_1_47' title='bbox 830 701 955 744; x_wconf 89' lang='lat' dir='ltr'><strong>necesse</strong></span> <span class='ocrx_word' id='word_1_48' title='bbox 971 693 1026 761; x_wconf 87' lang='lat' dir='ltr'><strong>est,</strong></span> <span class='ocrx_word' id='word_1_49' title='bbox 1043 694 1074 744; x_wconf 90' lang='lat' dir='ltr'><strong>ut</strong></span> <span class='ocrx_word' id='word_1_50' title='bbox 1094 689 1123 746; x_wconf 92' lang='lat' dir='ltr'><strong>iu</strong></span> 
     </span>
     <span class='ocr_line' id='line_1_7' title="bbox 116 768 1124 848; baseline -0.003 -16"><span class='ocrx_word' id='word_1_51' title='bbox 116 790 205 832; x_wconf 89' lang='lat' dir='ltr'><strong>causa</strong></span> <span class='ocrx_word' id='word_1_52' title='bbox 220 769 345 831; x_wconf 81' lang='lat' dir='ltr'><strong>Cluentii</strong></span> <span class='ocrx_word' id='word_1_53' title='bbox 361 769 467 830; x_wconf 86' lang='lat' dir='ltr'><strong>Habiti.</strong></span> <span class='ocrx_word' id='word_1_54' title='bbox 506 768 565 828; x_wconf 88' lang='lat' dir='ltr'><strong>Sed</strong></span> <span class='ocrx_word' id='word_1_55' title='bbox 581 785 638 828; x_wconf 91' lang='lat' dir='ltr'><strong>nou</strong></span> <span class='ocrx_word' id='word_1_56' title='bbox 653 787 770 848; x_wconf 88' lang='lat' dir='ltr'><strong>semper</strong></span> <span class='ocrx_word' id='word_1_57' title='bbox 789 768 839 828; x_wconf 93' lang='lat' dir='ltr'><strong>illa</strong></span> <span class='ocrx_word' id='word_1_58' title='bbox 862 770 925 844; x_wconf 88' lang='lat' dir='ltr'><strong>via,</strong></span> <span class='ocrx_word' id='word_1_59' title='bbox 951 785 1007 847; x_wconf 94' lang='lat' dir='ltr'><strong>qua</strong></span> <span class='ocrx_word' id='word_1_60' title='bbox 1024 778 1124 830; x_wconf 90' lang='lat' dir='ltr'><strong>contra</strong></span> 
     </span>
     <span class='ocr_line' id='line_1_8' title="bbox 115 852 1123 932; baseline -0.003 -16"><span class='ocrx_word' id='word_1_61' title='bbox 115 857 227 916; x_wconf 89' lang='lat' dir='ltr'><strong>Sasiam</strong></span> <span class='ocrx_word' id='word_1_62' title='bbox 248 853 352 915; x_wconf 80' lang='lat' dir='ltr'><strong>Cicero</strong></span> <span class='ocrx_word' id='word_1_63' title='bbox 374 873 443 912; x_wconf 94' lang='lat' dir='ltr'><strong>usus</strong></span> <span class='ocrx_word' id='word_1_64' title='bbox 467 862 526 922; x_wconf 87' lang='lat' dir='ltr'><strong>est;</strong></span> <span class='ocrx_word' id='word_1_65' title='bbox 550 869 608 912; x_wconf 91' lang='lat' dir='ltr'><strong>nou</strong></span> <span class='ocrx_word' id='word_1_66' title='bbox 631 855 698 932; x_wconf 92' lang='lat' dir='ltr'><strong>quia</strong></span> <span class='ocrx_word' id='word_1_67' title='bbox 720 871 778 912; x_wconf 94' lang='lat' dir='ltr'><strong>non</strong></span> <span class='ocrx_word' id='word_1_68' title='bbox 793 852 842 911; x_wconf 89' lang='lat' dir='ltr'><strong>ille</strong></span> <span class='ocrx_word' id='word_1_69' title='bbox 858 852 966 931; x_wconf 86' lang='lat' dir='ltr'><strong>optime</strong></span> <span class='ocrx_word' id='word_1_70' title='bbox 982 860 1043 927; x_wconf 90' lang='lat' dir='ltr'><strong>est,</strong></span> <span class='ocrx_word' id='word_1_71' title='bbox 1070 855 1123 913; x_wconf 90' lang='lat' dir='ltr'><strong>sed</strong></span> 
     </span>
     <span class='ocr_line' id='line_1_9' title="bbox 115 935 1165 1019; baseline 0 -20"><span class='ocrx_word' id='word_1_72' title='bbox 115 942 181 1019; x_wconf 91' lang='lat' dir='ltr'><strong>quia</strong></span> <span class='ocrx_word' id='word_1_73' title='bbox 198 939 350 1018; x_wconf 91' lang='lat' dir='ltr'><strong>plurimum</strong></span> <span class='ocrx_word' id='word_1_74' title='bbox 365 938 472 1013; x_wconf 87' lang='lat' dir='ltr'><strong>refert,</strong></span> <span class='ocrx_word' id='word_1_75' title='bbox 493 955 548 1016; x_wconf 94' lang='lat' dir='ltr'><strong>qua</strong></span> <span class='ocrx_word' id='word_1_76' title='bbox 565 939 594 996; x_wconf 92' lang='lat' dir='ltr'><strong>iu</strong></span> <span class='ocrx_word' id='word_1_77' title='bbox 608 955 642 996; x_wconf 87' lang='lat' dir='ltr'><strong>re</strong></span> <span class='ocrx_word' id='word_1_78' title='bbox 660 947 689 997; x_wconf 88' lang='lat' dir='ltr'><strong>et</strong></span> <span class='ocrx_word' id='word_1_79' title='bbox 704 954 762 1015; x_wconf 94' lang='lat' dir='ltr'><strong>quo</strong></span> <span class='ocrx_word' id='word_1_80' title='bbox 778 937 864 996; x_wconf 93' lang='lat' dir='ltr'><strong>modo</strong></span> <span class='ocrx_word' id='word_1_81' title='bbox 882 935 988 996; x_wconf 90' lang='lat' dir='ltr'><strong>laedat.</strong></span> <span class='ocrx_word' id='word_1_82' title='bbox 1021 935 1165 1014; x_wconf 77' lang='lat' dir='ltr'><strong>laqueos</strong></span> 
     </span>
     <span class='ocr_line' id='line_1_10' title="bbox 112 1020 1122 1101; baseline -0.004 -18"><span class='ocrx_word' id='word_1_83' title='bbox 112 1024 172 1098; x_wconf 88' lang='lat' dir='ltr'><strong>illa,</strong></span> <span class='ocrx_word' id='word_1_84' title='bbox 190 1042 254 1082; x_wconf 90' lang='lat' dir='ltr'><strong>cum</strong></span> <span class='ocrx_word' id='word_1_85' title='bbox 269 1023 319 1082; x_wconf 88' lang='lat' dir='ltr'><strong>lilii</strong></span> <span class='ocrx_word' id='word_1_86' title='bbox 335 1031 422 1100; x_wconf 87' lang='lat' dir='ltr'><strong>caput</strong></span> <span class='ocrx_word' id='word_1_87' title='bbox 437 1021 532 1101; x_wconf 93' lang='lat' dir='ltr'><strong>palam</strong></span> <span class='ocrx_word' id='word_1_88' title='bbox 543 1023 735 1099; x_wconf 83' lang='lat' dir='ltr'><strong>impugnaret,</strong></span> <span class='ocrx_word' id='word_1_89' title='bbox 752 1021 865 1081; x_wconf 82' lang='lat' dir='ltr'><strong>fortiter</strong></span> <span class='ocrx_word' id='word_1_90' title='bbox 877 1020 930 1079; x_wconf 89' lang='lat' dir='ltr'><strong>luit</strong></span> <span class='ocrx_word' id='word_1_91' title='bbox 940 1020 1122 1098; x_wconf 90' lang='lat' dir='ltr'><strong>repellenda.</strong></span> 
     </span>
     <span class='ocr_line' id='line_1_11' title="bbox 112 1101 1122 1184; baseline -0.002 -17"><span class='ocrx_word' id='word_1_92' title='bbox 112 1108 179 1167; x_wconf 90' lang='lat' dir='ltr'><strong>Duo</strong></span> <span class='ocrx_word' id='word_1_93' title='bbox 202 1116 313 1183; x_wconf 84' lang='lat' dir='ltr'><strong>tamen,</strong></span> <span class='ocrx_word' id='word_1_94' title='bbox 341 1124 416 1184; x_wconf 92' lang='lat' dir='ltr'><strong>quae</strong></span> <span class='ocrx_word' id='word_1_95' title='bbox 438 1105 502 1165; x_wconf 89' lang='lat' dir='ltr'><strong>sola</strong></span> <span class='ocrx_word' id='word_1_96' title='bbox 526 1115 714 1184; x_wconf 85' lang='lat' dir='ltr'><strong>supereraut,</strong></span> <span class='ocrx_word' id='word_1_97' title='bbox 738 1106 834 1166; x_wconf 89' lang='lat' dir='ltr'><strong>diviue</strong></span> <span class='ocrx_word' id='word_1_98' title='bbox 857 1101 962 1164; x_wconf 81' lang='lat' dir='ltr'><strong>Cicero</strong></span> <span class='ocrx_word' id='word_1_99' title='bbox 985 1107 1122 1165; x_wconf 84' lang='lat' dir='ltr'><strong>servavit.</strong></span> 
     </span>
     <span class='ocr_line' id='line_1_12' title="bbox 112 1188 1172 1267; baseline -0.007 -17"><span class='ocrx_word' id='word_1_100' title='bbox 112 1192 254 1265; x_wconf 89' lang='lat' dir='ltr'><strong>Primum,</strong></span> <span class='ocrx_word' id='word_1_101' title='bbox 280 1209 317 1250; x_wconf 88' lang='lat' dir='ltr'><strong>ne</strong></span> <span class='ocrx_word' id='word_1_102' title='bbox 336 1190 560 1250; x_wconf 89' lang='lat' dir='ltr'><strong>oblivisceretur</strong></span> <span class='ocrx_word' id='word_1_103' title='bbox 575 1191 776 1265; x_wconf 84' lang='lat' dir='ltr'><strong>reverentiae,</strong></span> <span class='ocrx_word' id='word_1_104' title='bbox 798 1207 873 1267; x_wconf 93' lang='lat' dir='ltr'><strong>quae</strong></span> <span class='ocrx_word' id='word_1_105' title='bbox 890 1188 1057 1266; x_wconf 91' lang='lat' dir='ltr'><strong>parentibus</strong></span> <span class='ocrx_word' id='word_1_106' title='bbox 1074 1189 1123 1248; x_wconf 91' lang='lat' dir='ltr'><strong>de·</strong></span> <span class='ocrx_word' id='word_1_107' title='bbox 1171 1239 1172 1243; x_wconf 75' lang='grc'>,</span> 
     </span>
    </p>
   </div>
   <div class='ocr_carea' id='block_1_3' title="bbox 13 1273 1123 1355">
    <p class='ocr_par' dir='ltr' id='par_1_3' title="bbox 13 1273 1123 1355">
     <span class='ocr_line' id='line_1_13' title="bbox 13 1273 1123 1355; baseline -0.001 -21"><span class='ocrx_word' id='word_1_108' title='bbox 13 1352 15 1355; x_wconf 22' lang='grc' dir='ltr'>Ι</span> <span class='ocrx_word' id='word_1_109' title='bbox 112 1274 210 1343; x_wconf 88' lang='lat' dir='ltr'><strong>betur;</strong></span> <span class='ocrx_word' id='word_1_110' title='bbox 228 1275 333 1334; x_wconf 90' lang='lat' dir='ltr'><strong>deinde</strong></span> <span class='ocrx_word' id='word_1_111' title='bbox 350 1283 391 1349; x_wconf 90' lang='lat' dir='ltr'><strong>ut,</strong></span> <span class='ocrx_word' id='word_1_112' title='bbox 407 1275 541 1352; x_wconf 89' lang='lat' dir='ltr'><strong>repetitis</strong></span> <span class='ocrx_word' id='word_1_113' title='bbox 557 1273 641 1333; x_wconf 90' lang='lat' dir='ltr'><strong>altius</strong></span> <span class='ocrx_word' id='word_1_114' title='bbox 659 1276 770 1348; x_wconf 90' lang='lat' dir='ltr'><strong>causis,</strong></span> <span class='ocrx_word' id='word_1_115' title='bbox 787 1273 1008 1349; x_wconf 85' lang='lat' dir='ltr'><strong>diligentissime</strong></span> <span class='ocrx_word' id='word_1_116' title='bbox 1026 1273 1123 1332; x_wconf 87' lang='lat' dir='ltr'><strong>osten·</strong></span> 
     </span>
    </p>
   </div>
   <div class='ocr_carea' id='block_1_4' title="bbox 111 1357 1167 3450">
    <p class='ocr_par' dir='ltr' id='par_1_4' title="bbox 111 1357 1167 3450">
     <span class='ocr_line' id='line_1_14' title="bbox 114 1357 1124 1436; baseline -0.001 -18"><span class='ocrx_word' id='word_1_117' title='bbox 114 1360 207 1434; x_wconf 89' lang='lat' dir='ltr'><strong>deret,</strong></span> <span class='ocrx_word' id='word_1_118' title='bbox 225 1377 310 1436; x_wconf 93' lang='lat' dir='ltr'><strong>quam</strong></span> <span class='ocrx_word' id='word_1_119' title='bbox 326 1357 370 1433; x_wconf 86' lang='lat' dir='ltr'><strong>id,</strong></span> <span class='ocrx_word' id='word_1_120' title='bbox 390 1358 546 1435; x_wconf 90' lang='lat' dir='ltr'><strong>quoderat</strong></span> <span class='ocrx_word' id='word_1_121' title='bbox 563 1358 591 1415; x_wconf 96' lang='lat' dir='ltr'><strong>in</strong></span> <span class='ocrx_word' id='word_1_122' title='bbox 606 1366 727 1417; x_wconf 89' lang='lat' dir='ltr'><strong>matrem</strong></span> <span class='ocrx_word' id='word_1_123' title='bbox 743 1358 882 1433; x_wconf 87' lang='lat' dir='ltr'><strong>dicturus,</strong></span> <span class='ocrx_word' id='word_1_124' title='bbox 899 1373 957 1415; x_wconf 93' lang='lat' dir='ltr'><strong>nou</strong></span> <span class='ocrx_word' id='word_1_125' title='bbox 972 1365 1124 1435; x_wconf 81' lang='lat' dir='ltr'><strong>oporteret</strong></span> 
     </span>
     <span class='ocr_line' id='line_1_15' title="bbox 111 1440 1166 1519; baseline 0.002 -19"><span class='ocrx_word' id='word_1_126' title='bbox 111 1444 199 1503; x_wconf 89' lang='lat' dir='ltr'><strong>modo</strong></span> <span class='ocrx_word' id='word_1_127' title='bbox 217 1443 279 1502; x_wconf 88' lang='lat' dir='ltr'><strong>lieri</strong></span> <span class='ocrx_word' id='word_1_128' title='bbox 295 1442 348 1502; x_wconf 90' lang='lat' dir='ltr'><strong>sed</strong></span> <span class='ocrx_word' id='word_1_129' title='bbox 365 1443 451 1500; x_wconf 85' lang='lat' dir='ltr'><strong>etiam</strong></span> <span class='ocrx_word' id='word_1_130' title='bbox 468 1459 593 1501; x_wconf 89' lang='lat' dir='ltr'><strong>necesse</strong></span> <span class='ocrx_word' id='word_1_131' title='bbox 609 1451 699 1501; x_wconf 85' lang='lat' dir='ltr'><strong>esset.</strong></span> <span class='ocrx_word' id='word_1_132' title='bbox 722 1441 874 1518; x_wconf 87' lang='lat' dir='ltr'><strong>Primaque</strong></span> <span class='ocrx_word' id='word_1_133' title='bbox 889 1440 963 1500; x_wconf 90' lang='lat' dir='ltr'><strong>haec</strong></span> <span class='ocrx_word' id='word_1_134' title='bbox 978 1443 1166 1519; x_wconf 75' lang='lat' dir='ltr'><strong>expositiooo</strong></span> 
     </span>
     <span class='ocr_line' id='line_1_16' title="bbox 113 1524 1122 1605; baseline -0.002 -19"><span class='ocrx_word' id='word_1_135' title='bbox 113 1527 181 1601; x_wconf 90' lang='lat' dir='ltr'><strong>luit,</strong></span> <span class='ocrx_word' id='word_1_136' title='bbox 209 1544 371 1605; x_wconf 87' lang='lat' dir='ltr'><strong>quanquam</strong></span> <span class='ocrx_word' id='word_1_137' title='bbox 392 1525 428 1584; x_wconf 93' lang='lat' dir='ltr'><strong>ad</strong></span> <span class='ocrx_word' id='word_1_138' title='bbox 443 1534 628 1603; x_wconf 88' lang='lat' dir='ltr'><strong>praesentem</strong></span> <span class='ocrx_word' id='word_1_139' title='bbox 646 1526 846 1602; x_wconf 89' lang='lat' dir='ltr'><strong>quaestionem</strong></span> <span class='ocrx_word' id='word_1_140' title='bbox 861 1524 932 1584; x_wconf 91' lang='lat' dir='ltr'><strong>nihil</strong></span> <span class='ocrx_word' id='word_1_141' title='bbox 948 1524 1122 1604; x_wconf 82' lang='lat' dir='ltr'><strong>pertinebat.</strong></span> 
     </span>
     <span class='ocr_line' id='line_1_17' title="bbox 114 1608 1124 1689; baseline 0 -20"><span class='ocrx_word' id='word_1_142' title='bbox 114 1608 199 1669; x_wconf 82' lang='lat' dir='ltr'><strong>Adeo</strong></span> <span class='ocrx_word' id='word_1_143' title='bbox 221 1613 249 1669; x_wconf 94' lang='lat' dir='ltr'><strong>in</strong></span> <span class='ocrx_word' id='word_1_144' title='bbox 274 1628 361 1670; x_wconf 90' lang='lat' dir='ltr'><strong>causa</strong></span> <span class='ocrx_word' id='word_1_145' title='bbox 384 1609 495 1670; x_wconf 89' lang='lat' dir='ltr'><strong>dillicili</strong></span> <span class='ocrx_word' id='word_1_146' title='bbox 511 1618 598 1687; x_wconf 89' lang='lat' dir='ltr'><strong>atque</strong></span> <span class='ocrx_word' id='word_1_147' title='bbox 614 1609 757 1689; x_wconf 86' lang='lat' dir='ltr'><strong>perplexa</strong></span> <span class='ocrx_word' id='word_1_148' title='bbox 772 1608 841 1668; x_wconf 90' lang='lat' dir='ltr'><strong>nihil</strong></span> <span class='ocrx_word' id='word_1_149' title='bbox 863 1609 942 1687; x_wconf 90' lang='lat' dir='ltr'><strong>prius</strong></span> <span class='ocrx_word' id='word_1_150' title='bbox 958 1609 1124 1669; x_wconf 89' lang='lat' dir='ltr'><strong>intuendum</strong></span> 
     </span>
     <span class='ocr_line' id='line_1_18' title="bbox 114 1692 1124 1773; baseline 0 -20"><span class='ocrx_word' id='word_1_151' title='bbox 114 1695 253 1770; x_wconf 90' lang='lat' dir='ltr'><strong>credidit,</strong></span> <span class='ocrx_word' id='word_1_152' title='bbox 276 1712 360 1773; x_wconf 89' lang='lat' dir='ltr'><strong>quam</strong></span> <span class='ocrx_word' id='word_1_153' title='bbox 381 1693 449 1772; x_wconf 94' lang='lat' dir='ltr'><strong>quid</strong></span> <span class='ocrx_word' id='word_1_154' title='bbox 470 1693 600 1753; x_wconf 86' lang='lat' dir='ltr'><strong>deceret.</strong></span> <span class='ocrx_word' id='word_1_155' title='bbox 638 1692 721 1753; x_wconf 82' lang='lat' dir='ltr'><strong>Fecit</strong></span> <span class='ocrx_word' id='word_1_156' title='bbox 740 1694 837 1771; x_wconf 90' lang='lat' dir='ltr'><strong>itaque</strong></span> <span class='ocrx_word' id='word_1_157' title='bbox 866 1709 970 1752; x_wconf 86' lang='lat' dir='ltr'><strong>nomen</strong></span> <span class='ocrx_word' id='word_1_158' title='bbox 995 1695 1124 1771; x_wconf 90' lang='lat' dir='ltr'><strong>parentis</strong></span> 
     </span>
     <span class='ocr_line' id='line_1_19' title="bbox 113 1777 1167 1856; baseline 0.001 -20"><span class='ocrx_word' id='word_1_159' title='bbox 113 1796 171 1837; x_wconf 92' lang='lat' dir='ltr'><strong>non</strong></span> <span class='ocrx_word' id='word_1_160' title='bbox 187 1778 246 1838; x_wconf 92' lang='lat' dir='ltr'><strong>lilio</strong></span> <span class='ocrx_word' id='word_1_161' title='bbox 262 1779 451 1854; x_wconf 84' lang='lat' dir='ltr'><strong>invidiosum,</strong></span> <span class='ocrx_word' id='word_1_162' title='bbox 471 1778 525 1839; x_wconf 90' lang='lat' dir='ltr'><strong>sed</strong></span> <span class='ocrx_word' id='word_1_163' title='bbox 541 1778 613 1856; x_wconf 91' lang='lat' dir='ltr'><strong>ipsi,</strong></span> <span class='ocrx_word' id='word_1_164' title='bbox 629 1778 658 1837; x_wconf 91' lang='lat' dir='ltr'><strong>iu</strong></span> <span class='ocrx_word' id='word_1_165' title='bbox 673 1795 757 1856; x_wconf 90' lang='lat' dir='ltr'><strong>quam</strong></span> <span class='ocrx_word' id='word_1_166' title='bbox 773 1777 932 1838; x_wconf 86' lang='lat' dir='ltr'><strong>dicebatur.</strong></span> <span class='ocrx_word' id='word_1_167' title='bbox 967 1777 1068 1837; x_wconf 89' lang='lat' dir='ltr'><strong>Potest</strong></span> <span class='ocrx_word' id='word_1_168' title='bbox 1083 1786 1167 1843; x_wconf 75' lang='grc' dir='ltr'>ιιι-64</span> 
     </span>
     <span class='ocr_line' id='line_1_20' title="bbox 112 1861 1124 1941; baseline 0.001 -20"><span class='ocrx_word' id='word_1_169' title='bbox 112 1881 179 1921; x_wconf 89' lang='lat' dir='ltr'><strong>men</strong></span> <span class='ocrx_word' id='word_1_170' title='bbox 191 1862 345 1941; x_wconf 90' lang='lat' dir='ltr'><strong>aliquando</strong></span> <span class='ocrx_word' id='word_1_171' title='bbox 360 1872 453 1922; x_wconf 89' lang='lat' dir='ltr'><strong>mater</strong></span> <span class='ocrx_word' id='word_1_172' title='bbox 468 1863 540 1922; x_wconf 92' lang='lat' dir='ltr'><strong>etin</strong></span> <span class='ocrx_word' id='word_1_173' title='bbox 555 1880 588 1922; x_wconf 88' lang='lat' dir='ltr'><strong>re</strong></span> <span class='ocrx_word' id='word_1_174' title='bbox 603 1862 716 1922; x_wconf 89' lang='lat' dir='ltr'><strong>leviore</strong></span> <span class='ocrx_word' id='word_1_175' title='bbox 732 1863 886 1922; x_wconf 85' lang='lat' dir='ltr'><strong>autminus</strong></span> <span class='ocrx_word' id='word_1_176' title='bbox 900 1861 1006 1921; x_wconf 80' lang='lat' dir='ltr'><strong>infeste</strong></span> <span class='ocrx_word' id='word_1_177' title='bbox 1023 1871 1124 1922; x_wconf 89' lang='lat' dir='ltr'><strong>contra</strong></span> 
     </span>
     <span class='ocr_line' id='line_1_21' title="bbox 113 1946 1121 2025; baseline -0.002 -20"><span class='ocrx_word' id='word_1_178' title='bbox 113 1946 201 2005; x_wconf 91' lang='lat' dir='ltr'><strong>lilium</strong></span> <span class='ocrx_word' id='word_1_179' title='bbox 227 1956 320 2014; x_wconf 84' lang='lat' dir='ltr'><strong>stare;</strong></span> <span class='ocrx_word' id='word_1_180' title='bbox 349 1955 407 2006; x_wconf 90' lang='lat' dir='ltr'><strong>tum</strong></span> <span class='ocrx_word' id='word_1_181' title='bbox 434 1947 529 2006; x_wconf 89' lang='lat' dir='ltr'><strong>leuior</strong></span> <span class='ocrx_word' id='word_1_182' title='bbox 554 1956 641 2025; x_wconf 89' lang='lat' dir='ltr'><strong>atque</strong></span> <span class='ocrx_word' id='word_1_183' title='bbox 667 1947 846 2006; x_wconf 89' lang='lat' dir='ltr'><strong>summissior</strong></span> <span class='ocrx_word' id='word_1_184' title='bbox 872 1946 989 2006; x_wconf 83' lang='lat' dir='ltr'><strong>decebit</strong></span> <span class='ocrx_word' id='word_1_185' title='bbox 1017 1947 1121 2007; x_wconf 89' lang='lat' dir='ltr'><strong>oratio.</strong></span> 
     </span>
     <span class='ocr_line' id='line_1_22' title="bbox 112 2029 1124 2090; baseline 0 -2"><span class='ocrx_word' id='word_1_186' title='bbox 112 2029 186 2088; x_wconf 92' lang='lat' dir='ltr'><strong>Nam</strong></span> <span class='ocrx_word' id='word_1_187' title='bbox 214 2038 244 2088; x_wconf 88' lang='lat' dir='ltr'><strong>et</strong></span> <span class='ocrx_word' id='word_1_188' title='bbox 272 2029 479 2089; x_wconf 81' lang='lat' dir='ltr'><strong>satisfaciendo</strong></span> <span class='ocrx_word' id='word_1_189' title='bbox 507 2039 555 2089; x_wconf 95' lang='lat' dir='ltr'><strong>aut</strong></span> <span class='ocrx_word' id='word_1_190' title='bbox 582 2040 709 2089; x_wconf 91' lang='lat' dir='ltr'><strong>nostram</strong></span> <span class='ocrx_word' id='word_1_191' title='bbox 734 2032 893 2090; x_wconf 88' lang='lat' dir='ltr'><strong>minuemus</strong></span> <span class='ocrx_word' id='word_1_192' title='bbox 918 2029 1053 2090; x_wconf 83' lang='lat' dir='ltr'><strong>iuvidiam</strong></span> <span class='ocrx_word' id='word_1_193' title='bbox 1076 2038 1124 2089; x_wconf 87' lang='lat' dir='ltr'><strong>aut</strong></span> 
     </span>
     <span class='ocr_line' id='line_1_23' title="bbox 114 2113 1123 2190; baseline 0.002 -21"><span class='ocrx_word' id='word_1_194' title='bbox 114 2114 199 2170; x_wconf 89' lang='lat' dir='ltr'><strong>etiam</strong></span> <span class='ocrx_word' id='word_1_195' title='bbox 220 2114 249 2170; x_wconf 93' lang='lat' dir='ltr'><strong>in</strong></span> <span class='ocrx_word' id='word_1_196' title='bbox 271 2113 417 2171; x_wconf 87' lang='lat' dir='ltr'><strong>diversum</strong></span> <span class='ocrx_word' id='word_1_197' title='bbox 440 2129 504 2171; x_wconf 89' lang='lat' dir='ltr'><strong>eam</strong></span> <span class='ocrx_word' id='word_1_198' title='bbox 525 2114 747 2182; x_wconf 86' lang='lat' dir='ltr'><strong>transferemus;</strong></span> <span class='ocrx_word' id='word_1_199' title='bbox 773 2123 802 2172; x_wconf 90' lang='lat' dir='ltr'><strong>et</strong></span> <span class='ocrx_word' id='word_1_200' title='bbox 826 2115 850 2172; x_wconf 91' lang='lat' dir='ltr'><strong>si</strong></span> <span class='ocrx_word' id='word_1_201' title='bbox 870 2116 1000 2190; x_wconf 83' lang='lat' dir='ltr'><strong>graviter</strong></span> <span class='ocrx_word' id='word_1_202' title='bbox 1021 2114 1123 2173; x_wconf 89' lang='lat' dir='ltr'><strong>dolere</strong></span> 
     </span>
     <span class='ocr_line' id='line_1_24' title="bbox 115 2193 1123 2274; baseline 0.001 -21"><span class='ocrx_word' id='word_1_203' title='bbox 115 2194 203 2253; x_wconf 85' lang='lat' dir='ltr'><strong>lulium</strong></span> <span class='ocrx_word' id='word_1_204' title='bbox 226 2193 320 2272; x_wconf 92' lang='lat' dir='ltr'><strong>palam</strong></span> <span class='ocrx_word' id='word_1_205' title='bbox 339 2193 441 2253; x_wconf 89' lang='lat' dir='ltr'><strong>luerit:</strong></span> <span class='ocrx_word' id='word_1_206' title='bbox 474 2194 610 2253; x_wconf 89' lang='lat' dir='ltr'><strong>credetur</strong></span> <span class='ocrx_word' id='word_1_207' title='bbox 630 2195 736 2254; x_wconf 89' lang='lat' dir='ltr'><strong>abesse</strong></span> <span class='ocrx_word' id='word_1_208' title='bbox 762 2196 797 2255; x_wconf 97' lang='lat' dir='ltr'><strong>ab</strong></span> <span class='ocrx_word' id='word_1_209' title='bbox 823 2214 859 2255; x_wconf 92' lang='lat' dir='ltr'><strong>eo</strong></span> <span class='ocrx_word' id='word_1_210' title='bbox 882 2196 996 2274; x_wconf 90' lang='lat' dir='ltr'><strong>culpam</strong></span> <span class='ocrx_word' id='word_1_211' title='bbox 1015 2197 1123 2274; x_wconf 88' lang='lat' dir='ltr'><strong>lietque</strong></span> 
     </span>
     <span class='ocr_line' id='line_1_25' title="bbox 114 2274 1165 2355; baseline 0.007 -19"><span class='ocrx_word' id='word_1_212' title='bbox 114 2277 192 2336; x_wconf 91' lang='lat' dir='ltr'><strong>ultro</strong></span> <span class='ocrx_word' id='word_1_213' title='bbox 209 2275 394 2337; x_wconf 88' lang='lat' dir='ltr'><strong>miserabilis.</strong></span> <span class='ocrx_word' id='word_1_214' title='bbox 425 2274 570 2336; x_wconf 79' lang='lat' dir='ltr'><strong>Avertere</strong></span> <span class='ocrx_word' id='word_1_215' title='bbox 588 2294 705 2355; x_wconf 88' lang='lat' dir='ltr'><strong>quoque</strong></span> <span class='ocrx_word' id='word_1_216' title='bbox 722 2280 751 2337; x_wconf 94' lang='lat' dir='ltr'><strong>iu</strong></span> <span class='ocrx_word' id='word_1_217' title='bbox 765 2279 839 2338; x_wconf 89' lang='lat' dir='ltr'><strong>alios</strong></span> <span class='ocrx_word' id='word_1_218' title='bbox 857 2281 964 2338; x_wconf 90' lang='lat' dir='ltr'><strong>crimen</strong></span> <span class='ocrx_word' id='word_1_219' title='bbox 980 2278 1076 2354; x_wconf 88' lang='lat' dir='ltr'><strong>decet,</strong></span> <span class='ocrx_word' id='word_1_220' title='bbox 1093 2288 1165 2343; x_wconf 74' lang='lat' dir='ltr'><strong>utos</strong></span> 
     </span>
     <span class='ocr_line' id='line_1_26' title="bbox 115 2361 1123 2439; baseline 0 -19"><span class='ocrx_word' id='word_1_221' title='bbox 115 2362 217 2421; x_wconf 84' lang='lat' dir='ltr'><strong>fraude</strong></span> <span class='ocrx_word' id='word_1_222' title='bbox 238 2362 398 2438; x_wconf 90' lang='lat' dir='ltr'><strong>aliquorum</strong></span> <span class='ocrx_word' id='word_1_223' title='bbox 421 2361 535 2420; x_wconf 86' lang='lat' dir='ltr'><strong>concita</strong></span> <span class='ocrx_word' id='word_1_224' title='bbox 555 2361 706 2437; x_wconf 88' lang='lat' dir='ltr'><strong>credatur,</strong></span> <span class='ocrx_word' id='word_1_225' title='bbox 729 2370 773 2438; x_wconf 85' lang='lat' dir='ltr'><strong>et,</strong></span> <span class='ocrx_word' id='word_1_226' title='bbox 795 2362 889 2421; x_wconf 91' lang='lat' dir='ltr'><strong>omnia</strong></span> <span class='ocrx_word' id='word_1_227' title='bbox 903 2378 957 2420; x_wconf 87' lang='lat' dir='ltr'><strong>uos</strong></span> <span class='ocrx_word' id='word_1_228' title='bbox 973 2379 1123 2439; x_wconf 88' lang='lat' dir='ltr'><strong>passuros,</strong></span> 
     </span>
     <span class='ocr_line' id='line_1_27' title="bbox 114 2444 1124 2524; baseline 0 -20"><span class='ocrx_word' id='word_1_229' title='bbox 114 2445 184 2505; x_wconf 91' lang='lat' dir='ltr'><strong>nihil</strong></span> <span class='ocrx_word' id='word_1_230' title='bbox 204 2464 309 2524; x_wconf 91' lang='lat' dir='ltr'><strong>aspere</strong></span> <span class='ocrx_word' id='word_1_231' title='bbox 331 2444 477 2519; x_wconf 92' lang='lat' dir='ltr'><strong>dicturos,</strong></span> <span class='ocrx_word' id='word_1_232' title='bbox 502 2444 680 2519; x_wconf 89' lang='lat' dir='ltr'><strong>testandum,</strong></span> <span class='ocrx_word' id='word_1_233' title='bbox 705 2453 751 2521; x_wconf 89' lang='lat' dir='ltr'><strong>ut,</strong></span> <span class='ocrx_word' id='word_1_234' title='bbox 768 2445 954 2505; x_wconf 89' lang='lat' dir='ltr'><strong>etiamsinon</strong></span> <span class='ocrx_word' id='word_1_235' title='bbox 970 2462 1124 2524; x_wconf 93' lang='lat' dir='ltr'><strong>possumus</strong></span> 
     </span>
     <span class='ocr_line' id='line_1_28' title="bbox 115 2528 1124 2608; baseline -0.002 -18"><span class='ocrx_word' id='word_1_236' title='bbox 115 2532 288 2605; x_wconf 88' lang='lat' dir='ltr'><strong>conviciari,</strong></span> <span class='ocrx_word' id='word_1_237' title='bbox 305 2529 386 2589; x_wconf 89' lang='lat' dir='ltr'><strong>nolle</strong></span> <span class='ocrx_word' id='word_1_238' title='bbox 401 2529 559 2590; x_wconf 87' lang='lat' dir='ltr'><strong>videamur.</strong></span> <span class='ocrx_word' id='word_1_239' title='bbox 594 2528 705 2604; x_wconf 79' lang='lat' dir='ltr'><strong>Etiam,</strong></span> <span class='ocrx_word' id='word_1_240' title='bbox 727 2531 752 2588; x_wconf 90' lang='lat' dir='ltr'><strong>si</strong></span> <span class='ocrx_word' id='word_1_241' title='bbox 768 2528 835 2608; x_wconf 90' lang='lat' dir='ltr'><strong>quid</strong></span> <span class='ocrx_word' id='word_1_242' title='bbox 851 2528 1043 2589; x_wconf 90' lang='lat' dir='ltr'><strong>obiiciendum</strong></span> <span class='ocrx_word' id='word_1_243' title='bbox 1059 2531 1124 2605; x_wconf 86' lang='lat' dir='ltr'><strong>erit,</strong></span> 
     </span>
     <span class='ocr_line' id='line_1_29' title="bbox 115 2613 1125 2693; baseline 0 -20"><span class='ocrx_word' id='word_1_244' title='bbox 115 2614 242 2674; x_wconf 91' lang='lat' dir='ltr'><strong>ollicium</strong></span> <span class='ocrx_word' id='word_1_245' title='bbox 257 2623 302 2674; x_wconf 90' lang='lat' dir='ltr'><strong>est</strong></span> <span class='ocrx_word' id='word_1_246' title='bbox 318 2616 450 2693; x_wconf 81' lang='lat' dir='ltr'><strong>patroni,</strong></span> <span class='ocrx_word' id='word_1_247' title='bbox 466 2622 497 2673; x_wconf 90' lang='lat' dir='ltr'><strong>ut</strong></span> <span class='ocrx_word' id='word_1_248' title='bbox 512 2614 540 2673; x_wconf 94' lang='lat' dir='ltr'><strong>id</strong></span> <span class='ocrx_word' id='word_1_249' title='bbox 558 2613 618 2673; x_wconf 86' lang='lat' dir='ltr'><strong>lilio</strong></span> <span class='ocrx_word' id='word_1_250' title='bbox 634 2613 723 2672; x_wconf 91' lang='lat' dir='ltr'><strong>invito</strong></span> <span class='ocrx_word' id='word_1_251' title='bbox 740 2614 793 2673; x_wconf 86' lang='lat' dir='ltr'><strong>sed</strong></span> <span class='ocrx_word' id='word_1_252' title='bbox 810 2614 868 2673; x_wconf 88' lang='lat' dir='ltr'><strong>lide</strong></span> <span class='ocrx_word' id='word_1_253' title='bbox 883 2622 1008 2691; x_wconf 81' lang='lat' dir='ltr'><strong>cogente</strong></span> <span class='ocrx_word' id='word_1_254' title='bbox 1024 2613 1125 2675; x_wconf 86' lang='lat' dir='ltr'><strong>lacere</strong></span> 
     </span>
     <span class='ocr_line' id='line_1_30' title="bbox 115 2696 1123 2777; baseline -0.001 -20"><span class='ocrx_word' id='word_1_255' title='bbox 115 2698 259 2758; x_wconf 86' lang='lat' dir='ltr'><strong>credatur.</strong></span> <span class='ocrx_word' id='word_1_256' title='bbox 292 2697 334 2759; x_wconf 90' lang='lat' dir='ltr'><strong>lta</strong></span> <span class='ocrx_word' id='word_1_257' title='bbox 354 2699 462 2777; x_wconf 88' lang='lat' dir='ltr'><strong>poterit</strong></span> <span class='ocrx_word' id='word_1_258' title='bbox 488 2707 611 2775; x_wconf 88' lang='lat' dir='ltr'><strong>uterque</strong></span> <span class='ocrx_word' id='word_1_259' title='bbox 633 2697 753 2758; x_wconf 88' lang='lat' dir='ltr'><strong>laudari.</strong></span> <span class='ocrx_word' id='word_1_260' title='bbox 785 2696 869 2771; x_wconf 81' lang='lat' dir='ltr'><strong>Quod</strong></span> <span class='ocrx_word' id='word_1_261' title='bbox 891 2698 928 2758; x_wconf 91' lang='lat' dir='ltr'><strong>de</strong></span> <span class='ocrx_word' id='word_1_262' title='bbox 948 2706 1039 2758; x_wconf 90' lang='lat' dir='ltr'><strong>matre</strong></span> <span class='ocrx_word' id='word_1_263' title='bbox 1055 2699 1123 2774; x_wconf 86' lang='lat' dir='ltr'><strong>dixi,</strong></span> 
     </span>
     <span class='ocr_line' id='line_1_31' title="bbox 114 2779 1125 2861; baseline -0.001 -19"><span class='ocrx_word' id='word_1_264' title='bbox 114 2782 151 2842; x_wconf 89' lang='lat' dir='ltr'><strong>de</strong></span> <span class='ocrx_word' id='word_1_265' title='bbox 167 2791 292 2861; x_wconf 88' lang='lat' dir='ltr'><strong>utroque</strong></span> <span class='ocrx_word' id='word_1_266' title='bbox 309 2792 429 2861; x_wconf 87' lang='lat' dir='ltr'><strong>parente</strong></span> <span class='ocrx_word' id='word_1_267' title='bbox 446 2783 646 2860; x_wconf 85' lang='lat' dir='ltr'><strong>accipiendum</strong></span> <span class='ocrx_word' id='word_1_268' title='bbox 663 2790 717 2841; x_wconf 87' lang='lat' dir='ltr'><strong>est.</strong></span> <span class='ocrx_word' id='word_1_269' title='bbox 747 2779 820 2842; x_wconf 89' lang='lat' dir='ltr'><strong>Nam</strong></span> <span class='ocrx_word' id='word_1_270' title='bbox 834 2783 909 2842; x_wconf 91' lang='lat' dir='ltr'><strong>inter</strong></span> <span class='ocrx_word' id='word_1_271' title='bbox 925 2791 1024 2861; x_wconf 86' lang='lat' dir='ltr'><strong>patres</strong></span> <span class='ocrx_word' id='word_1_272' title='bbox 1040 2784 1125 2842; x_wconf 88' lang='lat' dir='ltr'><strong>etiam</strong></span> 
     </span>
     <span class='ocr_line' id='line_1_32' title="bbox 115 2865 1167 2945; baseline 0.002 -21"><span class='ocrx_word' id='word_1_273' title='bbox 115 2866 269 2945; x_wconf 81' lang='lat' dir='ltr'><strong>filiosque,</strong></span> <span class='ocrx_word' id='word_1_274' title='bbox 292 2885 355 2926; x_wconf 94' lang='lat' dir='ltr'><strong>cum</strong></span> <span class='ocrx_word' id='word_1_275' title='bbox 377 2868 582 2926; x_wconf 86' lang='lat' dir='ltr'><strong>intervenisset</strong></span> <span class='ocrx_word' id='word_1_276' title='bbox 599 2866 807 2943; x_wconf 79' lang='lat' dir='ltr'><strong>emancipatio,</strong></span> <span class='ocrx_word' id='word_1_277' title='bbox 831 2866 973 2944; x_wconf 79' lang='lat' dir='ltr'><strong>litigatum</strong></span> <span class='ocrx_word' id='word_1_278' title='bbox 990 2867 1062 2925; x_wconf 89' lang='lat' dir='ltr'><strong>scio.</strong></span> <span class='ocrx_word' id='word_1_279' title='bbox 1093 2865 1167 2926; x_wconf 88' lang='lat' dir='ltr'><strong>lu66</strong></span> 
     </span>
     <span class='ocr_line' id='line_1_33' title="bbox 115 2949 1125 3029; baseline 0.001 -20"><span class='ocrx_word' id='word_1_280' title='bbox 115 2950 179 3009; x_wconf 89' lang='lat' dir='ltr'><strong>aliis</strong></span> <span class='ocrx_word' id='word_1_281' title='bbox 201 2968 318 3028; x_wconf 91' lang='lat' dir='ltr'><strong>quoque</strong></span> <span class='ocrx_word' id='word_1_282' title='bbox 341 2950 604 3029; x_wconf 90' lang='lat' dir='ltr'><strong>propinquitatibus</strong></span> <span class='ocrx_word' id='word_1_283' title='bbox 628 2949 847 3010; x_wconf 89' lang='lat' dir='ltr'><strong>custodiendum</strong></span> <span class='ocrx_word' id='word_1_284' title='bbox 870 2959 930 3026; x_wconf 89' lang='lat' dir='ltr'><strong>est,</strong></span> <span class='ocrx_word' id='word_1_285' title='bbox 955 2959 985 3009; x_wconf 93' lang='lat' dir='ltr'><strong>ut</strong></span> <span class='ocrx_word' id='word_1_286' title='bbox 1000 2951 1080 3009; x_wconf 84' lang='lat' dir='ltr'><strong>iuviti</strong></span> <span class='ocrx_word' id='word_1_287' title='bbox 1096 2959 1125 3010; x_wconf 91' lang='lat' dir='ltr'><strong>et</strong></span> 
     </span>
     <span class='ocr_line' id='line_1_34' title="bbox 113 3033 1124 3113; baseline 0.001 -21"><span class='ocrx_word' id='word_1_288' title='bbox 113 3037 283 3094; x_wconf 89' lang='lat' dir='ltr'><strong>necessario</strong></span> <span class='ocrx_word' id='word_1_289' title='bbox 300 3043 329 3094; x_wconf 95' lang='lat' dir='ltr'><strong>et</strong></span> <span class='ocrx_word' id='word_1_290' title='bbox 347 3052 437 3113; x_wconf 92' lang='lat' dir='ltr'><strong>parce</strong></span> <span class='ocrx_word' id='word_1_291' title='bbox 459 3033 618 3093; x_wconf 89' lang='lat' dir='ltr'><strong>iudicemur</strong></span> <span class='ocrx_word' id='word_1_292' title='bbox 635 3034 760 3103; x_wconf 88' lang='lat' dir='ltr'><strong>dixisse;</strong></span> <span class='ocrx_word' id='word_1_293' title='bbox 783 3035 875 3112; x_wconf 81' lang='lat' dir='ltr'><strong>magis</strong></span> <span class='ocrx_word' id='word_1_294' title='bbox 897 3043 991 3094; x_wconf 91' lang='lat' dir='ltr'><strong>autem</strong></span> <span class='ocrx_word' id='word_1_295' title='bbox 1012 3043 1060 3094; x_wconf 88' lang='lat' dir='ltr'><strong>aut</strong></span> <span class='ocrx_word' id='word_1_296' title='bbox 1074 3035 1124 3093; x_wconf 93' lang='lat' dir='ltr'><strong>mi-</strong></span> 
     </span>
     <span class='ocr_line' id='line_1_35' title="bbox 115 3117 1124 3198; baseline 0.004 -23"><span class='ocrx_word' id='word_1_297' title='bbox 115 3136 184 3192; x_wconf 89' lang='lat' dir='ltr'><strong>nus,</strong></span> <span class='ocrx_word' id='word_1_298' title='bbox 214 3128 245 3177; x_wconf 91' lang='lat' dir='ltr'><strong>ut</strong></span> <span class='ocrx_word' id='word_1_299' title='bbox 271 3120 376 3197; x_wconf 91' lang='lat' dir='ltr'><strong>cuique</strong></span> <span class='ocrx_word' id='word_1_300' title='bbox 405 3134 551 3196; x_wconf 89' lang='lat' dir='ltr'><strong>personae</strong></span> <span class='ocrx_word' id='word_1_301' title='bbox 576 3117 699 3179; x_wconf 89' lang='lat' dir='ltr'><strong>debetur</strong></span> <span class='ocrx_word' id='word_1_302' title='bbox 718 3120 892 3179; x_wconf 86' lang='lat' dir='ltr'><strong>reverentia.</strong></span> <span class='ocrx_word' id='word_1_303' title='bbox 937 3117 1047 3178; x_wconf 86' lang='lat' dir='ltr'><strong>Eadem</strong></span> <span class='ocrx_word' id='word_1_304' title='bbox 1070 3135 1124 3198; x_wconf 91' lang='lat' dir='ltr'><strong>pro</strong></span> 
     </span>
     <span class='ocr_line' id='line_1_36' title="bbox 115 3199 1125 3282; baseline 0.004 -23"><span class='ocrx_word' id='word_1_305' title='bbox 115 3199 226 3259; x_wconf 88' lang='lat' dir='ltr'><strong>libertis</strong></span> <span class='ocrx_word' id='word_1_306' title='bbox 253 3202 394 3261; x_wconf 85' lang='lat' dir='ltr'><strong>adversus</strong></span> <span class='ocrx_word' id='word_1_307' title='bbox 420 3211 560 3281; x_wconf 86' lang='lat' dir='ltr'><strong>patronos</strong></span> <span class='ocrx_word' id='word_1_308' title='bbox 581 3202 775 3266; x_wconf 86' lang='lat' dir='ltr'><strong>observantia.</strong></span> <span class='ocrx_word' id='word_1_309' title='bbox 812 3202 850 3263; x_wconf 84' lang='lat' dir='ltr'><strong>Et</strong></span> <span class='ocrx_word' id='word_1_310' title='bbox 873 3212 904 3262; x_wconf 85' lang='lat' dir='ltr'><strong>ut</strong></span> <span class='ocrx_word' id='word_1_311' title='bbox 927 3203 1020 3262; x_wconf 90' lang='lat' dir='ltr'><strong>semel</strong></span> <span class='ocrx_word' id='word_1_312' title='bbox 1040 3203 1125 3282; x_wconf 91' lang='lat' dir='ltr'><strong>plura</strong></span> 
     </span>
     <span class='ocr_line' id='line_1_37' title="bbox 115 3284 1123 3366; baseline 0.002 -22"><span class='ocrx_word' id='word_1_313' title='bbox 115 3284 309 3362; x_wconf 83' lang='lat' dir='ltr'><strong>complectar,</strong></span> <span class='ocrx_word' id='word_1_314' title='bbox 334 3304 477 3366; x_wconf 91' lang='lat' dir='ltr'><strong>nunquam</strong></span> <span class='ocrx_word' id='word_1_315' title='bbox 497 3287 614 3348; x_wconf 89' lang='lat' dir='ltr'><strong>decebit</strong></span> <span class='ocrx_word' id='word_1_316' title='bbox 632 3289 676 3348; x_wconf 91' lang='lat' dir='ltr'><strong>sic</strong></span> <span class='ocrx_word' id='word_1_317' title='bbox 698 3287 838 3348; x_wconf 84' lang='lat' dir='ltr'><strong>adversus</strong></span> <span class='ocrx_word' id='word_1_318' title='bbox 859 3287 935 3348; x_wconf 90' lang='lat' dir='ltr'><strong>tales</strong></span> <span class='ocrx_word' id='word_1_319' title='bbox 952 3306 1041 3364; x_wconf 85' lang='lat' dir='ltr'><strong>agere</strong></span> <span class='ocrx_word' id='word_1_320' title='bbox 1057 3306 1123 3366; x_wconf 93' lang='lat' dir='ltr'><strong>per-</strong></span> 
     </span>
     <span class='ocr_line' id='line_1_38' title="bbox 115 3371 1125 3450; baseline 0.007 -25"><span class='ocrx_word' id='word_1_321' title='bbox 115 3384 218 3443; x_wconf 84' lang='lat' dir='ltr'><strong>sonas,</strong></span> <span class='ocrx_word' id='word_1_322' title='bbox 246 3371 391 3448; x_wconf 94' lang='lat' dir='ltr'><strong>quomodo</strong></span> <span class='ocrx_word' id='word_1_323' title='bbox 422 3380 522 3432; x_wconf 89' lang='lat' dir='ltr'><strong>contra</strong></span> <span class='ocrx_word' id='word_1_324' title='bbox 547 3389 601 3432; x_wconf 91' lang='lat' dir='ltr'><strong>nos</strong></span> <span class='ocrx_word' id='word_1_325' title='bbox 627 3373 674 3450; x_wconf 82' lang='lat' dir='ltr'><strong>agi</strong></span> <span class='ocrx_word' id='word_1_326' title='bbox 696 3373 732 3433; x_wconf 92' lang='lat' dir='ltr'><strong>ab</strong></span> <span class='ocrx_word' id='word_1_327' title='bbox 758 3371 920 3432; x_wconf 91' lang='lat' dir='ltr'><strong>hominibus</strong></span> <span class='ocrx_word' id='word_1_328' title='bbox 947 3372 1125 3432; x_wconf 90' lang='lat' dir='ltr'><strong>condicionis</strong></span> 
     </span>
    </p>
   </div>
   <div class='ocr_carea' id='block_1_5' title="bbox 115 3451 1166 3539">
    <p class='ocr_par' dir='ltr' id='par_1_5' title="bbox 115 3451 1166 3539">
     <span class='ocr_line' id='line_1_39' title="bbox 115 3451 1166 3539; baseline 0.009 -29"><span class='ocrx_word' id='word_1_329' title='bbox 115 3451 245 3512; x_wconf 88' lang='lat' dir='ltr'><strong>eiusdem</strong></span> <span class='ocrx_word' id='word_1_330' title='bbox 265 3455 363 3533; x_wconf 90' lang='lat' dir='ltr'><strong>iniquo</strong></span> <span class='ocrx_word' id='word_1_331' title='bbox 386 3457 480 3516; x_wconf 91' lang='lat' dir='ltr'><strong>animo</strong></span> <span class='ocrx_word' id='word_1_332' title='bbox 505 3457 680 3518; x_wconf 89' lang='lat' dir='ltr'><strong>tulissemus.</strong></span> <span class='ocrx_word' id='word_1_333' title='bbox 711 3457 878 3518; x_wconf 86' lang='lat' dir='ltr'><strong>Praestatur</strong></span> <span class='ocrx_word' id='word_1_334' title='bbox 899 3457 957 3518; x_wconf 92' lang='lat' dir='ltr'><strong>hoc</strong></span> <span class='ocrx_word' id='word_1_335' title='bbox 971 3457 1166 3539; x_wconf 79' lang='lat' dir='ltr'><strong>aliquandot&#39;l</strong></span> 
     </span>
    </p>
   </div>
   <div class='ocr_carea' id='block_1_6' title="bbox 0 0 1288 4026">
    <p class='ocr_par' dir='ltr' id='par_1_6' title="bbox 0 0 1288 4026">
     <span class='ocr_line' id='line_1_40' title="bbox 0 0 1288 4026; baseline 0 0"><span class='ocrx_word' id='word_1_336' title='bbox 0 0 1288 4026; x_wconf 95' lang='lat' dir='ltr'><strong> </strong></span> 
     </span>
    </p>
   </div>
  </div>
 </body>
</html>
