2566 4026
363 141 837 212 msu.0Rsuon.L113.xl1,lo.
1065 129 1127 195 273

116 300 202 366 medii
224 311 253 362 et
274 317 375 362 eorum
396 298 477 359 varia
499 299 615 358 nomina
636 307 666 358 et
688 297 803 376 quidam
819 298 904 357 otiam
923 298 1075 399 regionum
1091 318 1126 360 ac

116 387 262 449 fluminum
281 385 409 482 proprii,
433 383 697 462 deprehenduntur.
730 381 900 460 Eademque
914 384 1030 443 musicis
1049 385 1169 450 rotroco

116 480 171 548 est,
189 472 250 551 qui,
268 488 332 530 cum
347 470 376 528 in
392 467 501 528 cithara
517 469 644 547 quinque
657 467 869 526 constituerunt
883 482 985 544 sonos,
1002 466 1125 546 plurima

116 555 222 618 deinde
246 555 389 615 varietate
407 551 556 630 complerat
577 552 672 630 spatia
693 550 744 611 illa
764 568 935 650 nervorum,
958 558 1046 630 atque
1068 552 1123 630 his,

117 657 192 720 quos
216 640 469 717 interposuerunt,
496 637 627 696 inserunt
649 635 742 713 alios,
764 644 795 695 ut
816 635 902 714 pauci
925 635 968 696 illi
987 637 1123 696 transitus

114 723 221 785 multos
235 722 344 801 gradus
359 720 494 782 habeant.

200 807 303 868 Plures
321 808 410 885 igitur
427 807 513 866 etiam
531 805 717 884 eloquentiae
733 803 841 881 ιιιίιι,
856 804 910 865 sed
927 803 1124 865 stultissimum
1133 812 1168 868 to

117 909 279 992 quaerere,
306 892 342 953 ad
363 908 448 969 quam
468 908 502 949 sc
523 898 657 950 recturus
674 889 711 948 sit
732 897 846 958 orator;
869 906 932 949 cum
949 889 1041 949 omnis
1056 908 1123 968 spe·

116 979 193 1054 cies,
221 994 296 1056 quae
322 974 409 1036 modo
431 983 515 1035 recta
532 983 593 1050 est,
617 973 724 1035 habeat
745 991 843 1048 usum,
871 981 958 1052 atque
980 974 1123 1052 idipsum

116 1078 201 1121 omne
224 1062 261 1120 sit
288 1061 433 1135 oratoris,
464 1058 544 1139 quod
573 1057 664 1136 vulgo
689 1075 806 1136 genus
836 1056 982 1118 dicendi
1008 1067 1122 1120 uocant.

115 1145 220 1206 Utetur
237 1145 330 1221 enim,
354 1152 386 1204 ut
409 1161 458 1203 res
476 1143 592 1221 exiget,
617 1141 765 1219 omnibus,
786 1159 841 1202 nec
864 1158 918 1221 pro
935 1159 1022 1203 causa
1037 1143 1123 1203 modo

116 1230 169 1289 sed
185 1246 239 1308 pro
257 1228 388 1307 partibus
406 1245 523 1287 causae.
559 1225 632 1286 Nam
652 1234 683 1286 ut
704 1243 762 1285 non
784 1226 888 1286 eodem
901 1226 987 1287 modo
1003 1244 1057 1306 pro
1073 1233 1170 1290 reolo

117 1314 220 1392 capitis
246 1321 276 1372 et
295 1314 325 1373 iu
351 1313 509 1372 certamine
525 1311 695 1371 hereditatis
711 1319 740 1371 et
757 1310 793 1371 do
809 1310 970 1373 interdictis
988 1329 1023 1372 ac
1038 1329 1126 1390 spon·

117 1397 246 1459 sionibus
270 1406 299 1458 et
317 1397 353 1457 de
375 1405 456 1456 certa
481 1395 591 1456 credita
612 1395 706 1471 dicet,
730 1396 936 1455 sententiarum
959 1411 1077 1474 quoque
1098 1398 1127 1456 in

116 1490 219 1542 senatu
243 1489 272 1541 et
294 1483 460 1541 contionum
482 1488 512 1540 et
534 1480 712 1558 priuatorum
732 1478 918 1539 consiliorum
941 1480 1070 1540 servabit
1085 1480 1127 1540 di·

116 1567 267 1641 scrimina,
290 1565 378 1626 multa
399 1583 438 1625 ιιι
453 1563 617 1625 differentia
634 1581 841 1642 personarum,
865 1563 998 1625 locorum
1013 1573 1126 1644 tempo·

117 1667 239 1728 rumque
253 1649 389 1710 mutabit:
407 1651 447 1709 ita
461 1650 491 1708 in
506 1648 610 1709 eadem
626 1649 758 1709 oratione
775 1648 859 1709 aliter
875 1649 1052 1725 conciliabit,
1069 1666 1127 1710 nou

118 1752 157 1794 ιιι
177 1733 280 1794 iisdem
303 1732 453 1794 haustibus
476 1735 547 1794 iram
571 1742 600 1793 ιι
620 1733 848 1794 misericordiam
869 1741 967 1812 petet,
996 1733 1068 1795 alias
1090 1734 1126 1795 ad

116 1818 280 1879 docendum
307 1818 381 1879 alias
406 1817 442 1878 ad
469 1818 644 1878 movendum
667 1817 816 1879 adhibebit
840 1826 929 1879 artes.
967 1817 1034 1878 Non
1054 1820 1169 1879 unusll

117 1903 201 1964 color
233 1903 398 1983 prooemii,
427 1903 617 1979 narrationis,
653 1912 905 1981 argumentorum,
933 1904 1125 1980 egressionis,

116 1989 312 2066 perorationis
328 1986 502 2047 servabitur.
527 1985 615 2046 Dicet
627 1987 706 2047 idem
720 1989 859 2065 graviter,
874 2005 991 2064 serere,
1008 1988 1125 2064 acriter,

115 2069 323 2144 vehementer,
347 2071 510 2144 concitate,
535 2070 673 2148 copiose,
696 2088 810 2147 amare,
836 2073 973 2148 comiter,
990 2074 1124 2148 remisse,

117 2151 280 2227 subtiliter,
301 2151 424 2227 blande,
443 2151 566 2228 leniter,
589 2151 730 2228 dulciter,
748 2155 892 2229 breviter,
914 2154 1040 2224 urbane;
1068 2172 1126 2214 non

117 2236 227 2314 ubique
247 2236 348 2296 similis
365 2235 418 2295 sed
434 2234 543 2314 ubique
559 2253 614 2313 par
629 2234 695 2299 sibi.
730 2237 779 2295 Sic
795 2236 845 2296 liet
861 2255 925 2296 cum
940 2236 985 2313 id,
1006 2240 1169 2316 propterlt

118 2318 197 2401 quod
212 2321 334 2380 maxime
350 2327 486 2398 repertus
511 2326 557 2378 est
571 2337 640 2379 usus
657 2319 811 2396 orationis,
832 2328 863 2379 ut
882 2319 959 2380 dicat
973 2321 1083 2381 utiliter
1098 2330 1128 2381 et

118 2405 152 2465 ad
175 2403 359 2464 efficiendum
384 2404 461 2483 quod
481 2403 603 2464 intendit
623 2411 773 2481 potentem
796 2412 855 2463 tum
877 2403 991 2464 laudem
1009 2422 1126 2484 quoque

116 2506 173 2549 nec
192 2488 344 2549 doctorum
359 2489 446 2550 modo
465 2487 518 2549 sed
534 2488 619 2547 etiam
634 2487 714 2565 uulgi
731 2496 936 2567 consequatur.

204 2572 354 2634 Falluntur
380 2576 456 2634 enim
477 2573 646 2652 plurimum,
677 2574 726 2652 qai
746 2573 882 2633 vitiosum
907 2580 937 2631 et
961 2575 1169 2651 corruptumlb

117 2657 233 2719 dicendi
248 2677 359 2736 genus,
377 2659 456 2740 quod
471 2667 520 2719 aut
534 2657 692 2718 verborum
706 2657 823 2718 licentia
840 2657 951 2719 exultat
966 2665 1014 2717 aut
1029 2657 1125 2735 pueri-

117 2742 194 2802 libus
213 2744 396 2804 sententiolis
413 2744 528 2804 lascivit
548 2752 597 2803 aut
619 2742 773 2803 immodico
791 2752 904 2803 tumore
921 2742 1064 2819 turgescit
1079 2750 1127 2801 aut
1205 2789 1214 2803 .

118 2826 250 2886 inanibus
268 2827 344 2887 locis
369 2827 529 2888 bacchatur
551 2836 599 2887 aut
615 2827 743 2903 casuris,
768 2828 793 2888 si
810 2827 917 2887 leviter
932 2827 1125 2902 excutiantur,

117 2910 250 2972 flosculis
266 2913 338 2971 nitet
354 2921 402 2971 aut
416 2912 588 2989 praecipitia
602 2928 657 2989 pro
674 2910 843 2971 sublimibus
857 2911 946 2972 habet
962 2919 1010 2971 aut
1024 2911 1127 2988 specie

118 2995 261 3056 libertatis
277 2997 392 3071 insanit,
407 2996 499 3071 magis
515 2995 680 3055 existimant
695 2996 839 3074 populare
856 3004 943 3074 atque
958 2994 1125 3074 plausibile.

118 3077 205 3152 Quod
234 3079 349 3158 quidem
375 3079 496 3158 placere
524 3077 621 3137 multis
647 3098 703 3140 nec
727 3079 834 3139 iniitior
859 3098 915 3139 nec
939 3081 1037 3139 miror.
1073 3078 1171 3142 setas

72 3187 83 3206 r
119 3163 195 3221 enim
215 3164 338 3224 iucunda
358 3163 420 3224 auri
441 3180 476 3223 ac
493 3161 662 3223 favorabilis
683 3163 891 3243 qualiscunque
913 3163 1081 3243 eloquentia
1099 3172 1129 3223 et

119 3245 198 3306 ducit
213 3248 322 3307 animos
339 3246 461 3307 naturali
476 3246 628 3325 voluptate
641 3265 702 3309 vox
717 3249 824 3325 omnis,
841 3267 938 3328 neque
952 3247 1068 3309 aliunde
1084 3247 1126 3307 illi

118 3348 173 3408 per
188 3330 253 3390 fora
271 3340 358 3409 atque
374 3349 512 3410 aggerem
528 3332 644 3403 circuli;
668 3350 726 3413 qao
742 3334 835 3393 minus
852 3334 953 3394 mirum
969 3340 1030 3408 est,
1048 3331 1127 3411 quod

118 3413 189 3474 nulli
207 3431 264 3474 non
286 3417 431 3493 agentium
452 3424 551 3494 parata
568 3416 649 3496 uulgi
674 3434 784 3479 corona
807 3427 861 3478 est.
895 3417 952 3479 Ubi
968 3434 1041 3478 vero
1058 3416 1171 3497 quidde

158 3519 189 3559 ιι.
210 3520 233 3558 r.
253 3519 367 3569 aurnum.
379 3505 412 3561 ΙΙ.
907 3501 945 3565 18
