<?xml version="1.0" encoding="UTF-8"?>
<!DOCTYPE html PUBLIC "-//W3C//DTD XHTML 1.0 Transitional//EN"
    "http://www.w3.org/TR/xhtml1/DTD/xhtml1-transitional.dtd">
<html xmlns="http://www.w3.org/1999/xhtml" xml:lang="en" lang="en">
 <head>
  <title>
</title>
<meta http-equiv="Content-Type" content="text/html;charset=utf-8" />
  <meta name='ocr-system' content='tesseract 3.04.00' />
  <meta name='ocr-capabilities' content='ocr_page ocr_carea ocr_par ocr_line ocrx_word'/>
</head>
<body>
  <div class='ocr_page' id='page_1' title='image "./mfabiiquintilia00bonngoog/mfabiiquintilia00bonngoog_0052.png"; bbox 0 0 2566 4026; ppageno 0'>
   <div class='ocr_carea' id='block_1_1' title="bbox 416 159 1126 237">
    <p class='ocr_par' dir='ltr' id='par_1_1' title="bbox 416 159 1126 237">
     <span class='ocr_line' id='line_1_1' title="bbox 416 159 1126 237; baseline 0.003 -19"><span class='ocrx_word' id='word_1_1' title='bbox 416 170 506 219; x_wconf 72' lang='lat' dir='ltr'><strong>nisu.</strong></span> <span class='ocrx_word' id='word_1_2' title='bbox 521 169 829 237; x_wconf 79' lang='lat' dir='ltr'><strong>onnuon.n1n.1,s.</strong></span> <span class='ocrx_word' id='word_1_3' title='bbox 1087 159 1126 220; x_wconf 80' lang='lat'><strong>25</strong></span> 
     </span>
    </p>
   </div>
   <div class='ocr_carea' id='block_1_2' title="bbox 76 325 1170 3518">
    <p class='ocr_par' dir='ltr' id='par_1_2' title="bbox 119 325 1168 1079">
     <span class='ocr_line' id='line_1_2' title="bbox 120 325 1127 405; baseline -0.003 -14"><span class='ocrx_word' id='word_1_4' title='bbox 120 329 243 391; x_wconf 80' lang='lat' dir='ltr'><strong>forsitan</strong></span> <span class='ocrx_word' id='word_1_5' title='bbox 263 327 396 388; x_wconf 88' lang='lat' dir='ltr'><strong>videatur</strong></span> <span class='ocrx_word' id='word_1_6' title='bbox 415 326 530 401; x_wconf 87' lang='lat' dir='ltr'><strong>dicere,</strong></span> <span class='ocrx_word' id='word_1_7' title='bbox 549 325 771 400; x_wconf 78' lang='lat' dir='ltr'><strong>barbarismum,</strong></span> <span class='ocrx_word' id='word_1_8' title='bbox 792 326 869 405; x_wconf 94' lang='lat' dir='ltr'><strong>quod</strong></span> <span class='ocrx_word' id='word_1_9' title='bbox 884 336 929 387; x_wconf 91' lang='lat' dir='ltr'><strong>est</strong></span> <span class='ocrx_word' id='word_1_10' title='bbox 944 328 1027 386; x_wconf 92' lang='lat' dir='ltr'><strong>unius</strong></span> <span class='ocrx_word' id='word_1_11' title='bbox 1044 327 1127 388; x_wconf 80' lang='lat' dir='ltr'><strong>verbi</strong></span> 
     </span>
     <span class='ocr_line' id='line_1_3' title="bbox 120 411 1138 490; baseline -0.002 -16"><span class='ocrx_word' id='word_1_12' title='bbox 120 415 236 486; x_wconf 85' lang='lat' dir='ltr'><strong>vitium,</strong></span> <span class='ocrx_word' id='word_1_13' title='bbox 268 411 333 471; x_wconf 89' lang='lat' dir='ltr'><strong>lieri</strong></span> <span class='ocrx_word' id='word_1_14' title='bbox 358 427 413 490; x_wconf 89' lang='lat' dir='ltr'><strong>per</strong></span> <span class='ocrx_word' id='word_1_15' title='bbox 436 427 571 470; x_wconf 89' lang='lat' dir='ltr'><strong>numeros</strong></span> <span class='ocrx_word' id='word_1_16' title='bbox 598 419 647 470; x_wconf 91' lang='lat' dir='ltr'><strong>aut</strong></span> <span class='ocrx_word' id='word_1_17' title='bbox 669 428 781 488; x_wconf 82' lang='lat' dir='ltr'><strong>genera</strong></span> <span class='ocrx_word' id='word_1_18' title='bbox 807 412 881 470; x_wconf 87' lang='lat' dir='ltr'><strong>sicut</strong></span> <span class='ocrx_word' id='word_1_19' title='bbox 905 411 1138 472; x_wconf 78' lang='lat' dir='ltr'><strong>soloecismumt·</strong></span> 
     </span>
     <span class='ocr_line' id='line_1_4' title="bbox 119 495 1126 574; baseline -0.004 -14"><span class='ocrx_word' id='word_1_20' title='bbox 119 499 209 560; x_wconf 82' lang='lat' dir='ltr'><strong>oculo</strong></span> <span class='ocrx_word' id='word_1_21' title='bbox 225 505 324 556; x_wconf 91' lang='lat' dir='ltr'><strong>tamen</strong></span> <span class='ocrx_word' id='word_1_22' title='bbox 342 503 373 555; x_wconf 87' lang='lat' dir='ltr'><strong>et</strong></span> <span class='ocrx_word' id='word_1_23' title='bbox 386 512 484 574; x_wconf 81' lang='lat' dir='ltr'><strong>scopo</strong></span> <span class='ocrx_word' id='word_1_24' title='bbox 502 503 660 572; x_wconf 79' lang='lat' dir='ltr'><strong>contraque</strong></span> <span class='ocrx_word' id='word_1_25' title='bbox 680 495 800 556; x_wconf 84' lang='lat' dir='ltr'><strong>bordco</strong></span> <span class='ocrx_word' id='word_1_26' title='bbox 819 504 847 554; x_wconf 89' lang='lat' dir='ltr'><strong>et</strong></span> <span class='ocrx_word' id='word_1_27' title='bbox 862 495 976 572; x_wconf 82' lang='lat' dir='ltr'><strong>mulso,</strong></span> <span class='ocrx_word' id='word_1_28' title='bbox 996 495 1066 556; x_wconf 91' lang='lat' dir='ltr'><strong>lieet</strong></span> <span class='ocrx_word' id='word_1_29' title='bbox 1081 496 1126 556; x_wconf 88' lang='lat' dir='ltr'><strong>lit·</strong></span> 
     </span>
     <span class='ocr_line' id='line_1_5' title="bbox 121 578 1125 657; baseline -0.002 -16"><span class='ocrx_word' id='word_1_30' title='bbox 121 590 249 641; x_wconf 89' lang='lat' dir='ltr'><strong>terarum</strong></span> <span class='ocrx_word' id='word_1_31' title='bbox 272 580 477 653; x_wconf 78' lang='lat' dir='ltr'><strong>mutationem,</strong></span> <span class='ocrx_word' id='word_1_32' title='bbox 510 579 737 655; x_wconf 90' lang='lat' dir='ltr'><strong>detractionem,</strong></span> <span class='ocrx_word' id='word_1_33' title='bbox 769 578 963 639; x_wconf 88' lang='lat' dir='ltr'><strong>adiectionem</strong></span> <span class='ocrx_word' id='word_1_34' title='bbox 990 579 1125 657; x_wconf 86' lang='lat' dir='ltr'><strong>habeant,</strong></span> 
     </span>
     <span class='ocr_line' id='line_1_6' title="bbox 121 661 1127 742; baseline -0.001 -18"><span class='ocrx_word' id='word_1_35' title='bbox 121 681 177 724; x_wconf 95' lang='lat' dir='ltr'><strong>non</strong></span> <span class='ocrx_word' id='word_1_36' title='bbox 206 663 268 723; x_wconf 91' lang='lat' dir='ltr'><strong>alio</strong></span> <span class='ocrx_word' id='word_1_37' title='bbox 291 664 401 723; x_wconf 74' lang='lat' dir='ltr'><strong>vitiosa</strong></span> <span class='ocrx_word' id='word_1_38' title='bbox 423 672 503 738; x_wconf 87' lang='lat' dir='ltr'><strong>sunt,</strong></span> <span class='ocrx_word' id='word_1_39' title='bbox 531 681 615 741; x_wconf 89' lang='lat' dir='ltr'><strong>quam</strong></span> <span class='ocrx_word' id='word_1_40' title='bbox 636 664 714 741; x_wconf 92' lang='lat' dir='ltr'><strong>quod</strong></span> <span class='ocrx_word' id='word_1_41' title='bbox 739 661 862 742; x_wconf 86' lang='lat' dir='ltr'><strong>pluralia</strong></span> <span class='ocrx_word' id='word_1_42' title='bbox 885 663 1071 740; x_wconf 79' lang='lat' dir='ltr'><strong>singulariter</strong></span> <span class='ocrx_word' id='word_1_43' title='bbox 1097 673 1127 724; x_wconf 91' lang='lat' dir='ltr'><strong>et</strong></span> 
     </span>
     <span class='ocr_line' id='line_1_7' title="bbox 121 746 1126 828; baseline 0.002 -21"><span class='ocrx_word' id='word_1_44' title='bbox 121 747 283 825; x_wconf 82' lang='lat' dir='ltr'><strong>singularia</strong></span> <span class='ocrx_word' id='word_1_45' title='bbox 304 746 459 825; x_wconf 78' lang='lat' dir='ltr'><strong>pluraliter</strong></span> <span class='ocrx_word' id='word_1_46' title='bbox 475 747 646 814; x_wconf 74' lang='lat' dir='ltr'><strong>efferuntur:</strong></span> <span class='ocrx_word' id='word_1_47' title='bbox 672 757 701 807; x_wconf 90' lang='lat' dir='ltr'><strong>et</strong></span> <span class='ocrx_word' id='word_1_48' title='bbox 715 748 823 828; x_wconf 81' lang='lat' dir='ltr'><strong>plodio</strong></span> <span class='ocrx_word' id='word_1_49' title='bbox 841 748 889 825; x_wconf 92' lang='lat' dir='ltr'><strong>qui</strong></span> <span class='ocrx_word' id='word_1_50' title='bbox 909 747 1055 824; x_wconf 82' lang='lat' dir='ltr'><strong>dixerunt,</strong></span> <span class='ocrx_word' id='word_1_51' title='bbox 1075 767 1126 826; x_wconf 82' lang='lat' dir='ltr'><strong>ge·</strong></span> 
     </span>
     <span class='ocr_line' id='line_1_8' title="bbox 120 829 1168 909; baseline 0.002 -17"><span class='ocrx_word' id='word_1_52' title='bbox 120 850 191 892; x_wconf 87' lang='lat' dir='ltr'><strong>nere</strong></span> <span class='ocrx_word' id='word_1_53' title='bbox 214 831 398 892; x_wconf 85' lang='lat' dir='ltr'><strong>exciderunt.</strong></span> <span class='ocrx_word' id='word_1_54' title='bbox 440 829 498 890; x_wconf 91' lang='lat' dir='ltr'><strong>Sed</strong></span> <span class='ocrx_word' id='word_1_55' title='bbox 524 830 581 891; x_wconf 90' lang='lat' dir='ltr'><strong>hoc</strong></span> <span class='ocrx_word' id='word_1_56' title='bbox 608 848 725 909; x_wconf 91' lang='lat' dir='ltr'><strong>quoque</strong></span> <span class='ocrx_word' id='word_1_57' title='bbox 749 840 851 891; x_wconf 88' lang='lat' dir='ltr'><strong>notare</strong></span> <span class='ocrx_word' id='word_1_58' title='bbox 876 838 1029 891; x_wconf 87' lang='lat' dir='ltr'><strong>contentus</strong></span> <span class='ocrx_word' id='word_1_59' title='bbox 1053 850 1126 907; x_wconf 91' lang='lat' dir='ltr'><strong>sum,</strong></span> <span class='ocrx_word' id='word_1_60' title='bbox 1136 838 1168 895; x_wconf 88' lang='grc'><strong>17</strong></span> 
     </span>
     <span class='ocr_line' id='line_1_9' title="bbox 119 915 1128 993; baseline -0.002 -17"><span class='ocrx_word' id='word_1_61' title='bbox 119 935 155 976; x_wconf 92' lang='lat' dir='ltr'><strong>ne</strong></span> <span class='ocrx_word' id='word_1_62' title='bbox 176 917 234 975; x_wconf 89' lang='lat' dir='ltr'><strong>arti</strong></span> <span class='ocrx_word' id='word_1_63' title='bbox 259 915 347 993; x_wconf 90' lang='lat' dir='ltr'><strong>culpa</strong></span> <span class='ocrx_word' id='word_1_64' title='bbox 367 915 543 992; x_wconf 90' lang='lat' dir='ltr'><strong>quorundam</strong></span> <span class='ocrx_word' id='word_1_65' title='bbox 567 916 762 993; x_wconf 85' lang='lat' dir='ltr'><strong>pervicacium</strong></span> <span class='ocrx_word' id='word_1_66' title='bbox 786 915 948 993; x_wconf 86' lang='lat' dir='ltr'><strong>perplexae</strong></span> <span class='ocrx_word' id='word_1_67' title='bbox 974 916 1074 976; x_wconf 88' lang='lat' dir='ltr'><strong>videar</strong></span> <span class='ocrx_word' id='word_1_68' title='bbox 1099 923 1128 974; x_wconf 93' lang='lat' dir='ltr'><strong>et</strong></span> 
     </span>
     <span class='ocr_line' id='line_1_10' title="bbox 119 998 586 1079; baseline -0.009 -19"><span class='ocrx_word' id='word_1_69' title='bbox 119 1003 184 1079; x_wconf 84' lang='lat' dir='ltr'><strong>ipse</strong></span> <span class='ocrx_word' id='word_1_70' title='bbox 209 1000 413 1078; x_wconf 89' lang='lat' dir='ltr'><strong>quaestionem</strong></span> <span class='ocrx_word' id='word_1_71' title='bbox 431 998 586 1059; x_wconf 87' lang='lat' dir='ltr'><strong>addidisse.</strong></span> 
     </span>
    </p>

    <p class='ocr_par' dir='ltr' id='par_1_3' title="bbox 76 1081 1170 3094">
     <span class='ocr_line' id='line_1_11' title="bbox 206 1081 1127 1160; baseline 0 -18"><span class='ocrx_word' id='word_1_72' title='bbox 206 1082 277 1142; x_wconf 90' lang='lat' dir='ltr'><strong>Plus</strong></span> <span class='ocrx_word' id='word_1_73' title='bbox 307 1084 426 1160; x_wconf 82' lang='lat' dir='ltr'><strong>exigunt</strong></span> <span class='ocrx_word' id='word_1_74' title='bbox 452 1082 617 1143; x_wconf 89' lang='lat' dir='ltr'><strong>subtilitatis</strong></span> <span class='ocrx_word' id='word_1_75' title='bbox 646 1099 720 1160; x_wconf 92' lang='lat' dir='ltr'><strong>quae</strong></span> <span class='ocrx_word' id='word_1_76' title='bbox 750 1083 883 1143; x_wconf 90' lang='lat' dir='ltr'><strong>accidunt</strong></span> <span class='ocrx_word' id='word_1_77' title='bbox 912 1084 941 1142; x_wconf 91' lang='lat' dir='ltr'><strong>in</strong></span> <span class='ocrx_word' id='word_1_78' title='bbox 969 1081 1127 1142; x_wconf 89' lang='lat' dir='ltr'><strong>dicendo</strong></span> 
     </span>
     <span class='ocr_line' id='line_1_12' title="bbox 119 1165 1128 1245; baseline -0.003 -18"><span class='ocrx_word' id='word_1_79' title='bbox 119 1169 206 1242; x_wconf 82' lang='lat' dir='ltr'><strong>vitia,</strong></span> <span class='ocrx_word' id='word_1_80' title='bbox 232 1167 301 1245; x_wconf 90' lang='lat' dir='ltr'><strong>qnia</strong></span> <span class='ocrx_word' id='word_1_81' title='bbox 323 1166 458 1244; x_wconf 81' lang='lat' dir='ltr'><strong>exempla</strong></span> <span class='ocrx_word' id='word_1_82' title='bbox 479 1183 579 1226; x_wconf 89' lang='lat' dir='ltr'><strong>eorum</strong></span> <span class='ocrx_word' id='word_1_83' title='bbox 601 1165 673 1226; x_wconf 88' lang='lat' dir='ltr'><strong>tradi</strong></span> <span class='ocrx_word' id='word_1_84' title='bbox 696 1167 806 1245; x_wconf 89' lang='lat' dir='ltr'><strong>scripto</strong></span> <span class='ocrx_word' id='word_1_85' title='bbox 831 1183 888 1226; x_wconf 92' lang='lat' dir='ltr'><strong>non</strong></span> <span class='ocrx_word' id='word_1_86' title='bbox 909 1174 1047 1245; x_wconf 90' lang='lat' dir='ltr'><strong>possunt,</strong></span> <span class='ocrx_word' id='word_1_87' title='bbox 1074 1167 1128 1225; x_wconf 91' lang='lat' dir='ltr'><strong>nisi</strong></span> 
     </span>
     <span class='ocr_line' id='line_1_13' title="bbox 121 1246 1126 1328; baseline -0.002 -16"><span class='ocrx_word' id='word_1_88' title='bbox 121 1270 187 1312; x_wconf 91' lang='lat' dir='ltr'><strong>cum</strong></span> <span class='ocrx_word' id='word_1_89' title='bbox 214 1253 244 1310; x_wconf 95' lang='lat' dir='ltr'><strong>in</strong></span> <span class='ocrx_word' id='word_1_90' title='bbox 270 1268 374 1309; x_wconf 82' lang='lat' dir='ltr'><strong>versus</strong></span> <span class='ocrx_word' id='word_1_91' title='bbox 398 1251 576 1325; x_wconf 88' lang='lat' dir='ltr'><strong>inciderunt,</strong></span> <span class='ocrx_word' id='word_1_92' title='bbox 605 1259 635 1309; x_wconf 92' lang='lat' dir='ltr'><strong>ut</strong></span> <span class='ocrx_word' id='word_1_93' title='bbox 664 1250 767 1310; x_wconf 88' lang='lat' dir='ltr'><strong>divisio</strong></span> <span class='ocrx_word' id='word_1_94' title='bbox 794 1246 940 1328; x_wconf 82' lang='lat' dir='ltr'><strong>Europae</strong></span> <span class='ocrx_word' id='word_1_95' title='bbox 966 1258 995 1310; x_wconf 87' lang='lat' dir='ltr'><strong>et</strong></span> <span class='ocrx_word' id='word_1_96' title='bbox 1018 1246 1126 1317; x_wconf 68' lang='lat' dir='ltr'><strong>Arium</strong></span> 
     </span>
     <span class='ocr_line' id='line_1_14' title="bbox 120 1324 1129 1416; baseline -0.004 -20"><span class='ocrx_word' id='word_1_97' title='bbox 120 1344 148 1396; x_wconf 82' lang='lat' dir='ltr'><strong>el</strong></span> <span class='ocrx_word' id='word_1_98' title='bbox 178 1336 208 1394; x_wconf 84' lang='lat' dir='ltr'><strong>el</strong></span> <span class='ocrx_word' id='word_1_99' title='bbox 239 1336 415 1395; x_wconf 83' lang='lat' dir='ltr'><strong>contrarium</strong></span> <span class='ocrx_word' id='word_1_100' title='bbox 442 1336 557 1409; x_wconf 82' lang='lat' dir='ltr'><strong>vllium,</strong></span> <span class='ocrx_word' id='word_1_101' title='bbox 587 1332 665 1412; x_wconf 88' lang='lat' dir='ltr'><strong>quod</strong></span> <span class='ocrx_word' id='word_1_102' title='bbox 692 1334 861 1416; x_wconf 76' lang='lat' dir='ltr'><strong>covoipeo‘tv</strong></span> <span class='ocrx_word' id='word_1_103' title='bbox 887 1343 916 1394; x_wconf 88' lang='lat' dir='ltr'><strong>el</strong></span> <span class='ocrx_word' id='word_1_104' title='bbox 943 1324 1129 1410; x_wconf 77' lang='grc' dir='ltr'><strong><em>συναλοιφὴν</em></strong></span> 
     </span>
     <span class='ocr_line' id='line_1_15' title="bbox 76 1416 1128 1497; baseline -0.003 -17"><span class='ocrx_word' id='word_1_105' title='bbox 76 1465 79 1472; x_wconf 85' lang='grc'>.</span> <span class='ocrx_word' id='word_1_106' title='bbox 121 1419 230 1481; x_wconf 85' lang='lat' dir='ltr'><strong>Graeci</strong></span> <span class='ocrx_word' id='word_1_107' title='bbox 248 1426 370 1493; x_wconf 82' lang='lat' dir='ltr'><strong>vocant,</strong></span> <span class='ocrx_word' id='word_1_108' title='bbox 394 1434 448 1478; x_wconf 93' lang='lat' dir='ltr'><strong>nos</strong></span> <span class='ocrx_word' id='word_1_109' title='bbox 466 1418 699 1497; x_wconf 80' lang='lat' dir='ltr'><strong>complexionem</strong></span> <span class='ocrx_word' id='word_1_110' title='bbox 717 1418 854 1494; x_wconf 85' lang='lat' dir='ltr'><strong>dicimus,</strong></span> <span class='ocrx_word' id='word_1_111' title='bbox 877 1418 970 1497; x_wconf 93' lang='lat' dir='ltr'><strong>qualis</strong></span> <span class='ocrx_word' id='word_1_112' title='bbox 989 1426 1035 1477; x_wconf 90' lang='lat' dir='ltr'><strong>est</strong></span> <span class='ocrx_word' id='word_1_113' title='bbox 1052 1416 1128 1494; x_wconf 92' lang='lat' dir='ltr'><strong>apud</strong></span> 
     </span>
     <span class='ocr_line' id='line_1_16' title="bbox 120 1500 1126 1582; baseline -0.004 -18"><span class='ocrx_word' id='word_1_114' title='bbox 120 1503 150 1564; x_wconf 89' lang='lat' dir='ltr'><strong>P.</strong></span> <span class='ocrx_word' id='word_1_115' title='bbox 164 1503 345 1562; x_wconf 87' lang='lat' dir='ltr'><strong>Varronem:</strong></span> <span class='ocrx_word' id='word_1_116' title='bbox 368 1501 442 1564; x_wconf 79' lang='lat' dir='ltr'><strong>Tum</strong></span> <span class='ocrx_word' id='word_1_117' title='bbox 454 1511 482 1563; x_wconf 86' lang='lat' dir='ltr'><strong>te</strong></span> <span class='ocrx_word' id='word_1_118' title='bbox 496 1500 645 1580; x_wconf 70' lang='lat' dir='ltr'><strong>depromi</strong></span> <span class='ocrx_word' id='word_1_119' title='bbox 660 1504 811 1565; x_wconf 85' lang='lat' dir='ltr'><strong>deiectum</strong></span> <span class='ocrx_word' id='word_1_120' title='bbox 823 1502 950 1582; x_wconf 79' lang='lat' dir='ltr'><strong>fulmine</strong></span> <span class='ocrx_word' id='word_1_121' title='bbox 962 1500 1126 1563; x_wconf 72' lang='lat' dir='ltr'><strong>Phaethon.</strong></span> 
     </span>
     <span class='ocr_line' id='line_1_17' title="bbox 122 1584 1170 1664; baseline -0.002 -16"><span class='ocrx_word' id='word_1_122' title='bbox 122 1584 195 1648; x_wconf 86' lang='lat' dir='ltr'><strong>Nem</strong></span> <span class='ocrx_word' id='word_1_123' title='bbox 217 1587 244 1645; x_wconf 94' lang='lat' dir='ltr'><strong>si</strong></span> <span class='ocrx_word' id='word_1_124' title='bbox 265 1595 346 1646; x_wconf 89' lang='lat' dir='ltr'><strong>esset</strong></span> <span class='ocrx_word' id='word_1_125' title='bbox 366 1603 455 1664; x_wconf 91' lang='lat' dir='ltr'><strong>prosa</strong></span> <span class='ocrx_word' id='word_1_126' title='bbox 474 1588 584 1663; x_wconf 89' lang='lat' dir='ltr'><strong>oratio,</strong></span> <span class='ocrx_word' id='word_1_127' title='bbox 610 1586 727 1646; x_wconf 91' lang='lat' dir='ltr'><strong>easdem</strong></span> <span class='ocrx_word' id='word_1_128' title='bbox 750 1587 861 1647; x_wconf 88' lang='lat' dir='ltr'><strong>litteras</strong></span> <span class='ocrx_word' id='word_1_129' title='bbox 880 1589 1028 1647; x_wconf 88' lang='lat' dir='ltr'><strong>enuntiare</strong></span> <span class='ocrx_word' id='word_1_130' title='bbox 1048 1588 1126 1645; x_wconf 89' lang='lat' dir='ltr'><strong>veris</strong></span> <span class='ocrx_word' id='word_1_131' title='bbox 1136 1589 1170 1646; x_wconf 83' lang='grc'><strong>18</strong></span> 
     </span>
     <span class='ocr_line' id='line_1_18' title="bbox 120 1668 1126 1751; baseline -0.001 -21"><span class='ocrx_word' id='word_1_132' title='bbox 120 1669 247 1746; x_wconf 75' lang='lat' dir='ltr'><strong>syllabis</strong></span> <span class='ocrx_word' id='word_1_133' title='bbox 268 1668 384 1730; x_wconf 89' lang='lat' dir='ltr'><strong>licebat.</strong></span> <span class='ocrx_word' id='word_1_134' title='bbox 421 1671 577 1731; x_wconf 90' lang='lat' dir='ltr'><strong>Praeterea</strong></span> <span class='ocrx_word' id='word_1_135' title='bbox 594 1689 668 1751; x_wconf 91' lang='lat' dir='ltr'><strong>quae</strong></span> <span class='ocrx_word' id='word_1_136' title='bbox 687 1671 757 1730; x_wconf 89' lang='lat' dir='ltr'><strong>liunt</strong></span> <span class='ocrx_word' id='word_1_137' title='bbox 775 1673 884 1750; x_wconf 87' lang='lat' dir='ltr'><strong>spatio,</strong></span> <span class='ocrx_word' id='word_1_138' title='bbox 905 1673 968 1731; x_wconf 88' lang='lat' dir='ltr'><strong>sive</strong></span> <span class='ocrx_word' id='word_1_139' title='bbox 987 1689 1050 1731; x_wconf 91' lang='lat' dir='ltr'><strong>cum</strong></span> <span class='ocrx_word' id='word_1_140' title='bbox 1068 1670 1126 1745; x_wconf 74' lang='lat' dir='ltr'><strong>syl·</strong></span> 
     </span>
     <span class='ocr_line' id='line_1_19' title="bbox 120 1753 1127 1835; baseline -0.003 -20"><span class='ocrx_word' id='word_1_141' title='bbox 120 1754 188 1815; x_wconf 90' lang='lat' dir='ltr'><strong>laba</strong></span> <span class='ocrx_word' id='word_1_142' title='bbox 217 1763 357 1833; x_wconf 88' lang='lat' dir='ltr'><strong>correpta</strong></span> <span class='ocrx_word' id='word_1_143' title='bbox 380 1755 566 1833; x_wconf 83' lang='lat' dir='ltr'><strong>producitur,</strong></span> <span class='ocrx_word' id='word_1_144' title='bbox 594 1764 624 1814; x_wconf 88' lang='lat' dir='ltr'><strong>ut</strong></span> <span class='ocrx_word' id='word_1_145' title='bbox 646 1753 772 1816; x_wconf 76' lang='lat' dir='ltr'><strong>Italiam</strong></span> <span class='ocrx_word' id='word_1_146' title='bbox 793 1756 860 1834; x_wconf 86' lang='lat' dir='ltr'><strong>fato</strong></span> <span class='ocrx_word' id='word_1_147' title='bbox 881 1756 1048 1835; x_wconf 75' lang='lat' dir='ltr'><strong>prosaque,</strong></span> <span class='ocrx_word' id='word_1_148' title='bbox 1074 1773 1127 1813; x_wconf 93' lang='lat' dir='ltr'><strong>seu</strong></span> 
     </span>
     <span class='ocr_line' id='line_1_20' title="bbox 120 1837 1126 1919; baseline -0.003 -20"><span class='ocrx_word' id='word_1_149' title='bbox 120 1839 212 1916; x_wconf 82' lang='lat' dir='ltr'><strong>longa</strong></span> <span class='ocrx_word' id='word_1_150' title='bbox 233 1839 403 1915; x_wconf 90' lang='lat' dir='ltr'><strong>corripitur,</strong></span> <span class='ocrx_word' id='word_1_151' title='bbox 426 1847 457 1898; x_wconf 86' lang='lat' dir='ltr'><strong>ut</strong></span> <span class='ocrx_word' id='word_1_152' title='bbox 478 1837 575 1900; x_wconf 81' lang='lat' dir='ltr'><strong>Unius</strong></span> <span class='ocrx_word' id='word_1_153' title='bbox 590 1840 627 1900; x_wconf 90' lang='lat' dir='ltr'><strong>ob</strong></span> <span class='ocrx_word' id='word_1_154' title='bbox 644 1858 758 1901; x_wconf 75' lang='lat' dir='ltr'><strong>cocum</strong></span> <span class='ocrx_word' id='word_1_155' title='bbox 778 1848 807 1901; x_wconf 85' lang='lat' dir='ltr'><strong>et</strong></span> <span class='ocrx_word' id='word_1_156' title='bbox 822 1840 940 1919; x_wconf 63' lang='lat' dir='ltr'><strong>maios,</strong></span> <span class='ocrx_word' id='word_1_157' title='bbox 963 1848 1045 1898; x_wconf 86' lang='lat' dir='ltr'><strong>extra</strong></span> <span class='ocrx_word' id='word_1_158' title='bbox 1065 1855 1126 1897; x_wconf 92' lang='lat' dir='ltr'><strong>car·</strong></span> 
     </span>
     <span class='ocr_line' id='line_1_21' title="bbox 119 1921 1127 2000; baseline -0.001 -19"><span class='ocrx_word' id='word_1_159' title='bbox 119 1941 189 1982; x_wconf 84' lang='lat' dir='ltr'><strong>rnen</strong></span> <span class='ocrx_word' id='word_1_160' title='bbox 213 1939 274 1982; x_wconf 96' lang='lat' dir='ltr'><strong>non</strong></span> <span class='ocrx_word' id='word_1_161' title='bbox 297 1922 513 2000; x_wconf 64' lang='lat' dir='ltr'><strong>deprehendam</strong></span> <span class='ocrx_word' id='word_1_162' title='bbox 542 1923 595 1984; x_wconf 91' lang='lat' dir='ltr'><strong>sed</strong></span> <span class='ocrx_word' id='word_1_163' title='bbox 621 1941 677 1982; x_wconf 91' lang='lat' dir='ltr'><strong>nec</strong></span> <span class='ocrx_word' id='word_1_164' title='bbox 704 1925 732 1982; x_wconf 90' lang='lat' dir='ltr'><strong>in</strong></span> <span class='ocrx_word' id='word_1_165' title='bbox 757 1925 881 1984; x_wconf 84' lang='lat' dir='ltr'><strong>carmine</strong></span> <span class='ocrx_word' id='word_1_166' title='bbox 902 1924 971 1983; x_wconf 88' lang='lat' dir='ltr'><strong>vitia</strong></span> <span class='ocrx_word' id='word_1_167' title='bbox 996 1921 1127 1981; x_wconf 89' lang='lat' dir='ltr'><strong>ducenda</strong></span> 
     </span>
     <span class='ocr_line' id='line_1_22' title="bbox 120 2005 1169 2085; baseline 0.004 -20"><span class='ocrx_word' id='word_1_168' title='bbox 120 2015 198 2066; x_wconf 88' lang='lat' dir='ltr'><strong>sunt.</strong></span> <span class='ocrx_word' id='word_1_169' title='bbox 243 2005 297 2065; x_wconf 91' lang='lat' dir='ltr'><strong>llla</strong></span> <span class='ocrx_word' id='word_1_170' title='bbox 316 2023 388 2065; x_wconf 86' lang='lat' dir='ltr'><strong>vero</strong></span> <span class='ocrx_word' id='word_1_171' title='bbox 409 2008 522 2067; x_wconf 90' lang='lat' dir='ltr'><strong>nonnisi</strong></span> <span class='ocrx_word' id='word_1_172' title='bbox 539 2025 609 2067; x_wconf 89' lang='lat' dir='ltr'><strong>aure</strong></span> <span class='ocrx_word' id='word_1_173' title='bbox 631 2009 800 2084; x_wconf 77' lang='lat' dir='ltr'><strong>exiguntur,</strong></span> <span class='ocrx_word' id='word_1_174' title='bbox 823 2026 897 2085; x_wconf 91' lang='lat' dir='ltr'><strong>quae</strong></span> <span class='ocrx_word' id='word_1_175' title='bbox 917 2007 986 2067; x_wconf 88' lang='lat' dir='ltr'><strong>liunt</strong></span> <span class='ocrx_word' id='word_1_176' title='bbox 1004 2023 1058 2084; x_wconf 88' lang='lat' dir='ltr'><strong>per</strong></span> <span class='ocrx_word' id='word_1_177' title='bbox 1079 2022 1126 2064; x_wconf 91' lang='lat' dir='ltr'><strong>so·</strong></span> <span class='ocrx_word' id='word_1_178' title='bbox 1136 2015 1169 2069; x_wconf 82' lang='lat'><strong>19</strong></span> 
     </span>
     <span class='ocr_line' id='line_1_23' title="bbox 119 2091 1126 2169; baseline -0.001 -19"><span class='ocrx_word' id='word_1_179' title='bbox 119 2107 190 2158; x_wconf 89' lang='lat' dir='ltr'><strong>nos;</strong></span> <span class='ocrx_word' id='word_1_180' title='bbox 215 2107 380 2168; x_wconf 88' lang='lat' dir='ltr'><strong>quanquam</strong></span> <span class='ocrx_word' id='word_1_181' title='bbox 398 2108 452 2169; x_wconf 88' lang='lat' dir='ltr'><strong>per</strong></span> <span class='ocrx_word' id='word_1_182' title='bbox 470 2092 691 2168; x_wconf 88' lang='lat' dir='ltr'><strong>aspirationem,</strong></span> <span class='ocrx_word' id='word_1_183' title='bbox 712 2093 774 2151; x_wconf 86' lang='lat' dir='ltr'><strong>sive</strong></span> <span class='ocrx_word' id='word_1_184' title='bbox 791 2091 922 2152; x_wconf 89' lang='lat' dir='ltr'><strong>adiicitur</strong></span> <span class='ocrx_word' id='word_1_185' title='bbox 937 2093 1044 2150; x_wconf 86' lang='lat' dir='ltr'><strong>vitiose</strong></span> <span class='ocrx_word' id='word_1_186' title='bbox 1063 2091 1126 2150; x_wconf 88' lang='lat' dir='ltr'><strong>sive</strong></span> 
     </span>
     <span class='ocr_line' id='line_1_24' title="bbox 119 2174 1125 2255; baseline -0.001 -21"><span class='ocrx_word' id='word_1_187' title='bbox 119 2174 300 2249; x_wconf 86' lang='lat' dir='ltr'><strong>detrahitur,</strong></span> <span class='ocrx_word' id='word_1_188' title='bbox 323 2175 398 2251; x_wconf 92' lang='lat' dir='ltr'><strong>apud</strong></span> <span class='ocrx_word' id='word_1_189' title='bbox 417 2192 470 2234; x_wconf 93' lang='lat' dir='ltr'><strong>nos</strong></span> <span class='ocrx_word' id='word_1_190' title='bbox 491 2183 589 2253; x_wconf 88' lang='lat' dir='ltr'><strong>potest</strong></span> <span class='ocrx_word' id='word_1_191' title='bbox 611 2177 712 2254; x_wconf 92' lang='lat' dir='ltr'><strong>quaeri</strong></span> <span class='ocrx_word' id='word_1_192' title='bbox 731 2194 766 2235; x_wconf 87' lang='lat' dir='ltr'><strong>an</strong></span> <span class='ocrx_word' id='word_1_193' title='bbox 783 2177 811 2235; x_wconf 90' lang='lat' dir='ltr'><strong>in</strong></span> <span class='ocrx_word' id='word_1_194' title='bbox 830 2178 941 2255; x_wconf 88' lang='lat' dir='ltr'><strong>scripto</strong></span> <span class='ocrx_word' id='word_1_195' title='bbox 960 2177 998 2235; x_wconf 89' lang='lat' dir='ltr'><strong>sit</strong></span> <span class='ocrx_word' id='word_1_196' title='bbox 1017 2176 1125 2250; x_wconf 88' lang='lat' dir='ltr'><strong>vitium,</strong></span> 
     </span>
     <span class='ocr_line' id='line_1_25' title="bbox 119 2257 1127 2338; baseline 0 -20"><span class='ocrx_word' id='word_1_197' title='bbox 119 2259 144 2318; x_wconf 87' lang='lat' dir='ltr'><strong>si</strong></span> <span class='ocrx_word' id='word_1_198' title='bbox 165 2257 193 2317; x_wconf 90' lang='grc' dir='ltr'><strong><em>Η</em></strong></span> <span class='ocrx_word' id='word_1_199' title='bbox 216 2257 314 2318; x_wconf 89' lang='lat' dir='ltr'><strong>littera</strong></span> <span class='ocrx_word' id='word_1_200' title='bbox 332 2266 393 2335; x_wconf 86' lang='lat' dir='ltr'><strong>est,</strong></span> <span class='ocrx_word' id='word_1_201' title='bbox 411 2276 469 2319; x_wconf 94' lang='lat' dir='ltr'><strong>non</strong></span> <span class='ocrx_word' id='word_1_202' title='bbox 485 2268 561 2319; x_wconf 87' lang='lat' dir='ltr'><strong>nota.</strong></span> <span class='ocrx_word' id='word_1_203' title='bbox 597 2258 685 2319; x_wconf 83' lang='lat' dir='ltr'><strong>Cuius</strong></span> <span class='ocrx_word' id='word_1_204' title='bbox 708 2260 822 2338; x_wconf 90' lang='lat' dir='ltr'><strong>quidem</strong></span> <span class='ocrx_word' id='word_1_205' title='bbox 842 2262 915 2320; x_wconf 90' lang='lat' dir='ltr'><strong>ratio</strong></span> <span class='ocrx_word' id='word_1_206' title='bbox 937 2269 1043 2320; x_wconf 87' lang='lat' dir='ltr'><strong>mutata</strong></span> <span class='ocrx_word' id='word_1_207' title='bbox 1064 2277 1127 2319; x_wconf 91' lang='lat' dir='ltr'><strong>eum</strong></span> 
     </span>
     <span class='ocr_line' id='line_1_26' title="bbox 119 2340 1170 2422; baseline 0.004 -21"><span class='ocrx_word' id='word_1_208' title='bbox 119 2340 305 2420; x_wconf 88' lang='lat' dir='ltr'><strong>temporibus</strong></span> <span class='ocrx_word' id='word_1_209' title='bbox 325 2351 371 2401; x_wconf 89' lang='lat' dir='ltr'><strong>est</strong></span> <span class='ocrx_word' id='word_1_210' title='bbox 389 2345 516 2422; x_wconf 91' lang='lat' dir='ltr'><strong>saepius.</strong></span> <span class='ocrx_word' id='word_1_211' title='bbox 550 2344 721 2404; x_wconf 88' lang='lat' dir='ltr'><strong>Parcissime</strong></span> <span class='ocrx_word' id='word_1_212' title='bbox 740 2363 774 2405; x_wconf 93' lang='lat' dir='ltr'><strong>ea</strong></span> <span class='ocrx_word' id='word_1_213' title='bbox 793 2354 910 2406; x_wconf 88' lang='lat' dir='ltr'><strong>veteres</strong></span> <span class='ocrx_word' id='word_1_214' title='bbox 931 2346 975 2404; x_wconf 92' lang='lat' dir='ltr'><strong>usi</strong></span> <span class='ocrx_word' id='word_1_215' title='bbox 997 2345 1082 2404; x_wconf 90' lang='lat' dir='ltr'><strong>etiam</strong></span> <span class='ocrx_word' id='word_1_216' title='bbox 1100 2345 1170 2405; x_wconf 70' lang='lat' dir='ltr'><strong>into</strong></span> 
     </span>
     <span class='ocr_line' id='line_1_27' title="bbox 118 2424 1126 2507; baseline -0.002 -20"><span class='ocrx_word' id='word_1_217' title='bbox 118 2424 294 2500; x_wconf 84' lang='lat' dir='ltr'><strong>vocalibus,</strong></span> <span class='ocrx_word' id='word_1_218' title='bbox 316 2444 380 2486; x_wconf 89' lang='lat' dir='ltr'><strong>cum</strong></span> <span class='ocrx_word' id='word_1_219' title='bbox 398 2429 491 2489; x_wconf 81' lang='lat' dir='ltr'><strong>cados</strong></span> <span class='ocrx_word' id='word_1_220' title='bbox 509 2429 650 2507; x_wconf 82' lang='lat' dir='ltr'><strong>ircosque</strong></span> <span class='ocrx_word' id='word_1_221' title='bbox 670 2428 820 2504; x_wconf 90' lang='lat' dir='ltr'><strong>dicebant,</strong></span> <span class='ocrx_word' id='word_1_222' title='bbox 839 2429 886 2489; x_wconf 93' lang='lat' dir='ltr'><strong>diu</strong></span> <span class='ocrx_word' id='word_1_223' title='bbox 905 2429 1009 2489; x_wconf 91' lang='lat' dir='ltr'><strong>deinde</strong></span> <span class='ocrx_word' id='word_1_224' title='bbox 1028 2444 1126 2487; x_wconf 86' lang='lat' dir='ltr'><strong>serva-</strong></span> 
     </span>
     <span class='ocr_line' id='line_1_28' title="bbox 118 2511 1126 2590; baseline -0.001 -20"><span class='ocrx_word' id='word_1_225' title='bbox 118 2519 195 2586; x_wconf 82' lang='lat' dir='ltr'><strong>rum,</strong></span> <span class='ocrx_word' id='word_1_226' title='bbox 216 2527 254 2569; x_wconf 91' lang='lat' dir='ltr'><strong>ne</strong></span> <span class='ocrx_word' id='word_1_227' title='bbox 270 2511 495 2572; x_wconf 86' lang='lat' dir='ltr'><strong>consonantibus</strong></span> <span class='ocrx_word' id='word_1_228' title='bbox 511 2514 688 2590; x_wconf 89' lang='lat' dir='ltr'><strong>aspirarent,</strong></span> <span class='ocrx_word' id='word_1_229' title='bbox 705 2521 735 2570; x_wconf 91' lang='lat' dir='ltr'><strong>ut</strong></span> <span class='ocrx_word' id='word_1_230' title='bbox 750 2514 777 2570; x_wconf 87' lang='lat' dir='ltr'><strong>in</strong></span> <span class='ocrx_word' id='word_1_231' title='bbox 792 2513 922 2573; x_wconf 83' lang='lat' dir='ltr'><strong>Graccis</strong></span> <span class='ocrx_word' id='word_1_232' title='bbox 937 2520 965 2570; x_wconf 90' lang='lat' dir='ltr'><strong>et</strong></span> <span class='ocrx_word' id='word_1_233' title='bbox 979 2513 1007 2570; x_wconf 90' lang='lat' dir='ltr'><strong>in</strong></span> <span class='ocrx_word' id='word_1_234' title='bbox 1023 2513 1126 2571; x_wconf 81' lang='lat' dir='ltr'><strong>trium·</strong></span> 
     </span>
     <span class='ocr_line' id='line_1_29' title="bbox 117 2593 1121 2674; baseline -0.003 -21"><span class='ocrx_word' id='word_1_235' title='bbox 117 2596 188 2674; x_wconf 80' lang='lat' dir='ltr'><strong>pis,·</strong></span> <span class='ocrx_word' id='word_1_236' title='bbox 210 2596 306 2671; x_wconf 88' lang='lat' dir='ltr'><strong>erupit</strong></span> <span class='ocrx_word' id='word_1_237' title='bbox 327 2594 409 2655; x_wconf 88' lang='lat' dir='ltr'><strong>brevi</strong></span> <span class='ocrx_word' id='word_1_238' title='bbox 427 2604 558 2674; x_wconf 89' lang='lat' dir='ltr'><strong>tempore</strong></span> <span class='ocrx_word' id='word_1_239' title='bbox 576 2598 678 2656; x_wconf 90' lang='lat' dir='ltr'><strong>nimius</strong></span> <span class='ocrx_word' id='word_1_240' title='bbox 697 2613 781 2672; x_wconf 85' lang='lat' dir='ltr'><strong>usus,</strong></span> <span class='ocrx_word' id='word_1_241' title='bbox 802 2604 831 2654; x_wconf 90' lang='lat' dir='ltr'><strong>ut</strong></span> <span class='ocrx_word' id='word_1_242' title='bbox 848 2595 1016 2668; x_wconf 79' lang='lat' dir='ltr'><strong>eboracae,</strong></span> <span class='ocrx_word' id='word_1_243' title='bbox 1035 2593 1121 2654; x_wconf 86' lang='lat' dir='ltr'><strong>eben·</strong></span> 
     </span>
     <span class='ocr_line' id='line_1_30' title="bbox 118 2677 1127 2758; baseline -0.004 -20"><span class='ocrx_word' id='word_1_244' title='bbox 118 2679 277 2751; x_wconf 73' lang='lat' dir='ltr'><strong>terriones,</strong></span> <span class='ocrx_word' id='word_1_245' title='bbox 296 2680 491 2757; x_wconf 72' lang='lat' dir='ltr'><strong>praechones</strong></span> <span class='ocrx_word' id='word_1_246' title='bbox 507 2679 601 2741; x_wconf 88' lang='lat' dir='ltr'><strong>adbuc</strong></span> <span class='ocrx_word' id='word_1_247' title='bbox 623 2679 791 2758; x_wconf 89' lang='lat' dir='ltr'><strong>quibusdam</strong></span> <span class='ocrx_word' id='word_1_248' title='bbox 811 2677 1047 2757; x_wconf 88' lang='lat' dir='ltr'><strong>inscriptionibus</strong></span> <span class='ocrx_word' id='word_1_249' title='bbox 1070 2693 1127 2735; x_wconf 90' lang='lat' dir='ltr'><strong>ma-</strong></span> 
     </span>
     <span class='ocr_line' id='line_1_31' title="bbox 118 2761 1167 2842; baseline -0.003 -21"><span class='ocrx_word' id='word_1_250' title='bbox 118 2770 224 2838; x_wconf 88' lang='lat' dir='ltr'><strong>neant,</strong></span> <span class='ocrx_word' id='word_1_251' title='bbox 248 2779 305 2840; x_wconf 90' lang='lat' dir='ltr'><strong>qua</strong></span> <span class='ocrx_word' id='word_1_252' title='bbox 324 2763 360 2822; x_wconf 89' lang='lat' dir='ltr'><strong>dc</strong></span> <span class='ocrx_word' id='word_1_253' title='bbox 379 2782 411 2824; x_wconf 91' lang='lat' dir='ltr'><strong>re</strong></span> <span class='ocrx_word' id='word_1_254' title='bbox 430 2761 536 2824; x_wconf 81' lang='lat' dir='ltr'><strong>Catulli</strong></span> <span class='ocrx_word' id='word_1_255' title='bbox 555 2764 653 2825; x_wconf 93' lang='lat' dir='ltr'><strong>nobile</strong></span> <span class='ocrx_word' id='word_1_256' title='bbox 676 2766 851 2842; x_wconf 81' lang='lat' dir='ltr'><strong>epigramma</strong></span> <span class='ocrx_word' id='word_1_257' title='bbox 870 2773 924 2824; x_wconf 93' lang='lat' dir='ltr'><strong>est.</strong></span> <span class='ocrx_word' id='word_1_258' title='bbox 958 2761 1028 2822; x_wconf 85' lang='lat' dir='ltr'><strong>Inde</strong></span> <span class='ocrx_word' id='word_1_259' title='bbox 1047 2762 1167 2822; x_wconf 69' lang='lat' dir='ltr'><strong>duratii</strong></span> 
     </span>
     <span class='ocr_line' id='line_1_32' title="bbox 119 2846 1128 2927; baseline -0.002 -21"><span class='ocrx_word' id='word_1_260' title='bbox 119 2846 156 2907; x_wconf 91' lang='lat' dir='ltr'><strong>ad</strong></span> <span class='ocrx_word' id='word_1_261' title='bbox 177 2863 233 2905; x_wconf 93' lang='lat' dir='ltr'><strong>nos</strong></span> <span class='ocrx_word' id='word_1_262' title='bbox 255 2864 350 2926; x_wconf 90' lang='lat' dir='ltr'><strong>usque</strong></span> <span class='ocrx_word' id='word_1_263' title='bbox 367 2849 558 2911; x_wconf 73' lang='lat' dir='ltr'><strong>veliementer</strong></span> <span class='ocrx_word' id='word_1_264' title='bbox 579 2857 608 2908; x_wconf 92' lang='lat' dir='ltr'><strong>et</strong></span> <span class='ocrx_word' id='word_1_265' title='bbox 626 2849 883 2927; x_wconf 77' lang='lat' dir='ltr'><strong>comprehendere</strong></span> <span class='ocrx_word' id='word_1_266' title='bbox 903 2857 932 2909; x_wconf 90' lang='lat' dir='ltr'><strong>et</strong></span> <span class='ocrx_word' id='word_1_267' title='bbox 952 2847 1039 2922; x_wconf 81' lang='lat' dir='ltr'><strong>mibi,</strong></span> <span class='ocrx_word' id='word_1_268' title='bbox 1064 2863 1128 2905; x_wconf 88' lang='lat' dir='ltr'><strong>nam</strong></span> 
     </span>
     <span class='ocr_line' id='line_1_33' title="bbox 119 2931 1127 3012; baseline -0.002 -21"><span class='ocrx_word' id='word_1_269' title='bbox 119 2931 208 2994; x_wconf 72' lang='lat' dir='ltr'><strong>oseba</strong></span> <span class='ocrx_word' id='word_1_270' title='bbox 224 2948 344 3010; x_wconf 92' lang='lat' dir='ltr'><strong>quoque</strong></span> <span class='ocrx_word' id='word_1_271' title='bbox 360 2949 414 3011; x_wconf 95' lang='lat' dir='ltr'><strong>pro</strong></span> <span class='ocrx_word' id='word_1_272' title='bbox 429 2952 477 2994; x_wconf 86' lang='lat' dir='ltr'><strong>mc</strong></span> <span class='ocrx_word' id='word_1_273' title='bbox 492 2933 567 3012; x_wconf 90' lang='lat' dir='ltr'><strong>apud</strong></span> <span class='ocrx_word' id='word_1_274' title='bbox 586 2934 718 3010; x_wconf 89' lang='lat' dir='ltr'><strong>antiquos</strong></span> <span class='ocrx_word' id='word_1_275' title='bbox 736 2934 950 3010; x_wconf 83' lang='lat' dir='ltr'><strong>tragoediarum</strong></span> <span class='ocrx_word' id='word_1_276' title='bbox 969 2933 1127 3011; x_wconf 90' lang='lat' dir='ltr'><strong>praecipue</strong></span> 
     </span>
     <span class='ocr_line' id='line_1_34' title="bbox 120 3015 793 3094; baseline 0 -20"><span class='ocrx_word' id='word_1_277' title='bbox 120 3015 285 3094; x_wconf 89' lang='lat' dir='ltr'><strong>scriptores</strong></span> <span class='ocrx_word' id='word_1_278' title='bbox 307 3017 337 3075; x_wconf 93' lang='lat' dir='ltr'><strong>in</strong></span> <span class='ocrx_word' id='word_1_279' title='bbox 355 3016 505 3078; x_wconf 84' lang='lat' dir='ltr'><strong>veteribus</strong></span> <span class='ocrx_word' id='word_1_280' title='bbox 525 3016 605 3077; x_wconf 90' lang='lat' dir='ltr'><strong>libris</strong></span> <span class='ocrx_word' id='word_1_281' title='bbox 626 3019 793 3077; x_wconf 90' lang='lat' dir='ltr'><strong>invenimus.</strong></span> 
     </span>
    </p>

    <p class='ocr_par' dir='ltr' id='par_1_4' title="bbox 113 3098 1169 3518">
     <span class='ocr_line' id='line_1_35' title="bbox 204 3098 1169 3181; baseline 0.003 -23"><span class='ocrx_word' id='word_1_282' title='bbox 204 3098 312 3160; x_wconf 79' lang='lat' dir='ltr'><strong>Adbuc</strong></span> <span class='ocrx_word' id='word_1_283' title='bbox 333 3100 480 3162; x_wconf 83' lang='lat' dir='ltr'><strong>diffieilior</strong></span> <span class='ocrx_word' id='word_1_284' title='bbox 503 3100 670 3161; x_wconf 88' lang='lat' dir='ltr'><strong>observatio</strong></span> <span class='ocrx_word' id='word_1_285' title='bbox 698 3110 742 3161; x_wconf 90' lang='lat' dir='ltr'><strong>est</strong></span> <span class='ocrx_word' id='word_1_286' title='bbox 763 3120 818 3181; x_wconf 89' lang='lat' dir='ltr'><strong>per</strong></span> <span class='ocrx_word' id='word_1_287' title='bbox 840 3110 1008 3177; x_wconf 89' lang='lat' dir='ltr'><strong>tenores,</strong></span> <span class='ocrx_word' id='word_1_288' title='bbox 1038 3101 1169 3180; x_wconf 71' lang='lat' dir='ltr'><strong>(qucsbt</strong></span> 
     </span>
     <span class='ocr_line' id='line_1_36' title="bbox 120 3183 1126 3265; baseline 0.001 -21"><span class='ocrx_word' id='word_1_289' title='bbox 120 3183 237 3262; x_wconf 91' lang='lat' dir='ltr'><strong>quidem</strong></span> <span class='ocrx_word' id='word_1_290' title='bbox 259 3183 296 3244; x_wconf 91' lang='lat' dir='ltr'><strong>ab</strong></span> <span class='ocrx_word' id='word_1_291' title='bbox 319 3186 443 3264; x_wconf 85' lang='lat' dir='ltr'><strong>antiquis</strong></span> <span class='ocrx_word' id='word_1_292' title='bbox 469 3186 562 3245; x_wconf 89' lang='lat' dir='ltr'><strong>dictos</strong></span> <span class='ocrx_word' id='word_1_293' title='bbox 585 3194 706 3248; x_wconf 81' lang='lat' dir='ltr'><strong>tortores</strong></span> <span class='ocrx_word' id='word_1_294' title='bbox 725 3188 854 3265; x_wconf 91' lang='lat' dir='ltr'><strong>comperi</strong></span> <span class='ocrx_word' id='word_1_295' title='bbox 877 3187 1016 3247; x_wconf 88' lang='lat' dir='ltr'><strong>videlicet</strong></span> <span class='ocrx_word' id='word_1_296' title='bbox 1037 3185 1126 3246; x_wconf 91' lang='lat' dir='ltr'><strong>decli·</strong></span> 
     </span>
     <span class='ocr_line' id='line_1_37' title="bbox 116 3263 1125 3350; baseline 0 -22"><span class='ocrx_word' id='word_1_297' title='bbox 116 3278 184 3328; x_wconf 88' lang='lat' dir='ltr'><strong>nato</strong></span> <span class='ocrx_word' id='word_1_298' title='bbox 208 3287 226 3328; x_wconf 92' lang='lat' dir='ltr'><strong>a</strong></span> <span class='ocrx_word' id='word_1_299' title='bbox 250 3266 375 3328; x_wconf 84' lang='lat' dir='ltr'><strong>Graecis</strong></span> <span class='ocrx_word' id='word_1_300' title='bbox 396 3269 505 3344; x_wconf 88' lang='lat' dir='ltr'><strong>verbo,</strong></span> <span class='ocrx_word' id='word_1_301' title='bbox 532 3271 580 3346; x_wconf 90' lang='lat' dir='ltr'><strong>qui</strong></span> <span class='ocrx_word' id='word_1_302' title='bbox 601 3263 704 3342; x_wconf 80' lang='grc' dir='ltr'><strong><em>τόνους</em></strong></span> <span class='ocrx_word' id='word_1_303' title='bbox 727 3270 839 3350; x_wconf 87' lang='lat' dir='ltr'><strong>dicunt)</strong></span> <span class='ocrx_word' id='word_1_304' title='bbox 861 3271 910 3331; x_wconf 88' lang='lat' dir='ltr'><strong>vel</strong></span> <span class='ocrx_word' id='word_1_305' title='bbox 932 3279 1125 3343; x_wconf 90' lang='lat' dir='ltr'><strong>accentus,</strong></span> 
     </span>
     <span class='ocr_line' id='line_1_38' title="bbox 115 3351 1126 3435; baseline -0.002 -22"><span class='ocrx_word' id='word_1_306' title='bbox 115 3371 188 3431; x_wconf 89' lang='lat' dir='ltr'><strong>quas</strong></span> <span class='ocrx_word' id='word_1_307' title='bbox 206 3351 316 3414; x_wconf 85' lang='lat' dir='ltr'><strong>Graeci</strong></span> <span class='ocrx_word' id='word_1_308' title='bbox 332 3352 500 3435; x_wconf 78' lang='grc' dir='ltr'><strong><em>προσῳδίας</em></strong></span> <span class='ocrx_word' id='word_1_309' title='bbox 514 3363 636 3429; x_wconf 87' lang='lat' dir='ltr'><strong>vocant,</strong></span> <span class='ocrx_word' id='word_1_310' title='bbox 657 3372 718 3413; x_wconf 90' lang='lat' dir='ltr'><strong>curn</strong></span> <span class='ocrx_word' id='word_1_311' title='bbox 738 3364 821 3415; x_wconf 88' lang='lat' dir='ltr'><strong>acuta</strong></span> <span class='ocrx_word' id='word_1_312' title='bbox 838 3365 866 3414; x_wconf 92' lang='lat' dir='ltr'><strong>et</strong></span> <span class='ocrx_word' id='word_1_313' title='bbox 882 3357 979 3432; x_wconf 84' lang='lat' dir='ltr'><strong>gravis</strong></span> <span class='ocrx_word' id='word_1_314' title='bbox 998 3354 1054 3414; x_wconf 88' lang='lat' dir='ltr'><strong>alia</strong></span> <span class='ocrx_word' id='word_1_315' title='bbox 1072 3369 1126 3431; x_wconf 96' lang='lat' dir='ltr'><strong>pro</strong></span> 
     </span>
     <span class='ocr_line' id='line_1_39' title="bbox 113 3434 1168 3518; baseline -0.003 -20"><span class='ocrx_word' id='word_1_316' title='bbox 113 3438 171 3498; x_wconf 88' lang='lat' dir='ltr'><strong>alia</strong></span> <span class='ocrx_word' id='word_1_317' title='bbox 195 3445 363 3516; x_wconf 91' lang='lat' dir='ltr'><strong>ponuntur,</strong></span> <span class='ocrx_word' id='word_1_318' title='bbox 388 3446 419 3495; x_wconf 93' lang='lat' dir='ltr'><strong>nt</strong></span> <span class='ocrx_word' id='word_1_319' title='bbox 443 3437 471 3495; x_wconf 89' lang='lat' dir='ltr'><strong>in</strong></span> <span class='ocrx_word' id='word_1_320' title='bbox 494 3436 552 3496; x_wconf 90' lang='lat' dir='ltr'><strong>boc</strong></span> <span class='ocrx_word' id='word_1_321' title='bbox 576 3434 739 3514; x_wconf 76' lang='lat' dir='ltr'><strong>Camillae,</strong></span> <span class='ocrx_word' id='word_1_322' title='bbox 763 3440 787 3497; x_wconf 94' lang='lat' dir='ltr'><strong>si</strong></span> <span class='ocrx_word' id='word_1_323' title='bbox 813 3441 924 3501; x_wconf 89' lang='lat' dir='ltr'><strong>acuitur</strong></span> <span class='ocrx_word' id='word_1_324' title='bbox 946 3441 1050 3518; x_wconf 84' lang='lat' dir='ltr'><strong>prima;</strong></span> <span class='ocrx_word' id='word_1_325' title='bbox 1080 3443 1168 3496; x_wconf 63' lang='lat' dir='ltr'><strong>autad</strong></span> 
     </span>
    </p>
   </div>
   <div class='ocr_carea' id='block_1_3' title="bbox 0 0 1288 4026">
    <p class='ocr_par' dir='ltr' id='par_1_5' title="bbox 0 0 1288 4026">
     <span class='ocr_line' id='line_1_40' title="bbox 0 0 1288 4026; baseline 0 0"><span class='ocrx_word' id='word_1_326' title='bbox 0 0 1288 4026; x_wconf 95' lang='lat' dir='ltr'><strong> </strong></span> 
     </span>
    </p>
   </div>
  </div>
 </body>
</html>
