2566 4026
207 149 268 213 262
521 164 881 223 m.uun.on1ur1nmu1

166 318 317 397 arepilogt
332 318 437 377 dictum
455 326 508 377 est.
547 316 585 376 Et
598 327 704 378 metum
719 326 813 377 tamen
827 318 971 396 duplicem
986 317 1108 395 intelligi
1125 318 1208 393 volo,

208 420 292 481 quern
307 403 428 480 patimur
444 410 473 461 et
496 419 581 478 quem
602 402 736 477 iacimus,
763 411 792 461 et
803 402 953 472 invidiam;
978 418 1100 479 namque
1114 402 1209 461 altera

206 486 332 546 invidum
356 484 448 544 alteru
470 484 642 544 invidiosum
663 484 741 545 iaoit.
777 484 841 544 lloo
862 495 957 545 autem
971 487 1111 560 hominis,
1136 484 1209 544 illud

207 571 251 629 rei
266 577 327 636 eet:
348 569 377 627 ia
398 585 455 647 quo
478 577 507 627 et
526 567 593 645 plus
608 567 696 628 habet
715 569 812 646 operis
834 571 936 629 oratio.
972 568 1046 629 Nam
1068 568 1210 646 quaedam

207 653 339 712 ridentur
361 654 462 727 grauia
483 669 536 729 per
564 668 614 728 se,
642 652 840 731 parricidium,
873 654 993 728 caedes,
1020 652 1208 720 veneficium

165 736 348 815 tiquaedum
370 735 522 795 eihnienda
542 743 615 794 suut.
653 735 685 795 ld
705 744 800 794 autem
821 738 976 812 contingit,
1008 754 1071 795 eum
1096 736 1208 813 magnis

187 826 190 831 ’
208 820 315 897 alioqui
331 817 412 878 malis
429 820 545 895 gravius
560 836 627 878 esse
642 819 687 895 id,
709 819 787 897 quod
801 822 879 897 passi
896 837 1010 895 sumus,
1027 820 1207 887 ostenditur;

208 907 293 982 quale
310 911 355 961 est
371 902 446 980 apud
460 901 629 978 Virgilium:

359 999 379 1050 0
398 1000 461 1050 felix
478 1014 529 1049 una
547 1007 604 1048 ante
622 1001 685 1050 alins
704 999 831 1049 Priameia
848 999 930 1064 virgo,

358 1069 482 1187 {hostilem
498 1069 531 1150 ad
549 1068 672 1118 tumulum
690 1069 781 1117 Troiae
797 1068 843 1117 sub
860 1068 992 1118 moenibus
1009 1067 1068 1118 altis

371 1152 431 1188 ussa
448 1152 512 1187 muru
532 1163 567 1174 -

209 1220 309 1299 (quam
325 1220 414 1279 miser
429 1221 503 1278 enim
519 1237 603 1279 nasus
618 1218 856 1294 Andromachae,
872 1221 897 1277 si
913 1227 1078 1297 comparata
1094 1219 1121 1276 ei
1136 1217 1211 1277 felix

165 1302 392 1382 23Polyxena);
417 1312 463 1362 aut
486 1321 550 1363 eum
570 1305 609 1363 ita
630 1321 841 1380 exaggeramus
862 1303 991 1362 iniuriam
1013 1311 1156 1376 nostram,
1178 1310 1212 1360 ut

209 1389 309 1464 etiam,
336 1404 410 1465 quae
430 1386 518 1446 multo
541 1388 651 1446 minora
679 1396 759 1463 sunt,
789 1385 967 1445 intoleranda
995 1387 1141 1446 dieamus:
1173 1383 1211 1445 Si

206 1472 379 1548 pulraaaea,
395 1470 520 1549 defendi
535 1490 595 1532 non
605 1479 751 1549 patema,-
767 1471 944 1531 vulnerasti.
976 1470 1035 1529 Sed
1056 1469 1131 1528 haec
1146 1467 1209 1527 dili·

207 1554 339 1630 gentius,
362 1552 481 1612 eumad
504 1570 567 1612 eam
589 1553 839 1631 amplificationem
862 1554 1043 1627 venerimus,
1067 1552 1207 1611 dicemus.

207 1635 324 1695 Interim
338 1644 457 1695 notasse
474 1645 625 1696 contentus
640 1655 717 1712 sum,
739 1655 797 1696 nun
811 1637 839 1696 id
857 1637 950 1695 solum
968 1653 1058 1713 agere
1074 1635 1208 1710 allectus,

207 1727 248 1794 ut,
263 1736 336 1796 quae
353 1727 435 1795 sunt,
454 1719 640 1779 ostendantur
655 1719 761 1784 aoerlta
777 1720 977 1794 eoluctuosa,
996 1719 1048 1779 sed
1067 1720 1152 1778 etiam
1167 1727 1208 1791 ut,

209 1820 282 1881 quae
303 1801 454 1862 toleranda
474 1802 574 1862 haberi
597 1803 710 1879 solent,
733 1806 833 1881 gravia
855 1803 1021 1863 rideantur:
1046 1811 1077 1861 ut
1098 1819 1161 1861 oum
1181 1802 1210 1860 in

207 1886 361 1946 maledieto
377 1885 442 1964 plus
458 1888 577 1945 iniuriae
599 1905 682 1965 quam
703 1890 731 1946 in
751 1905 852 1962 manu,
876 1888 905 1945 in
925 1886 1040 1945 infamia
1055 1885 1121 1964 plus
1137 1901 1208 1963 poe·

166 1979 262 2036 alnae
278 1969 397 2029 dicimus
415 1987 499 2047 quam
516 1970 544 2028 in
559 1980 661 2030 morte.
693 1969 823 2048 Namque
841 1971 870 2028 in
884 1970 942 2029 hon
961 1969 1147 2048 eloquentiae
1163 1969 1208 2027 via

209 2063 265 2129 est,
283 2062 314 2111 ut
330 2053 454 2112 iudicem
469 2071 527 2112 non
542 2055 569 2112 in
585 2055 613 2114 id
628 2063 734 2114 tanturn
750 2054 925 2131 compellat,
949 2055 978 2112 in
994 2053 1071 2131 quod
1086 2054 1151 2130 ipsu
1166 2053 1211 2112 rei

208 2145 308 2196 natura
323 2137 457 2206 duoetur;
476 2138 528 2198 sed
546 2147 603 2212 aut,
623 2141 670 2216 qui
690 2147 814 2213 nonest,
832 2145 879 2197 aut
893 2138 1030 2196 maiorem
1054 2154 1137 2215 quam
1153 2145 1209 2210 est,

208 2221 296 2280 faeiat
312 2219 455 2280 aiieotum.
485 2220 565 2281 llaec
582 2230 626 2280 est
641 2221 707 2298 illa,
729 2239 801 2299 quae
820 2221 951 2293 δείνωσις
965 2229 1104 2296 vocatur,
1121 2218 1210 2279 rebus

208 2304 349 2380 indignis,
372 2306 502 2383 asperis,
527 2306 675 2365 invidiosis
693 2306 802 2365 addens
819 2307 876 2365 uim
894 2305 1003 2373 oratio;
1026 2321 1083 2382 qua
1102 2304 1209 2363 virtute

208 2397 325 2466 praeter
341 2387 411 2448 alias
427 2388 578 2467 plurimum
595 2389 806 2449 Demosthenes
822 2389 920 2448 valuit.

165 2500 199 2553 25
293 2483 404 2558 Quodsi
420 2487 525 2548 tradita
537 2488 606 2548 mihi
621 2490 705 2566 sequi
722 2496 881 2566 praecepta
903 2487 1069 2546 sufficeret:
1093 2482 1209 2544 satisfa-

209 2586 305 2628 cerem
326 2570 393 2629 huie
415 2575 506 2648 parti,
527 2571 597 2631 nihil
620 2589 734 2646 eorum,
757 2589 830 2648 quae
855 2569 915 2647 legi
936 2570 988 2632 vel
1009 2568 1112 2643 didici,
1132 2566 1210 2645 qnod

206 2652 292 2711 modo
314 2652 466 2729 probabile
487 2655 557 2727 init,
587 2655 757 2722 omittend0;
782 2655 835 2713 sed
858 2671 961 2712 eruere
986 2654 1014 2711 iu
1035 2653 1129 2710 animo
1152 2659 1209 2727 est,

208 2752 282 2812 quae
304 2734 409 2810 latent,
435 2745 464 2794 et
488 2738 602 2813 penitus
624 2739 687 2814 ipsa
709 2737 792 2796 huius
814 2737 873 2796 loci
899 2738 1014 2814 aperire
1036 2734 1209 2811 penetralia,

208 2836 282 2896 quae
305 2818 419 2896 quidem
442 2835 499 2877 non
520 2819 617 2896 aliquo
639 2821 770 2879 tradente
792 2821 844 2879 sed
867 2822 1066 2897 experimento
1086 2834 1153 2877 meo
1174 2832 1210 2877 ao

165 2918 198 2972 ιθ
207 2910 306 2961 natura
321 2903 385 2978 ipsa
400 2902 474 2962 duee
490 2905 602 2981 accepi.
636 2904 750 2963 Summa
766 2906 850 2979 enim,
868 2912 1003 2980 quantum
1018 2918 1075 2978 ego
1093 2901 1209 2977 quidem

208 2986 318 3061 sentio,
343 2986 421 3045 eirea
442 2988 602 3048 movendos
624 2987 746 3047 allectus
761 2989 790 3046 in
805 2987 862 3046 hou
877 2988 973 3064 posita
989 2994 1050 3058 est,
1072 2992 1108 3043 ut
1128 2999 1207 3042 mo·

206 3086 352 3129 reamur
372 3071 454 3147 ipsi.
491 3069 562 3130 Narn
584 3081 613 3130 et
634 3071 727 3131 luctus
750 3080 779 3130 et
794 3073 854 3130 irae
877 3078 907 3130 et
930 3068 1133 3145 indignationis
1155 3065 1207 3127 ali·

207 3152 321 3228 quando
352 3154 436 3213 etiam
457 3154 578 3214 ridicula
600 3154 687 3214 luerit
713 3156 847 3230 imitatio,
874 3155 899 3213 si
924 3152 1015 3213 rerba
1040 3151 1208 3228 vultumque

206 3243 314 3294 tantum
330 3253 388 3295 non
405 3238 490 3297 etiam
505 3239 627 3298 animum
639 3239 924 3299 accommodarimus.
953 3234 1028 3309 Quid
1042 3236 1117 3293 enim
1128 3232 1206 3294 aliud

207 3326 253 3376 est
271 3336 394 3396 causae,
416 3329 447 3381 ut
462 3320 595 3398 lugentes
613 3323 712 3399 utique
727 3324 755 3381 in
769 3323 880 3382 recenti
897 3321 999 3382 dolore
1016 3317 1207 3378 disertissime

207 3401 345 3478 quaedam
368 3403 533 3464 exclamare
554 3406 718 3483 rideantur,
746 3414 775 3464 et
796 3407 839 3465 ira
861 3421 1062 3483 nonnunquam
1081 3400 1206 3461 induetis
