2566 4026
154 200 194 264 38
467 216 503 263 n.
518 215 596 262 nnn.
611 211 831 272 omonimum

153 367 278 428 Pollioni
292 368 406 447 placet,
426 387 481 431 uec
493 372 648 450 gladiola,
664 369 742 446 atqui
757 366 885 426 Messala
901 367 987 444 dixit,
1008 386 1064 427 nec
1077 386 1155 446 par-

153 454 336 528 ricidalem,
359 452 437 531 quod
454 455 483 514 in
500 452 600 515 (laelio
618 455 667 513 vix
688 449 843 511 tolerabile
865 450 993 526 videtur,
1015 470 1072 511 nec
1094 454 1155 516 col-

154 539 199 598 los
218 536 286 596 mihi
306 533 413 595 Calvus
435 541 628 617 persuaserim
652 555 726 616 quae
747 553 802 595 nec
819 536 876 613 ipsi
892 536 946 594 iam
964 535 1105 597 dicerent.

112 620 147 674 43
239 620 380 698 Superest
401 622 488 697 igitur
510 621 757 688 consuetudo;
781 637 845 678 nam
866 619 953 679 luerit
974 637 1069 697 paene
1088 621 1143 681 ridi

155 706 250 765 culum
265 704 352 764 malle
367 722 547 782 sermonem,
570 723 627 784 quo
644 706 734 766 locuti
753 705 809 763 sint
824 703 971 779 homines,
996 721 1080 783 quam
1099 721 1156 782 quo

154 790 319 866 loquantur.
353 787 391 847 Et
412 808 481 849 sane
504 790 571 869 quid
594 799 639 849 est
662 789 738 849 aliud
752 796 839 848 octus
852 806 952 848 sermo
967 805 1051 866 quam
1071 797 1156 847 vetus

153 873 292 950 loquendi
315 871 516 934 consuetudo?
554 873 612 934 Sed
634 873 701 932 huic
720 874 777 950 ipsi
799 872 997 931 necessarium
1020 881 1065 931 cst
1086 872 1157 931 iudi-

155 959 244 1032 cium,
270 957 557 1036 constituendumque
578 960 607 1017 in
628 957 726 1036 primis
747 957 776 1018 id
798 957 891 1034 ipsum
913 955 980 1033 quid
1002 958 1055 1031 sit,
1079 955 1158 1035 quod

111 1039 392 1100 loconsuetudinem
416 1059 565 1102 vocemus.
604 1041 686 1116 Quae
708 1042 732 1099 si
755 1056 867 1115 exeo,
892 1039 970 1117 quod
992 1040 1092 1116 plures
1115 1040 1156 1099 ia·

154 1127 247 1200 ciunt,
268 1141 373 1185 nomen
392 1128 530 1205 accipiat,
555 1125 833 1204 periculosissimum
856 1123 935 1183 dabit
955 1133 1156 1202 praeceptum,

153 1227 211 1268 non
234 1210 356 1268 orationi
376 1211 462 1270 modo
480 1209 533 1270 sed
557 1209 651 1289 (quod
667 1210 757 1268 maius
777 1210 837 1287 est)
856 1209 943 1267 vitae.
977 1206 1061 1268 Unde
1083 1209 1158 1266 enim

153 1302 261 1353 tantum
284 1291 368 1369 boni,
392 1303 422 1354 ut
442 1294 573 1372 pluribus
598 1311 672 1372 quae
694 1301 775 1353 recta
794 1301 860 1352 sunt
880 1289 1038 1370 placeant?
1066 1291 1158 1368 Igitur

154 1387 184 1437 ut
202 1376 273 1436 velli
295 1386 325 1435 et
346 1395 456 1438 comam
476 1381 504 1439 in
524 1379 631 1455 gradus
654 1377 792 1454 frangere
815 1385 844 1435 et
865 1377 894 1434 in
915 1374 1027 1436 balneis
1049 1391 1155 1453 perpo-

153 1469 233 1534 tare,
257 1461 414 1536 quamlibet
429 1462 503 1521 haec
524 1464 680 1522 invaserint
701 1463 861 1535 civitatem,
884 1477 942 1518 non
958 1462 1013 1519 erit
1034 1477 1157 1519 consue·

154 1543 239 1617 tudo,
264 1545 329 1620 quia
350 1543 420 1604 nihil
435 1545 537 1605 borum
560 1554 640 1605 caret
661 1544 904 1623 reprehensione;
929 1553 958 1603 at
979 1544 1107 1604 lavamur
1129 1552 1159 1602 et

153 1627 305 1686 tondemur
327 1636 356 1687 et
379 1631 554 1689 convivimus
578 1648 615 1688 ex
638 1628 862 1689 consuetudine:
883 1628 925 1687 sic
947 1631 975 1687 in
997 1626 1156 1706 loquendo,

154 1727 212 1770 nou
240 1713 264 1770 si
287 1712 354 1789 quid
376 1714 483 1772 vitiose
505 1713 602 1773 multis
625 1713 780 1788 insederit,
807 1728 862 1790 pro
885 1711 987 1789 regula
1014 1712 1156 1770 sermonis

111 1798 145 1852 45
154 1795 352 1872 accipiendum
373 1799 436 1856 erit.
468 1797 557 1873 Nam,
578 1807 609 1856 ut
628 1805 788 1873 transeam,
811 1795 1049 1875 quemadmodum
1066 1795 1157 1872 vulgo

154 1881 279 1958 imperiti
301 1880 467 1958 loquantur;
489 1891 549 1941 tota
573 1899 663 1959 saepe
685 1880 798 1941 theatra
822 1889 850 1940 et
871 1896 983 1940 omnem
1005 1881 1075 1939 circi
1097 1889 1154 1938 tur-

153 1963 219 2023 bam
239 1964 419 2026 exclamasse
440 1965 564 2026 barbare
586 1967 704 2025 scimus.
736 1964 817 2043 Ergo
838 1964 1075 2024 consuetudinem
1095 1981 1155 2022 ser·

153 2049 245 2107 monis
268 2050 383 2109 vocabo
401 2067 573 2110 consensum
590 2049 782 2126 eruditorum,
807 2051 882 2109 sicut
895 2048 1012 2108 vivendi
1033 2064 1155 2106 consen-

154 2148 215 2189 sum
236 2131 386 2193 bonorum.

236 2299 299 2359 Vll.
345 2299 443 2376 Nunc,
475 2303 608 2379 quoniam
628 2302 769 2379 diximus,
793 2320 868 2381 quae
889 2302 926 2360 sit
947 2298 1085 2378 loquendi
1110 2318 1156 2358 re-

152 2382 236 2487 gula,
253 2384 415 2461 dicendum,
433 2402 508 2464 quae
525 2386 719 2447 scribentibus
737 2385 942 2460 custodienda,
958 2383 1036 2463 quod
1053 2381 1158 2444 Graeci

152 2469 362 2548 ορθογραφίαν
379 2479 502 2546 vocant,
529 2488 582 2531 nos
606 2481 713 2534 recte
741 2470 933 2530 scribendi
959 2469 1158 2528 scientiam

152 2554 340 2612 nominemus.
377 2552 465 2614 Cuius
482 2574 529 2615 ars
544 2573 602 2615 non
619 2558 647 2615 in
661 2556 719 2614 hoc
735 2555 831 2632 posita
851 2562 911 2625 est,
930 2560 961 2609 ut
979 2552 1156 2625 noverimus,

154 2637 256 2715 quibus
273 2655 406 2716 quaeque
427 2638 541 2714 syllaba
555 2640 660 2698 litteris
677 2645 792 2697 constet
811 2636 890 2712 (nam
905 2633 934 2692 id
952 2632 1066 2709 quidem
1082 2633 1158 2692 inira

152 2723 329 2798 grammatici
348 2721 474 2782 cilicium
491 2723 552 2800 est)
566 2722 619 2781 sed
633 2729 737 2794 totam,
757 2729 787 2777 ut
803 2735 866 2776 mea
885 2716 942 2776 iert
959 2717 1069 2794 opinio,
1089 2716 1157 2775 sub-

129 2803 286 2866 2tilitatem
308 2808 337 2864 iu
363 2806 456 2866 dubiis
478 2804 576 2864 habet.
621 2804 658 2864 Ut
680 2804 776 2879 longis
801 2799 921 2877 syllabis
947 2800 1078 2859 omnibus
1106 2819 1156 2878 ap·

155 2906 267 2966 ponere
287 2892 399 2967 apicem
416 2889 624 2968 ineptissimum
643 2897 704 2963 est,
727 2888 792 2965 quia
813 2886 952 2965 plurimae
971 2894 1072 2945 natura
1093 2885 1157 2963 ipsa

154 2971 237 3031 verbi
260 2974 337 3050 quod
357 2973 492 3033 scribitur
513 2981 627 3051 patent:
658 2974 701 3032 sic
719 2972 832 3031 interim
856 2971 1070 3045 necessarium,
1093 2988 1156 3029 cum

156 3055 258 3115 eadem
279 3058 375 3117 littera
400 3058 486 3118 alium
507 3066 595 3134 atque
618 3056 703 3116 alium
725 3056 921 3131 intellectum,
944 3063 1031 3133 prout
1057 3072 1155 3113 corre·

154 3147 203 3215 pta
219 3141 268 3199 vel
286 3142 427 3219 producta
446 3151 508 3218 est,
528 3140 609 3217 iacit,
629 3149 670 3216 ut,
689 3142 788 3202 molus
806 3140 940 3200 arborem
960 3137 1104 3216 significet
1122 3152 1156 3197 an

130 3222 297 3283 abominem
313 3242 370 3284 non
386 3227 507 3301 bonum,
529 3227 613 3303 apice
631 3225 829 3301 distinguitur;
849 3226 943 3303 palus
961 3222 1037 3283 aliud
1058 3224 1157 3300 priore

154 3305 266 3380 syllaba
286 3309 373 3387 longa
391 3311 468 3371 aliud
483 3312 616 3387 sequenti
634 3309 791 3386 significem
815 3318 923 3368 etcum
941 3306 1042 3367 eadem
1060 3306 1156 3367 littera

153 3393 327 3453 nominativo
352 3413 421 3455 casu
443 3394 557 3470 brevis,
588 3394 714 3455 ablativo
742 3394 912 3471 longeest,
937 3401 1030 3450 utrum
1052 3409 1154 3469 sequa·

130 3477 230 3553 lnior,
254 3477 425 3557 plerumque
446 3480 502 3539 hac
523 3486 591 3539 nota
610 3477 745 3538 monendi
768 3495 874 3538 sumus.
916 3475 1054 3536 Similiter
1075 3484 1156 3553 puta·
