2566 4026
389 224 478 274 rnen.
493 221 812 291 onnron.n113.rr,a.
827 221 853 274 a.
1066 211 1124 273 171

119 381 156 443 Μ.
175 380 285 441 Tullius
305 376 397 439 dixit?
427 378 495 439 Mihi
511 380 625 459 quidem
640 381 710 439 satis
727 390 817 457 esset,
834 381 859 439 si
876 380 969 439 omnia
986 379 1128 458 consequi

119 483 246 545 possem.
276 464 350 538 Quid
368 472 463 523 tumen
479 475 599 525 noceret
613 466 670 524 vim
685 461 831 540 Caesaris,
851 465 1037 542 asperitatem
1054 461 1126 523 Cae·

118 550 166 626 lii,
192 550 369 625 diligentiam
391 546 547 625 Pollionis,
571 549 705 610 iudicium
724 548 805 610 Oulvi
822 547 991 627 quibusdam
1008 550 1036 607 in
1052 547 1126 607 locis

118 629 290 694 assumere?
321 630 393 691 Nam
408 642 526 710 praeter
541 634 570 694 id
582 634 660 712 quod
676 635 825 712 prudentis
841 642 896 710 est,
914 631 991 709 quod
1009 633 1036 690 in
1055 648 1124 709 quo·
1135 641 1170 696 26

119 735 176 796 que
201 718 338 794 optimum
360 725 422 791 est,
441 718 466 774 si
487 718 597 796 possit,
621 736 702 777 suum
718 718 834 779 lacere:
855 725 913 776 tum
934 717 963 776 iu
984 724 1061 775 tanta
1083 716 1127 774 rei

118 801 290 862 difficultate
306 819 391 859 unum
405 801 549 862 intuentes
564 803 614 861 vix
631 801 727 879 aliqua
743 819 811 880 pars
828 802 967 881 sequitur.
995 799 1125 878 Ideoque

118 904 182 945 cum
198 893 288 944 totum
303 885 468 962 exprimere
490 903 575 964 quem
596 885 725 964 elegeris
741 903 834 965 paene
852 886 889 944 sit
904 884 1010 944 homini
1027 885 1128 942 incon·

117 987 251 1029 cessum:
268 967 392 1046 plurium
407 968 483 1030 bona
498 987 638 1048 ponamus
656 979 722 1030 aute
739 969 853 1046 oculos,
871 977 902 1028 ut
917 967 994 1029 aliud
1012 986 1050 1027 ex
1067 967 1125 1027 alio

115 1054 248 1128 haereat,
268 1061 297 1112 et
313 1053 389 1130 quod
407 1055 510 1131 cuique
526 1054 594 1114 loco
613 1056 766 1115 conveniat
782 1062 923 1132 aptemus.

201 1136 324 1196 imitatio
341 1144 435 1195 autem
448 1137 528 1215 (nam
546 1141 662 1218 saepius
676 1139 751 1198 idem
766 1138 874 1217 dicam)
892 1153 950 1196 non
967 1137 1004 1195 sit
1019 1143 1167 1200 tantumt'l

117 1223 145 1280 in
160 1220 270 1281 verbis.
306 1219 379 1279 llluo
400 1221 573 1283 intendenda
593 1241 694 1298 mens,
724 1231 858 1300 quantum
878 1220 966 1280 luerit
980 1220 1038 1279 illis
1055 1221 1124 1279 viris

118 1305 235 1366 decoris
251 1305 279 1362 in
291 1302 379 1363 rebus
396 1313 482 1383 atque
498 1308 645 1386 personis,
664 1306 741 1384 quod
754 1307 916 1381 consilium,
936 1321 1010 1383 quae
1026 1303 1123 1381 dispo-

116 1390 201 1464 sitio,
225 1407 309 1467 quam
327 1390 437 1465 omnia,
462 1392 548 1450 etiam
575 1407 649 1468 quae
672 1389 859 1450 delectationi
881 1387 1033 1448 videantur
1047 1387 1124 1463 data,

117 1474 153 1533 ad
172 1472 324 1532 victoriam
346 1482 495 1550 spectent;
519 1473 587 1551 quid
605 1483 707 1552 agatur
727 1475 899 1552 prooemio,
916 1489 991 1549 quae
1005 1473 1078 1531 ratio
1095 1479 1125 1530 et

117 1574 201 1634 quam
216 1557 296 1615 varia
313 1557 456 1633 narrandi,
476 1575 550 1637 quae
566 1559 610 1617 ris
626 1557 767 1636 probandi
783 1576 818 1618 ac
834 1554 999 1631 refellendi,
1019 1564 1124 1632 quanta

115 1641 143 1699 in
160 1639 312 1700 allectihus
330 1642 421 1700 omnis
438 1644 556 1719 generis
572 1642 722 1702 movendis
738 1643 875 1717 scientia,
901 1656 1044 1718 quamque
1060 1637 1123 1699 laus

115 1727 180 1802 ipsa
196 1724 346 1803 popularis
367 1725 497 1786 utilitatis
518 1727 610 1804 gratia
626 1736 788 1805 assumpta,
812 1743 887 1805 quae
912 1733 970 1783 turn
993 1731 1038 1782 est
1060 1721 1123 1800 pul·

117 1808 270 1885 cherrima,
284 1827 348 1868 cum
360 1812 491 1889 sequitur
504 1827 561 1869 non
574 1829 637 1871 cum
647 1811 814 1871 arcessitur.
836 1809 917 1869 Haec
928 1809 952 1867 si
964 1806 1124 1885 pervideri·

115 1911 189 1967 mus,
204 1903 264 1952 tum
276 1911 348 1952 vere
369 1893 549 1955 imitabimur.
589 1894 645 1968 Qui
658 1913 731 1956 vero
753 1896 839 1956 etiam
854 1894 972 1972 propria
987 1890 1031 1950 his
1048 1889 1166 1955 bonane

114 1975 266 2052 adiecerit,
282 1986 313 2035 ut
331 1977 467 2056 suppleat
483 1996 558 2057 quae
575 1978 710 2056 deerant,
733 1977 935 2053 circumcidat,
953 1977 977 2034 si
994 1974 1061 2052 quid
1077 1991 1123 2032 re-

116 2057 267 2120 dundabit:
293 2061 318 2117 is
334 2062 405 2136 erit,
433 2079 517 2139 quem
536 2065 716 2138 quaerimus,
738 2063 888 2141 perlectus
906 2069 1020 2127 orator;
1037 2075 1123 2135 quem

115 2163 191 2205 nuno
224 2143 416 2204 consummari
440 2145 620 2221 potissimum
646 2154 798 2224 oporteat,
834 2162 897 2202 curn
929 2151 1008 2202 tanto
1039 2140 1124 2219 plura

117 2229 251 2307 exempla
267 2227 343 2286 bene
361 2226 475 2287 dicendi
490 2229 646 2304 supersint,
664 2245 748 2306 quam
762 2226 831 2302 illis,
848 2226 896 2303 qui
914 2224 1007 2284 adhuc
1023 2224 1122 2282 summi

117 2322 193 2388 sunt,
223 2312 415 2388 contigerunt.
457 2309 528 2371 Nam
551 2313 606 2370 erit
625 2309 701 2371 haec
729 2326 844 2388 quoque
867 2309 929 2368 laus
951 2324 1068 2382 eorum,
1092 2313 1123 2364 ut

116 2398 231 2476 priores
250 2412 417 2482 superasse,
430 2403 567 2472 posteros
583 2393 719 2455 docuisse
733 2394 872 2454 dicantur.

428 2546 582 2608 QUOMODO
600 2546 816 2598 SCRIBENDUM.

200 2645 250 2706 lll.
283 2644 320 2704 Et
342 2645 416 2706 haec
439 2645 553 2725 quidem
573 2646 679 2708 auxilia
698 2645 879 2705 extrinsecus
895 2641 1077 2708 adhibentur;
1094 2642 1122 2700 iu

115 2733 150 2791 iis
168 2748 242 2808 quae
258 2730 341 2790 nobis
354 2732 425 2810 ipsis
438 2730 564 2809 paranda
580 2739 656 2806 sunt,
672 2739 702 2789 ut
717 2729 825 2789 laboris
839 2728 883 2787 sic
893 2727 1022 2786 utilitatis
1037 2725 1122 2784 etiam

115 2816 206 2891 longe
217 2815 368 2892 plurimum
387 2815 470 2875 affert
486 2816 609 2876 stilus.
641 2812 704 2874 Nec
718 2813 859 2873 immerito
870 2809 908 2870 Μ.
923 2809 1033 2870 Tullius
1046 2807 1123 2869 huno

115 2900 260 2977 optimam
288 2899 460 2983 effectorem
484 2918 524 2961 oc
557 2900 737 2978 magistram
764 2896 890 2958 dicendi
912 2895 1042 2959 vocavit3
1077 2894 1123 2952 oui

117 2985 278 3042 sententiae
302 3000 457 3061 personam
475 2981 506 3042 t.
530 2978 628 3041 Crassi
651 2984 679 3041 in
703 2978 943 3059 disputationibus
966 2985 1123 3056 quaesunt

119 3065 156 3125 de
174 3076 291 3126 oratore
311 3067 501 3144 assignando,
525 3066 658 3126 iudicium
679 3083 761 3125 suum
779 3083 843 3125 cum
857 3062 934 3123 illius
950 3061 1121 3122 auctoritate

120 3151 276 3208 coniunxit.
319 3148 507 3211 scribendum
528 3167 600 3227 ergo
630 3167 714 3228 quam
736 3148 955 3226 diligentissime
982 3154 1011 3205 et
1037 3152 1148 3222 quamt

118 3232 279 3311 plurimum.
310 3234 382 3295 Nam
398 3244 427 3293 ut
442 3243 519 3295 terra
535 3234 619 3295 altius
641 3234 749 3294 ellossa
763 3231 937 3311 generandis
952 3228 1122 3308 alendisque

118 3317 274 3376 seminibus
296 3318 446 3379 fecundior
467 3319 511 3378 lit:
531 3320 573 3379 sic
595 3319 746 3397 profectus
770 3334 827 3376 non
847 3335 863 3377 a
884 3331 992 3375 summo
1013 3315 1121 3391 petitus

118 3400 277 3461 studiorum
292 3403 402 3463 fructus
419 3413 447 3464 et
464 3403 554 3463 lundit
567 3402 684 3462 uberius
701 3411 729 3463 et
749 3401 862 3463 fidelius
881 3401 1017 3460 continet.
1049 3396 1122 3457 Nam

119 3484 181 3545 sine
195 3485 250 3547 hac
269 3489 383 3568 quidem
400 3489 577 3549 conscientia
597 3490 660 3566 ipsa
677 3486 726 3548 illa
745 3504 782 3547 ex
798 3495 929 3567 tempore
947 3484 1061 3547 dicendi
1079 3483 1121 3543 la·
