2566 4026
422 175 514 223 urar.
528 174 678 224 cosroe.
690 175 759 222 nun.
773 176 799 240 1,
812 167 838 226 o'.
1088 162 1127 223 35

117 328 269 390 cuiusdam
289 337 336 389 est
355 337 385 388 et
403 329 529 390 frivolae
549 332 578 390 in
597 330 695 410 parvis
717 331 879 390 iactantiae.
917 329 1036 391 blulturn
1055 333 1169 396 enimul

116 413 284 488 litteratus,
308 413 441 492 quisine
462 415 640 492 aspiratione
660 423 690 472 et
706 413 847 491 producta
864 415 991 474 secunda
1014 415 1127 491 syllaba

117 497 252 557 salutarit
269 496 383 576 (overe
399 505 445 556 est
458 499 547 578 enim)
561 505 590 557 et
605 498 782 576 calefacere
796 497 900 557 dixerit
915 501 1027 575 potius,
1044 519 1128 578 quam

120 581 197 660 quod
221 581 363 658 dicimus,
389 589 419 640 et
440 583 689 643 commovisse:
712 581 756 640 bis
780 581 894 641 adiiciat
913 582 986 660 soce
1008 592 1036 642 et
1057 586 1128 646 dioc

119 675 146 726 et
165 664 284 724 similia.
322 664 417 724 Recta
439 673 485 724 est
505 664 579 726 baec
596 667 659 740 via,
682 666 745 742 quis
768 662 877 742 negat?
900 666 952 725 sed
968 666 1080 727 adiacet
1100 677 1168 730 atla

118 749 237 810 mollior
260 758 291 808 et
311 750 405 826 magis
428 750 503 808 trita.
545 748 611 826 Ego
635 757 729 808 tamen
751 766 808 807 non
829 748 887 808 alio
909 751 1000 825 magis
1023 768 1125 828 angor,

120 851 204 912 quam
232 831 313 911 quod
335 831 463 910 obliquis
492 832 607 892 casibus
635 831 712 892 ducti
736 834 821 892 etiam
842 834 949 911 primas
972 833 1026 892 sibi
1048 837 1125 912 posi·

119 920 215 977 tiones
230 933 291 976 non
312 916 444 975 invenire
465 916 518 976 sed
533 924 644 976 mutare
665 917 846 993 permittunt:
868 924 899 975 ut
916 934 980 976 curn
1001 919 1078 978 ebor
1098 927 1126 978 et

120 1002 234 1074 robur,
257 1002 297 1060 ita
313 1000 389 1060 diota
404 1017 440 1060 ac
459 1001 567 1078 scripta
583 1001 698 1058 summis
716 999 900 1075 auctoribus,
922 1001 951 1059 in
967 1021 984 1062 c
1002 1001 1126 1062 litteram

119 1084 270 1145 secundae
293 1082 426 1158 syllabae
448 1083 639 1158 transierunt,
668 1084 733 1160 quia
756 1085 792 1142 sit
820 1085 939 1145 roboris
961 1093 990 1144 et
1013 1087 1124 1163 eboris,

119 1170 223 1249 sulfur
244 1176 343 1227 autem
360 1176 390 1227 et
402 1175 508 1246 guttur
523 1187 544 1229 u
559 1166 683 1227 litteram
697 1169 726 1226 in
740 1169 869 1244 genitivo
888 1177 1020 1237 serrent;
1044 1170 1124 1230 ideo·

119 1271 174 1331 qne
196 1255 290 1314 iecur
312 1253 397 1311 etiam
422 1260 452 1311 et
471 1252 573 1330 fmocr
596 1253 824 1311 controversiam
853 1252 994 1312 lecerunt.
1041 1252 1167 1326 Quodis

118 1354 173 1396 non
194 1338 292 1396 minus
314 1344 358 1395 est
374 1334 572 1411 licentiosum,
597 1353 680 1413 quam
696 1336 720 1393 si
736 1336 848 1414 sclfcri
863 1344 892 1395 et
905 1338 1022 1414 potiori
1037 1337 1123 1397 subii·

119 1429 221 1481 cerent
244 1421 275 1479 in
296 1419 426 1497 genitivo
447 1418 570 1479 litteram
591 1439 611 1486 0.
630 1418 767 1495 mediam,
792 1421 857 1497 quia
880 1428 959 1479 esset
975 1422 1076 1482 eboris
1096 1430 1125 1480 et

117 1505 263 1574 roboris,-
286 1503 361 1562 sicut
382 1502 525 1562 Antonius
542 1500 671 1581 Gnipho,
695 1504 743 1580 qui
758 1505 854 1564 robor
875 1504 989 1582 quidem
1004 1514 1033 1565 et
1048 1506 1125 1567 ebur

116 1598 206 1668 atque
230 1589 319 1647 etiam
338 1605 478 1648 murmur
499 1586 605 1646 latetur
626 1605 709 1661 esse,
732 1606 831 1647 rerum
853 1587 916 1647 lieri
937 1588 999 1647 vult
1019 1608 1057 1648 ex
1079 1589 1123 1648 his

117 1673 258 1748 robora,
285 1671 401 1748 edura,
427 1689 595 1732 murmuro.
633 1669 743 1742 Quodsi
766 1671 1025 1732 animadverterent
1047 1673 1166 1736 litte-24

117 1774 213 1816 rarum
236 1754 421 1830 affinitatem,
444 1756 552 1814 scirent
574 1755 617 1812 sio
640 1753 675 1812 ab
699 1771 753 1829 eo,
777 1755 855 1832 quod
877 1765 921 1814 est
942 1758 1047 1826 robor,
1070 1776 1122 1818 ro-

117 1842 203 1902 boris
222 1839 305 1914 deri,
326 1837 471 1917 quomodo
493 1838 528 1897 ab
552 1854 607 1912 eo,
629 1837 706 1914 quod
729 1847 774 1897 est
795 1840 881 1899 miles
895 1841 997 1916 limes,
1020 1841 1122 1901 militis

115 1925 239 2000 limitis,
259 1923 357 1984 iudex
371 1923 501 1995 madeo),
521 1922 635 1982 iudicis
648 1922 797 1997 vindicis,
819 1931 848 1980 et
867 1941 941 2000 qnae
961 1942 1049 2002 supra
1067 1925 1122 1982 iam

116 2009 211 2085 attigi.
257 2005 333 2079 Quid
353 2022 425 2065 rero
447 2005 541 2084 quod,
571 2012 602 2064 ut
623 2004 805 2080 dicebamus,
829 2006 939 2066 similes
961 2009 1163 2085 positioneslt

115 2093 143 2151 in
160 2091 255 2168 longe
270 2089 402 2150 diversas
417 2089 523 2166 figuras
539 2106 593 2166 per
609 2088 744 2168 obliquos
760 2106 845 2149 casus
861 2099 978 2166 exeunt,
994 2099 1024 2150 ut
1035 2093 1122 2172 cirpo

115 2173 213 2252 luno,
235 2174 327 2252 sumes
340 2175 443 2247 lusus,
464 2174 568 2251 cuspis
581 2174 695 2250 puppis
722 2182 751 2232 et
768 2174 847 2234 mille
867 2171 942 2234 alia?
965 2192 1028 2234 cum
1050 2176 1120 2236 illud

118 2261 204 2320 etiam
221 2257 351 2332 accidat,
374 2266 404 2317 ut
420 2257 558 2335 quaedam
573 2255 725 2335 pluraliter
739 2275 796 2316 non
812 2258 957 2334 dicantur,
981 2261 1121 2338 quaedam

118 2351 221 2403 contra
237 2339 378 2417 singulari
392 2358 528 2416 numero,
544 2339 683 2418 quaedam
700 2342 813 2401 casibus
828 2351 962 2418 careant,
982 2344 1121 2421 quaedam

117 2425 249 2505 aprimis
265 2426 360 2485 statim
373 2424 563 2502 positionibus
579 2432 639 2483 tota
655 2433 807 2500 mutentur,
824 2435 854 2484 ut
863 2425 1011 2505 luppiter.
1036 2427 1120 2500 Quod
1128 2432 1163 2486 26

117 2510 217 2570 verbis
234 2509 321 2568 etiam
338 2508 442 2568 accidit
457 2517 487 2568 ut
500 2507 543 2567 illi
556 2509 639 2587 sero,
660 2509 739 2568 cuius
756 2511 943 2585 praeteritum
957 2510 1120 2588 perlectum

118 2605 146 2654 et
163 2593 288 2654 ulterius
305 2608 364 2651 non
385 2593 535 2651 invenitur.
570 2590 634 2650 Nec
653 2592 804 2669 plurimum
823 2591 931 2666 relert,
953 2592 1030 2651 nulla
1046 2592 1120 2650 haec

117 2697 152 2737 an
173 2676 321 2757 praedura
342 2679 407 2737 sint.
457 2675 529 2735 Nam
550 2676 617 2752 quid
632 2676 797 2754 progenies
818 2676 946 2752 genitivo
970 2675 1120 2752 singulari,

117 2762 183 2841 qnid
205 2759 313 2839 plurali
331 2780 403 2840 spes
424 2755 532 2819 laciet?
555 2757 706 2832 Quomodo
731 2769 825 2819 autem
848 2760 937 2838 quire
958 2768 986 2819 et
1008 2778 1121 2837 erpere

117 2846 163 2906 vel
185 2847 216 2905 in
233 2845 394 2923 praeterita
411 2843 537 2922 patiendi
553 2842 639 2901 modo
661 2842 753 2902 veliu
771 2845 924 2923 participia
939 2840 1119 2903 transibunt?

117 2929 192 3003 Quid
210 2929 247 2990 de
265 2927 330 2987 aliis
351 2927 457 3002 dicam,
479 2945 542 2986 cum
560 2933 687 2987 secatus
705 2930 806 2989 secoli
824 2947 860 2988 an
878 2937 1003 2989 secatus
1020 2927 1160 3003 iaciebat

117 3016 259 3074 incertum
281 3008 342 3071 siti
376 3010 471 3085 Quare
489 3010 556 3070 mibi
571 3027 628 3068 non
647 3011 797 3071 invenuste
817 3012 872 3071 dici
889 3012 1018 3087 videtur,
1042 3011 1119 3072 aliud

116 3116 183 3158 esse
197 3097 301 3158 Latine
317 3095 395 3155 aliud
413 3096 597 3172 grammatice
613 3094 702 3172 loqui.
733 3094 778 3154 Ac
794 3096 830 3155 de
845 3095 978 3172 analogia
994 3097 1117 3159 nimium.

196 3178 458 3257 Etymologia,
488 3195 561 3256 quae
588 3177 744 3237 verborum
772 3182 913 3256 originem
940 3181 1072 3258 inquirit,
1103 3188 1161 3242 aab
1256 3217 1258 3222 -

114 3263 261 3327 Cicerone
285 3264 364 3324 dicta
387 3272 433 3321 est
453 3263 583 3340 motatio,
612 3263 677 3339 quia
700 3279 804 3323 nomen
826 3267 888 3324 eius
908 3264 983 3342 apud
1004 3263 1117 3324 Aristo·

113 3351 197 3411 telem
221 3350 372 3410 invenitur
394 3339 555 3424 σύμβολον,
580 3345 656 3423 quod
680 3354 725 3405 est
745 3357 835 3417 cotem
856 3365 920 3407 nam
939 3347 1059 3407 verbum
1081 3365 1118 3406 ex
1190 3342 1198 3356 ’

112 3435 202 3496 verbo
220 3434 358 3506 ductum,
381 3429 410 3490 id
427 3439 472 3489 est
489 3430 705 3506 veriloquium,
729 3432 793 3509 ipse
811 3429 1003 3572 ⁰i⁰e¹⁰3½q¹¹¹⁰
1025 3431 1116 3505 linxit,
