2566 4026
211 146 270 210 180
528 162 565 211 u.
582 161 660 210 sun.
677 161 898 221 omnrmmru

207 317 265 379 lius
290 316 369 376 circa
399 314 525 375 verbera
554 317 626 375 civis
649 314 770 377 Romani
792 333 891 377 omnes
915 317 1089 380 brevissime
1115 328 1214 380 movet

208 401 347 476 allectus,
370 416 429 459 non
444 398 539 459 solum
555 399 726 460 condicione
741 401 847 477 ipsius,
869 401 937 461 loco
950 402 1086 479 iniuriae,
1102 421 1214 481 genere

207 485 372 560 verberum,
388 483 441 544 sed
453 484 538 543 animi
554 501 670 562 quoque
683 482 952 545 commendatione?
980 485 1124 546 Summum
1140 490 1214 547 enim

206 570 298 629 virum
316 569 458 644 ostendit,
480 568 544 645 qui',
569 585 632 627 cum
645 569 737 646 virgis
754 568 942 644 caederetur,
959 585 1017 629 non
1031 571 1213 648 ingemuerit,

206 668 265 712 non
279 653 444 730 rogaverit;
469 653 521 711 sed
543 661 651 711 tantum
672 653 766 711 civem
781 651 940 712 Romanum
962 671 1076 713 essese
1096 672 1160 714 cum
1172 657 1213 713 in·

152 736 284 806 tltvidia
300 735 448 796 caedentis
465 744 494 794 et
509 735 614 795 liducia
629 737 698 795 iuris
715 735 893 796 clamaverit.
937 734 1033 810 Quid?
1054 736 1214 799 Philodami

208 838 306 882 casum
321 836 416 880 nonne
438 838 501 879 cum
520 835 574 896 per
597 829 687 879 totam
709 822 923 898 expositionem
944 821 1071 882 incendit
1096 822 1213 897 invidia,

206 913 266 964 tum
278 904 309 963 in
320 903 466 983 supplicio
482 904 547 982 ipso
564 902 690 964 lacrimis
706 904 852 982 implevit,
874 922 938 964 cum
959 905 1063 965 dentes
1082 923 1141 965 non
1158 915 1213 966 tam

206 995 338 1049 narraret
353 1005 437 1067 qnam
460 987 645 1063 ostenderet,
667 996 780 1065 patrem
799 987 836 1048 de
860 998 954 1048 morte
977 988 1044 1066 lilii,
1067 990 1156 1050 lilium
1177 989 1213 1048 de

148 1069 320 1151 115patris?
354 1070 429 1145 Quid
449 1071 501 1131 ulli
521 1071 632 1150 epilogi
646 1080 769 1150 possunt
789 1073 882 1149 magis
899 1072 1010 1133 babere
1025 1069 1213 1134 miserabile?

207 1156 311 1217 Serum
334 1165 380 1216 est
401 1156 476 1215 enim
491 1155 638 1216 advocare
653 1155 698 1214 bls
717 1155 806 1215 rebus
822 1156 958 1216 allectum
971 1156 1000 1216 in
1013 1158 1211 1235 peroratione.

206 1258 278 1320 quus
292 1258 415 1302 securus
430 1241 611 1308 narraveris;
633 1242 762 1299 assuevit
775 1239 835 1300 illis
850 1241 938 1301 iudex
953 1241 1073 1321 iamque¹
1084 1259 1133 1300 ees
1151 1242 1213 1299 sine

205 1333 284 1385 motu
299 1325 403 1385 mentis
420 1325 543 1402 accipit,
560 1323 663 1402 quibus
680 1333 840 1384 commotus
856 1327 940 1385 novis
955 1341 1013 1384 non
1029 1335 1089 1401 est,
1115 1333 1144 1384 et
1159 1325 1212 1385 dii·

49 1474 64 1491 „
109 1480 119 1487 -
205 1408 283 1468 flcile
302 1418 347 1469 est
362 1407 447 1468 nobis
462 1416 574 1467 mutare
590 1409 674 1467 animi
690 1406 817 1468 habitum
831 1408 923 1468 semel
940 1410 1135 1469 constitutum.

35 1484 103 1533 is
147 1507 199 1562 116
290 1491 356 1570 Ego
368 1508 439 1551 vero
454 1491 566 1570 (neque
580 1493 655 1551 enim
663 1491 851 1553 dissimulabo
863 1492 999 1553 iudicium
1008 1509 1113 1568 meum,
1127 1510 1214 1571 quan·

206 1593 291 1654 quam
312 1575 357 1650 id,
383 1574 460 1654 quod
480 1593 543 1633 sum
569 1576 713 1650 dicturus,
739 1575 882 1654 exemplis
904 1577 997 1654 magis
1020 1595 1105 1655 quam
1130 1594 1213 1655 prae·

206 1660 301 1738 ceptis
321 1659 388 1719 ullis
405 1659 584 1738 continetur)
601 1660 804 1736 narrationem,
820 1668 852 1719 ut
867 1661 892 1720 si
909 1659 998 1720 ullam
1016 1670 1129 1739 partem
1150 1678 1214 1720 ora·

205 1745 311 1820 tionis,
336 1744 412 1804 omni
436 1760 492 1821 qua
512 1752 611 1821 potest
632 1744 724 1819 gratia
747 1753 775 1804 et
798 1761 908 1804 venere
924 1745 1121 1804 exornandam
1131 1752 1212 1822 puto.

206 1827 265 1888 Sed
280 1827 433 1906 plurimum
447 1826 554 1902 refert,
568 1844 643 1905 quae
657 1830 695 1886 sit
709 1837 810 1888 natura
826 1829 888 1887 eius
904 1830 965 1902 rei,
983 1845 1069 1906 quam
1085 1843 1214 1905 expone·

150 1919 277 1976 ll'lmus.
317 1911 349 1971 ln
369 1913 467 1990 parvis
496 1927 585 1988 ergo,
616 1911 718 1990 quales
746 1920 812 1971 sunt
831 1911 896 1971 iere
927 1911 1076 1990 privatae,
1102 1912 1139 1969 sit
1163 1910 1215 1969 ille

206 2014 327 2075 pressus
344 2005 373 2055 et
387 1995 469 2055 velut
486 1995 641 2072 applicitus
658 1997 702 2054 rei
719 1996 829 2063 cultus;
848 1997 878 2055 in
898 1993 1000 2055 verbis
1023 2012 1133 2054 summa
1150 1993 1201 2054 dili

206 2082 320 2158 gentia;
334 2097 408 2158 quae
420 2081 449 2138 in
460 2079 535 2138 locis
548 2080 657 2157 impetu
668 2079 800 2139 feruntur
813 2088 843 2139 et
857 2079 1063 2139 circumiectae
1076 2079 1215 2138 orationis

207 2163 293 2242 copia
314 2163 421 2239 latent,
443 2163 490 2222 bic
514 2180 657 2242 expressa
679 2172 726 2239 et,
749 2172 780 2223 ut
799 2162 862 2224 vult
883 2161 980 2237 Zeno,
1007 2181 1100 2224 cccco
1120 2164 1216 2223 tincta

208 2265 276 2308 esse
297 2246 457 2317 debebunt;
487 2247 661 2326 compositio
688 2246 868 2308 dissimulata
895 2246 1011 2325 quidem
1040 2246 1093 2307 sed
1120 2254 1216 2304 tamen

149 2335 293 2411 lldquam
309 2330 527 2399 iucundissima;
543 2331 654 2408 ligurae
675 2348 733 2391 uon
753 2330 822 2391 illae
844 2333 982 2410 poeticae
1004 2339 1033 2390 et
1055 2339 1155 2390 contre
1170 2347 1215 2389 ra·

207 2418 316 2477 tionem
336 2414 475 2494 loquendi
497 2416 670 2474 auctoritate
692 2425 825 2476 veterum
839 2424 998 2494 receptae,
1022 2414 1107 2492 (nam
1130 2413 1216 2474 debet

209 2519 276 2560 esse
299 2517 384 2579 quem
405 2500 574 2577 purissimus
601 2502 719 2580 sermo)
743 2499 797 2560 sed
820 2515 897 2576 quae
922 2499 1065 2558 varietate
1092 2498 1216 2557 taedium

209 2584 348 2662 effugiant
373 2592 403 2642 et
424 2581 628 2642 mutationibus
651 2585 773 2643 animum
790 2583 904 2652 levent;
926 2599 964 2642 ne
985 2584 1014 2641 in
1032 2580 1154 2641 eundem
1169 2597 1216 2639 ca·

209 2686 286 2744 sum,
304 2667 426 2727 similem
448 2668 705 2745 compositionem,
730 2684 817 2745 pares
834 2666 1030 2726 elocutionum
1048 2671 1157 2722 tractus
1174 2664 1215 2721 in·

210 2752 348 2813 cidamus.
391 2748 478 2810 Caret
501 2751 576 2809 enim
600 2752 707 2811 ceteris
732 2750 887 2811 lenociniis
913 2748 1060 2826 expositio
1088 2754 1134 2820 et,
1161 2746 1216 2804 nisi

150 2841 202 2898 119
209 2835 427 2896 commendetur
440 2834 495 2894 hac
510 2843 674 2911 venustate,
693 2836 789 2895 iaceat
810 2849 935 2893 necesse
952 2838 1008 2889 est.
1039 2827 1103 2890 Nec
1116 2829 1217 2889 inulla

191 2928 294 2999 parte
319 2919 455 2978 intentior
477 2927 522 2976 est
543 2916 647 2994 iudex,
675 2934 771 2996 eoque
794 2916 864 2976 nihil
891 2922 974 2975 recte
997 2912 1104 2973 dictum
1129 2915 1215 2991 perit.

209 3004 367 3064 Praeterea
390 3003 491 3061 nescio
514 3003 659 3080 quomodo
682 3003 767 3061 etiam
789 2999 882 3060 credit
903 2997 1037 3073 facilius,
1069 3014 1144 3075 quae
1167 3015 1216 3056 au·

152 3088 301 3150 lbodienti
316 3086 439 3147 incunda
453 3093 534 3162 sunt,
552 3095 581 3144 et
595 3086 746 3164 voluptate
762 3084 798 3143 ad
815 3083 901 3142 iidem
917 3081 1040 3142 ducitur.
1072 3079 1128 3141 Ubi
1143 3098 1216 3140 vero

210 3173 302 3231 maior
323 3189 372 3230 res
397 3172 467 3230 erit:
497 3178 526 3230 et
548 3172 659 3229 atrocia
680 3167 823 3227 invidiose
845 3175 874 3227 et
896 3166 988 3226 tristia
1011 3164 1217 3225 miserabiliter

214 3253 313 3314 dicere
336 3254 466 3319 decebit:
496 3269 554 3312 non
574 3261 605 3312 ut
629 3259 832 3312 consumantur
852 3249 974 3310 affectus
995 3249 1048 3309 sed
1069 3258 1099 3309 ut
1122 3258 1216 3309 tamen

214 3338 295 3397 velut
316 3339 414 3416 primis
437 3337 522 3398 lineis
545 3336 733 3414 designentur
757 3342 786 3393 et
805 3334 909 3413 plane,
939 3333 1033 3411 qualis
1059 3333 1153 3394 futura
1180 3333 1218 3391 sit

158 3423 310 3500 tulimago
325 3425 385 3499 rei,
409 3422 504 3483 stetim
522 3429 671 3499 appareat.
708 3419 753 3479 Ne
769 3419 911 3479 sententia
929 3418 1043 3497 quidem
1057 3418 1138 3477 velut
1153 3416 1223 3476 iati-
