2566 4026
341 162 432 211 ruer.
446 161 596 210 oneror.
611 163 682 211 um.
694 163 741 230 ιι,
752 161 778 212 ι.
998 155 1057 218 173

142 316 196 378 Illa
212 334 329 398 quoque
350 325 381 376 ut
400 318 557 377 narrationi
574 324 641 394 apta
662 317 701 378 ita
718 334 782 376 cum
804 321 911 380 ceteris
928 320 1102 399 partibusoa

57 403 216 462 communis
245 409 290 460 est
315 401 423 477 virtus,
458 418 542 478 quam
567 399 753 460 Theodectes
778 401 845 462 huic
865 405 913 463 uni
937 407 1059 484 proprie

58 483 151 552 dedit;
181 502 239 544 non
263 485 337 544 enim
359 484 540 562 magnificam
562 485 648 543 modo
671 483 733 544 vult
755 501 824 544 esse
847 504 948 546 rerum
973 489 1059 549 etiam

58 569 209 630 iucundam
231 570 454 647 expositionem.
488 568 560 628 Sunt
583 569 632 647 qni
653 568 788 628 adiiciant
807 568 852 628 his
874 569 1056 650 evidentiam,

57 669 133 730 quac
150 646 286 732 ἐνάργεια
304 650 416 712 Graece
431 661 562 712 vocatur.
591 650 695 731 Neque
712 668 769 728 ego
783 669 955 731 quemquam
970 655 1101 723 dece-64

57 737 167 816 perim,
192 746 223 795 ut
244 735 438 812 dissimulem,
459 737 593 797 Ciceroni
615 752 731 813 quoque
752 734 852 813 plures
873 746 973 816 partes
995 738 1058 816 pla·

56 837 137 879 cere.
173 818 260 893 Nam,
286 829 490 898 praeterquam
512 820 626 898 planam
647 828 678 878 et
693 818 814 879 brevem
837 830 867 881 et
888 821 1059 881 credibilem

56 903 118 963 vult
136 921 203 963 esse
220 904 400 980 evidentem,
422 912 577 979 moratam,
600 922 664 962 cum
683 902 832 980 dignitate.
868 904 927 964 Sed
944 906 973 964 in
992 922 1056 966 ora·

55 989 135 1046 tione
150 997 261 1048 morata
283 987 390 1047 debent
412 1005 479 1047 esse
501 989 595 1047 omnia
617 987 852 1065 condignitate,
877 1005 952 1066 quae
973 998 1056 1068 pote·

55 1080 129 1130 runt.
169 1070 322 1131 Evidentia
347 1072 376 1131 in
396 1073 579 1148 narratione,
601 1079 736 1148 quantum
757 1088 814 1148 ego
836 1071 988 1150 intelligo,
1012 1082 1058 1133 est

57 1155 174 1234 quidem
198 1172 301 1232 magna
323 1157 432 1231 virtus,
456 1172 535 1230 cum,
558 1155 626 1233 quid
648 1156 726 1230 veri,
750 1171 808 1214 non
829 1155 981 1216 dicendum
1003 1156 1058 1217 sed

56 1238 266 1315 quodammodo
283 1239 368 1298 etiam
390 1240 599 1300 ostendendum
621 1247 680 1306 est;
703 1238 756 1297 sed
771 1238 874 1299 subiici
894 1240 1056 1319 perspicui·

55 1323 105 1381 tati
127 1331 241 1399 potest,
265 1340 349 1400 quam
365 1324 479 1401 quidam
499 1325 584 1382 etiam
606 1323 779 1382 contrariam
801 1324 915 1382 interim
935 1333 1056 1402 putare·

31 1414 137 1481 ‚runt,
166 1406 232 1484 quia
257 1408 286 1465 in
309 1405 478 1485 quibusdam
503 1407 597 1466 causis
621 1404 802 1465 obscuranda
826 1409 934 1466 veritas
959 1416 1054 1476 esset;

56 1490 134 1568 quod
156 1499 201 1548 est
221 1489 381 1549 ridiculum.
419 1489 491 1550 Nam
512 1492 561 1569 qui
583 1489 742 1549 obscurare
764 1489 842 1567 vult,
863 1500 961 1551 narrat
982 1491 1098 1554 ialsadt

55 1576 218 1650 provenis,
236 1582 265 1632 et
280 1575 309 1633 in
325 1573 368 1632 bis
385 1592 460 1653 quae
475 1583 572 1635 narrat
587 1573 675 1634 debet
691 1573 842 1650 laborare,
861 1583 891 1634 ut
905 1575 1056 1635 rideantur

56 1674 140 1734 quam
156 1657 379 1716 evidentissima.

139 1739 177 1800 Et
193 1750 334 1821 quatenus
356 1742 441 1801 etiam
460 1741 537 1801 iorte
556 1741 676 1820 quadam
695 1742 880 1820 pervenimus
896 1742 932 1801 ad
954 1741 1099 1806 alfaei-ot

56 1823 111 1883 lius
127 1826 321 1885 narrationum
336 1843 446 1902 genus,
469 1826 525 1884 iam
540 1826 576 1885 de
592 1825 636 1884 his
653 1825 819 1902 loquamur,
842 1826 871 1884 in
887 1822 990 1902 quibus
1006 1843 1055 1884 res

56 1916 185 1968 contra
209 1924 274 1967 nos
297 1910 367 1984 erit,
392 1924 449 1987 quo
466 1908 533 1968 loco
550 1907 680 1968 nonnulli
695 1909 937 1986 praetereundam
956 1925 1055 1968 narra·

55 1993 163 2050 tionem
183 2001 365 2070 putaverunt.
404 1991 442 2051 m
461 2010 532 2052 sane
552 1993 621 2052 nihil
643 1999 688 2051 est
708 1991 837 2068 facilius,
858 1992 913 2050 nisi
933 2007 1054 2069 prorsus

55 2083 144 2135 totam
163 2093 278 2135 causam
294 2077 407 2135 omuino
425 2092 483 2134 nou
498 2094 598 2152 agere.
628 2076 688 2135 Sed
701 2077 726 2134 si
741 2075 837 2153 aliqua
852 2076 927 2134 iusta
942 2076 1055 2134 ratione

55 2157 217 2220 huiusmodi
240 2161 409 2238 susceperis
436 2158 532 2219 litem:
566 2160 646 2219 cuius
673 2161 742 2218 artis
771 2167 831 2234 est,
860 2158 964 2218 malam
987 2175 1055 2219 esse

56 2259 173 2302 causam
194 2242 311 2302 silentio
338 2239 490 2302 coniiteril
513 2245 568 2302 nisi
588 2243 665 2303 forte
686 2251 743 2302 tam
762 2241 854 2302 babes
877 2242 989 2301 iuturus
1010 2252 1056 2303 est

54 2326 158 2401 iudex,
179 2335 210 2384 ut
225 2327 381 2387 secundum
396 2328 424 2386 id
440 2328 621 2404 pronuntiet,
644 2324 721 2403 quod
736 2327 811 2385 sciet
825 2343 944 2385 narrare
959 2334 989 2385 te
1003 2343 1055 2385 uo·

56 2409 157 2469 luisse.
194 2408 297 2488 Neque
319 2410 421 2470 infitias
438 2426 491 2484 eo,
512 2411 540 2468 in
560 2410 740 2483 narratione,
761 2416 792 2467 ut
807 2408 902 2486 aliqua
922 2408 1055 2486 neganda
1063 2412 1097 2468 67

53 2492 152 2572 aliqua
173 2493 333 2553 adiicienda
351 2493 447 2572 aliqua
463 2493 611 2567 mutanda,
630 2493 673 2551 sio
693 2491 790 2570 aliqua
811 2493 897 2550 etiam
917 2491 1053 2560 tacenda;

55 2577 109 2636 sed
130 2577 269 2652 tacenda,
294 2595 369 2656 quae
389 2586 489 2637 tacere
510 2574 657 2655 oportebit
680 2583 709 2634 et
728 2574 850 2634 liberum
872 2576 936 2634 erit.
969 2574 1056 2648 Quod

56 2660 87 2719 lit
109 2677 312 2739 nonnunquam
331 2659 481 2720 brevitatis
506 2676 624 2740 quoque
646 2660 756 2736 gratia,
787 2657 874 2736 quale
902 2656 973 2719 illud
995 2667 1055 2719 est:

55 2743 242 2822 Respondit,
264 2761 344 2821 quae
360 2746 388 2805 ei
407 2746 506 2805 cisum
523 2753 577 2805 ert.
613 2741 829 2820 Distinguamus
844 2743 933 2819 igitur
946 2755 1099 2820 generose

55 2845 217 2887 causarum.
256 2827 404 2907 Namque,
430 2827 576 2909 inquibus
593 2825 699 2886 nonde
721 2826 808 2904 culpa
824 2834 981 2904 quaeretur
1002 2826 1056 2887 sed

57 2910 94 2969 de
112 2914 237 2987 actione,
255 2913 366 2971 etiamsi
382 2921 465 2972 erunt
480 2921 580 2972 contra
594 2927 648 2969 nos
664 2909 806 2986 themata,
824 2910 956 2970 confiteri
971 2908 1056 2969 nobis

56 2993 172 3056 licebit:
201 2993 369 3057 Pecuniam
388 2998 428 3058 dc
449 2998 557 3075 templo
570 2993 692 3056 sustulit
708 2995 764 3056 eod
783 2995 950 3071 privatam,
972 2994 1055 3065 idco·

54 3095 115 3154 quc
128 3081 301 3158 sacriloquc
313 3098 373 3140 ocu
389 3084 442 3142 ert.
475 3077 628 3159 Virginem
644 3080 767 3158 rapuit,
782 3096 843 3139 aaa
859 3086 960 3138 tamea
974 3078 1056 3156 optio

52 3165 140 3240 patri
154 3164 291 3226 dabitur.
316 3161 484 3242 queuuam
498 3165 651 3242 stupravit
665 3171 694 3225 et
706 3167 865 3242 stupratus
880 3180 915 3223 ec
928 3180 1054 3241 saepem
1062 3172 1097 3229 69

54 3247 116 3324 dit,
139 3266 200 3308 noa
214 3255 315 3308 tamea
333 3248 403 3310 ideo
417 3255 575 3326 stuprator
592 3248 694 3327 capito
706 3256 740 3308 at
760 3263 859 3308 eausa
875 3247 981 3308 martia
994 3264 1053 3326 pu·

54 3329 173 3406 cietur,
202 3331 259 3392 red
279 3331 384 3393 decem
405 3332 506 3409 milia,
537 3347 618 3409 quae
634 3349 735 3410 poena
755 3333 925 3408 stupratori
946 3332 1054 3393 oausa-

53 3418 121 3476 tata
146 3423 211 3492 ert,
232 3413 326 3476 dabit.
369 3413 478 3474 Verum
501 3417 529 3475 in
549 3414 593 3474 his
615 3431 731 3494 quoque
755 3413 987 3475 confessionibus
1009 3420 1055 3473 est
