2574 3998
390 217 830 284 rnsr.oanron.n1o.xr,3.
1061 209 1121 272 211

117 379 206 452 sime,
223 377 318 454 quoad
334 377 422 449 vixit,
440 374 600 442 secundus;
624 384 655 434 ut
673 383 828 453 appareat,
853 375 1001 452 placuisse
1017 375 1124 454 aliquid

118 478 154 522 eo
172 460 303 535 dicente,
327 459 405 538 quod
426 458 560 536 legentes
578 476 635 518 non
658 460 828 518 invenimus.
867 457 905 517 Et
920 458 1041 518 hercule
1061 471 1154 526 cum9

117 545 232 604 valeant
252 544 370 603 multum
391 542 481 602 verba
496 560 551 621 per
568 561 619 618 se,
646 552 675 602 et
690 558 749 601 vox
765 543 913 621 propriam
935 543 991 600 vim
1010 542 1126 603 adiiciat

116 629 221 705 rebus,
245 636 274 687 et
296 636 397 704 gestus
412 635 565 704 motusque
587 627 732 703 significet
754 625 875 704 aliquid:
899 625 1035 704 profecto
1053 636 1125 704 'per-

116 713 223 772 fectum
238 712 371 790 quiddam
386 710 467 788 fleri,
489 729 553 770 cum
570 711 663 770 omnia
679 712 829 786 coierunt,
848 727 972 770 necesse
987 718 1042 769 est.

201 796 272 855 Sunt
289 804 385 855 tamen
400 796 449 874 qui
464 795 564 855 rudem
580 794 674 871 illam,
697 803 726 855 et
748 794 864 873 qualem
884 795 1008 873 impetus
1030 795 1169 859 cuius-10

116 898 173 958 que
193 879 278 939 animi
299 879 378 954 tulit,
403 881 548 938 actionem
567 879 695 938 iudicent
714 879 864 938 fortiorem
886 887 916 938 et
940 878 1032 939 solam
1056 879 1126 937 viris

116 964 245 1040 dignam;
270 963 394 1023 sednon
409 962 457 1023 alii
473 963 555 1039 fere,
579 980 662 1040 quam
678 963 726 1040 qui
741 963 826 1022 etiam
841 963 870 1020 in
888 962 1011 1023 dicendo
1029 980 1127 1022 curam

116 1057 145 1107 et
159 1056 250 1106 artem
269 1056 298 1107 et
315 1047 454 1123 nitorem,
478 1055 507 1106 et
522 1045 660 1124 quidquid
675 1047 770 1106 studio
785 1055 920 1125 paratur,
944 1055 975 1105 ut
990 1046 1127 1106 affectata

116 1141 145 1190 et
161 1148 259 1209 parum
274 1129 414 1190 naturalia
430 1129 526 1190 solent
542 1129 718 1208 improbare,
740 1130 787 1190 vel
804 1131 852 1208 qui
867 1129 1023 1189 verborum
1039 1139 1126 1207 atque

115 1217 205 1293 ipsius
231 1215 316 1274 etiam
338 1215 403 1274 soni
423 1214 600 1287 rusticitate,
629 1223 659 1272 ut
676 1213 706 1272 t.
725 1211 838 1273 Cottam
857 1215 925 1275 dicit
949 1212 1056 1275 Cicero
1082 1215 1125 1273 ie·

118 1300 212 1373 cisse,
234 1299 421 1358 imitationem
442 1297 617 1375 antiquitatis
639 1296 784 1358 affectant.
818 1296 927 1358 Verum
947 1298 989 1357 illi
1006 1316 1125 1377 persua·
1135 1312 1168 1365 11

115 1385 199 1441 sione
221 1400 272 1440 sna
294 1381 440 1456 fruantur,
468 1383 517 1460 qui
538 1380 718 1457 hominibus,
746 1391 778 1441 ot
797 1383 853 1441 sint
875 1390 1028 1458 oratores,
1056 1383 1126 1441 satis

115 1474 215 1545 putant
233 1467 328 1534 nasci;
352 1475 452 1525 nostro
475 1464 567 1525 labori
585 1465 653 1525 dent
668 1466 801 1542 veniam,
827 1467 875 1544 qui
895 1466 964 1526 nihil
982 1466 1126 1527 credimus

116 1568 184 1610 esse
206 1550 386 1627 perfectum,
410 1549 464 1608 nisi
485 1549 534 1608 ubi
557 1558 656 1608 natura
676 1567 744 1609 cura
761 1551 884 1608 iuvetur.
915 1549 948 1609 ln
965 1549 1023 1609 hoc
1040 1550 1127 1627 igitur

115 1650 173 1692 non
186 1635 393 1694 contumaciter
407 1633 568 1708 consentio,
585 1633 692 1710 primas
704 1642 803 1711 partes
817 1651 884 1693 esse
896 1642 1025 1694 naturae.
1054 1632 1127 1694 Nam
1136 1647 1169 1700 12

116 1726 196 1777 certe
215 1715 290 1776 bene
309 1718 496 1796 pronuntiare
518 1734 576 1775 non
590 1718 716 1795 poterit,
742 1719 787 1776 cui
806 1727 853 1777 aut
875 1719 903 1776 in
925 1718 1043 1796 scriptis
1066 1735 1127 1777 me·

114 1803 204 1860 moria
221 1801 374 1879 aurinis,
392 1819 468 1880 quac
483 1800 578 1860 subito
595 1800 716 1862 dicenda
734 1810 832 1877 erunt,
851 1801 977 1862 facilitas
992 1810 1128 1880 prompta

116 1885 257 1960 defuerit,
290 1903 346 1944 nec
368 1887 393 1945 ai
421 1884 642 1946 inemendabilia
667 1887 727 1946 oris
749 1886 930 1946 incommoda
960 1885 1126 1946 obstabunt.

117 1965 258 2045 Corporis
281 1970 366 2028 etiam
382 1977 480 2046 potest
502 1988 568 2029 esse
587 1969 682 2048 aliqua
698 1978 775 2031 tanta
797 1970 984 2046 deformitas,
1003 1969 1128 2030 utnulla

116 2061 177 2109 arte
198 2053 339 2133 vincatur.
384 2052 444 2111 Sed
464 2070 501 2111 ne
520 2069 580 2111 vox
602 2053 717 2130 quidem
740 2054 824 2113 exilis
853 2055 996 2115 actionem
1017 2053 1127 2114 habere
1137 2067 1170 2121 13

117 2136 251 2212 optimam
267 2142 374 2211 potest.
407 2133 487 2193 Bona
504 2135 579 2193 enim
594 2136 749 2213 firmaque,
766 2146 796 2196 ut
811 2137 963 2211 volumus,
985 2139 1026 2196 uti
1043 2138 1126 2205 licet;

115 2217 190 2277 mala
211 2216 259 2276 vel
284 2216 431 2276 imbecilla
448 2227 477 2277 et
497 2217 606 2277 inhibet
622 2219 727 2294 multa,
752 2228 782 2278 ut
798 2222 951 2297 insurgere
975 2230 1004 2279 et
1029 2221 1126 2280 excla-

116 2319 212 2376 mare,
238 2310 266 2359 et
283 2301 380 2378 aliqua
396 2304 492 2378 cogit,
514 2309 546 2360 ut
563 2301 752 2361 intermittere
770 2312 799 2362 et
819 2303 979 2363 deflectere
1001 2312 1031 2362 et
1046 2321 1127 2365 rasas

117 2387 217 2445 fauces
235 2402 269 2444 ac
288 2385 363 2444 latus
381 2384 532 2462 fatigatum
553 2383 676 2444 deformi
692 2387 806 2446 cantico
824 2387 958 2447 relicere.
994 2387 1054 2448 Sed
1074 2404 1127 2446 nos

117 2470 153 2528 de
169 2486 203 2528 eo
220 2487 296 2528 nunc
311 2468 479 2546 loquamur,
497 2469 543 2528 cui
559 2485 616 2528 non
632 2469 739 2530 frustra
755 2472 942 2549 praecipitur.

203 2550 273 2612 Gum
289 2554 326 2612 sit
344 2562 438 2613 autem
456 2552 548 2612 omnis
564 2553 659 2627 actio,
673 2562 704 2612 ut
724 2555 798 2631 dixi,
820 2557 847 2614 in
866 2555 936 2615 duas
953 2554 1045 2614 divisa
1063 2555 1170 2633 par-'14

118 2647 181 2714 tes,
206 2653 310 2697 vocem
330 2646 521 2717 gestumque,
548 2653 670 2716 quorum
692 2637 766 2698 alter
794 2639 897 2698 oculos
921 2639 1013 2699 altera
1041 2656 1127 2698 aures

117 2731 230 2798 movet,
252 2740 306 2800 per
327 2739 400 2800 quos
417 2722 489 2782 duos
513 2739 617 2781 sensus
634 2723 725 2781 omnis
741 2723 776 2782 ad
798 2723 920 2783 animum
934 2731 1070 2800 penetrat
1084 2721 1126 2782 af·

117 2806 228 2864 fectus:
257 2807 336 2884 prius
360 2816 405 2866 est
428 2806 464 2865 de
485 2822 581 2864 voce
597 2805 711 2879 dicere,
735 2808 779 2865 cui
796 2808 881 2866 etiam
896 2816 996 2883 gestus
1013 2823 1127 2866 accom·

116 2890 257 2950 modatnr.
734 2937 740 2946 .

202 2973 233 3033 lu
246 2992 280 3034 ea
292 2976 384 3053 prima
395 2973 564 3036 observatio
578 2983 639 3047 est,
657 2973 802 3052 qualem
817 2973 967 3041 habeam
986 2973 1125 3050 secunda,

119 3059 297 3133 quomodo
314 3060 445 3123 utaris.
480 3056 588 3118 Natura
603 3059 685 3118 vocis
701 3067 851 3136 spectatur
872 3058 1080 3136 quantitate
1097 3065 1127 3116 et

120 3141 315 3216 qualitate.
359 3142 510 3216 Quantitas
532 3141 706 3220 simplicior;
736 3143 764 3201 in
786 3159 894 3202 summa
916 3142 989 3200 enim
1009 3140 1168 3218 grandislt

119 3232 167 3281 aut
184 3226 289 3300 exigua
305 3234 366 3302 est,
390 3226 443 3286 sed
458 3229 532 3285 inter
549 3225 601 3285 has
626 3228 823 3286 extremitates
839 3224 951 3285 mediae
970 3232 1036 3284 sunt
1059 3243 1126 3302 spe·

120 3306 200 3381 cies,
218 3317 246 3366 et
263 3308 298 3367 ab
316 3310 371 3368 ima
389 3310 424 3369 ad
440 3328 576 3369 summam
595 3327 629 3368 ac
646 3317 726 3369 retro
747 3310 828 3370 multi
845 3307 963 3386 gradus.
995 3307 1125 3381 Qualitas

119 3391 210 3466 magis
227 3392 316 3450 varia.
351 3390 422 3452 Nam
439 3402 483 3452 est
499 3402 528 3453 et
543 3391 662 3452 candida
681 3402 710 3452 et
721 3393 818 3469 fusca,
836 3402 865 3453 et
880 3393 966 3470 plena
982 3400 1012 3451 et
1027 3391 1124 3468 exilis,

120 3483 148 3532 ot
165 3474 238 3533 lenis
260 3483 289 3534 et
304 3492 428 3553 aspera,
446 3485 475 3536 et
487 3485 635 3536 contracta
652 3484 681 3535 et
694 3478 775 3555 fusa,
799 3486 828 3537 et
844 3477 959 3621 durffi
977 3475 1124 3561 flexibilis,
