2566 4026
379 195 805 268 uusu.0auuoa.n1a.tt‚t.
1038 189 1095 253 185

87 356 268 435 frequentia,
287 365 318 414 ut
333 356 416 414 miles
436 364 580 414 concentu
596 358 758 433 signorum,
776 357 928 417 excitatur.
966 357 1096 438 Namque
1104 370 1137 428 17

90 452 118 502 et
133 439 327 500 difficiliorem
344 441 552 516 cogitationem
569 442 703 519 exprimit
725 449 754 500 et
774 440 898 520 expellit
912 441 1026 503 dicendi
1046 463 1096 503 ne·
1117 450 1120 457 '

89 528 229 600 cessitas,
252 534 280 583 et
305 525 450 583 secundos
467 525 590 602 impetus
610 534 698 602 auget
713 525 847 603 placendi
864 527 980 604 cupido.
1012 526 1096 601 Adeo

88 611 210 690 pretium
233 609 326 668 omnia
349 616 498 687 spectant,
526 616 558 667 ut
578 608 745 687 eloquentia
767 628 902 689 quoque,
936 628 1097 690 quanquam

87 695 238 773 plurimum
263 692 368 753 babeat
388 694 468 751 inse
494 691 669 771 voluptatis,
690 695 812 754 maxime
835 704 930 753 tamen
948 698 1096 773 praesenti

87 779 182 837 fructu
206 777 298 837 laudis
325 778 528 855 opinionisque
556 776 686 837 ducatur.
726 776 790 837 Nec
818 779 967 856 quisquam
990 788 1140 845 tantumls

88 863 155 925 udat
171 864 305 939 ingenio,
323 869 354 920 ut
369 861 397 920 id
413 861 468 919 sibi
486 870 587 938 speret
598 863 747 940 incipienti
768 865 863 922 statim
878 881 968 940 posse
985 866 1094 923 contin·

87 965 173 1024 gere:
203 946 265 1021 sed,
289 947 363 1004 sicut
392 947 420 1003 in
441 947 619 1022 cogitatione
634 948 844 1025 praecipimus,
872 949 910 1007 ita
927 947 1096 1008 facilitatem

87 1048 204 1108 quoque
229 1029 458 1107 extemporalem
482 1048 498 1089 a
519 1031 615 1108 parvis
637 1033 724 1090 initiis
746 1031 883 1109 paulatim
902 1031 1095 1110 perducemus

87 1115 122 1174 ad
135 1133 284 1189 summam,
301 1131 375 1191 quae
390 1131 485 1191 neque
504 1114 607 1192 perlici
622 1117 875 1194 neque‘contineri
890 1117 945 1175 nisi
961 1135 1015 1176 usu
1030 1126 1094 1195 pot-

87 1208 141 1258 est.
177 1196 314 1258 Ceterum
335 1199 490 1276 peruenire
514 1215 550 1257 eo
575 1199 677 1274 debet,
704 1209 734 1258 ut
755 1202 894 1277 cogitatio
915 1218 973 1260 non
995 1204 1137 1279 utiquel9

85 1283 189 1342 melior
205 1285 242 1342 sit
260 1300 295 1342 ea
307 1282 359 1341 sed
371 1285 472 1350 tutior;
492 1300 556 1340 cum
570 1281 644 1343 banc
656 1283 825 1343 facilitatem
836 1302 893 1344 non
907 1302 996 1363 prosa
1008 1286 1094 1345 modo

85 1368 165 1429 multi
182 1369 238 1425 sint
258 1369 424 1440 consecuti,
448 1366 500 1426 sed
520 1369 605 1426 etiam
621 1369 762 1443 carmine,
785 1377 817 1428 ut
838 1368 991 1447 Antipater
1011 1371 1094 1430 Sido·

86 1454 149 1510 nius
166 1460 194 1509 ct
209 1450 333 1510 Licinius
349 1449 488 1518 Archias;
512 1452 686 1511 credendum
710 1454 784 1512 enim
801 1450 936 1513 Ciceroni
956 1463 1015 1528 est;
1037 1472 1095 1514 non

87 1537 152 1613 quia
171 1538 277 1594 nostris
297 1552 413 1612 quoque
436 1535 616 1613 temporibus
639 1554 697 1597 nou
720 1546 749 1597 et
767 1537 892 1597 fecerint
908 1538 1022 1616 quidam
1037 1539 1094 1599 hoc

88 1629 116 1678 et
131 1618 246 1678 faciant.
283 1618 367 1692 Quod
383 1629 550 1679 tamennon
566 1623 660 1698 ipsum
680 1630 738 1681 tam
753 1621 906 1699 probabile
922 1631 1003 1700 puto,
1028 1624 1093 1701 (ne-

87 1722 143 1781 que
160 1705 234 1762 enim
250 1702 338 1762 habet
353 1712 401 1763 aut
415 1723 497 1764 usum
509 1723 558 1764 res
574 1715 622 1766 aut
637 1707 863 1786 necessitatem)
883 1724 967 1785 quam
988 1707 1093 1767 exhor-

86 1788 178 1847 tandis
195 1789 222 1846 in
238 1787 311 1847 hanc
326 1807 419 1866 spem,
436 1791 484 1867 qui
499 1790 564 1849 foro
581 1799 809 1868 praeparantur,
828 1791 899 1850 utile
918 1792 1092 1870 exemplum.

84 1871 188 1950 Neque
211 1890 283 1931 vero
306 1881 384 1932 tanta
406 1891 473 1932 esse
494 1892 617 1952 unquam
642 1874 730 1935 debet
750 1874 854 1935 fiducia
876 1874 1043 1951 facilitatis,
1065 1885 1136 1940 utao

85 1973 142 2014 non
158 1956 249 2015 breve
263 1957 367 2015 saltem
384 1966 513 2035 tempus,
536 1959 613 2035 quod
633 1976 774 2037 nusquam
787 1959 850 2019 fere
869 1960 978 2035 deerit,
1002 1959 1038 2020 ad
1058 1979 1093 2021 ea

86 2057 160 2116 quae
177 2039 281 2097 dicturi
298 2042 386 2097 simus
408 2040 587 2117 dispicienda
605 2060 763 2109 sumamus:
786 2044 814 2101 in
834 2043 948 2103 iudiciis
971 2062 1005 2103 ac
1027 2045 1092 2104 foro

85 2123 168 2180 datur
184 2139 310 2197 semper.
346 2120 450 2199 Neque
474 2127 548 2181 enim
571 2125 720 2201 quisquam
737 2134 797 2200 est,
815 2129 863 2203 qui
879 2145 995 2186 causam
1010 2146 1093 2205 quam

86 2222 143 2263 non
164 2205 297 2263 didicerit
319 2212 395 2280 agat.
440 2204 661 2265 Declamatores
692 2207 833 2284 quosdam
854 2227 995 2287 perversa
1018 2212 1133 2274 ducittt

85 2289 213 2363 ambitio,
229 2297 259 2346 ut
276 2289 409 2366 exposita
426 2291 626 2348 controversia
640 2291 771 2367 protinus
789 2291 888 2350 dicere
903 2293 1006 2361 velint;
1026 2296 1093 2371 quin

86 2375 187 2448 etiam,
208 2373 284 2450 quod
308 2380 353 2430 est
368 2373 507 2449 inprimis
524 2373 658 2433 frivolum
674 2391 709 2432 ac
724 2375 889 2450 scenicum,
906 2375 1026 2435 verbum
1041 2395 1092 2454 pe·

82 2466 160 2531 tant,
180 2473 237 2534 quo
256 2458 402 2533 incipiant.
438 2455 497 2514 Sed
514 2466 570 2516 tam
587 2457 814 2517 contumeliosos
839 2459 867 2516 in
884 2477 916 2518 se
933 2459 1008 2518 ridet
1022 2462 1091 2519 invi·

86 2560 149 2600 cern
174 2540 359 2619 eloquentia,
388 2548 416 2599 et
447 2541 494 2618 qui
516 2541 610 2600 stultis
631 2542 723 2601 videri
746 2541 849 2601 eruditi
872 2543 989 2618 volunt,
1012 2544 1091 2604 stulti

85 2625 205 2684 eruditis
223 2626 393 2685 iudicantur.
428 2626 458 2684 Si
477 2644 532 2703 qua
544 2634 640 2684 tamen
651 2626 765 2687 fortuna
782 2635 838 2687 tam
854 2627 975 2687 subitam
989 2628 1135 2690 iecerit22

84 2710 189 2786 agendi
202 2712 424 2769 necessitatem:
445 2710 597 2770 mobiliore
617 2712 741 2788 quodam
759 2728 832 2789 opus
849 2713 904 2772 erit
918 2713 1046 2789 ingenio,
1064 2723 1093 2772 et

84 2796 128 2851 vis
146 2796 236 2851 omnis
252 2792 425 2854 intendenda
440 2794 538 2870 rebus,
556 2796 627 2854 etin
643 2796 809 2873 praesentia
824 2797 1025 2856 remittendum
1042 2796 1091 2857 ali-

85 2878 153 2955 quid
170 2895 206 2935 en
224 2896 291 2937 cura
308 2878 483 2953 verborum,
505 2880 529 2937 si
553 2881 693 2957 consequi
715 2889 867 2958 utrumque
887 2898 944 2940 non
968 2880 1090 2940 dabitur.

84 2961 155 3019 Tum
168 2970 197 3020 et
212 2963 322 3021 tardior
337 2963 531 3040 pronuntiatio
547 2980 643 3022 moras
655 2963 742 3023 habet
757 2973 786 3024 et
801 2982 944 3043 suspensa
962 2983 996 3024 ac
1011 2965 1092 3025 velut

85 3044 217 3104 dubitans
234 3049 343 3120 oratio,
366 3054 396 3105 ut
411 3055 506 3106 tamen
524 3046 688 3107 deliberare
704 3066 762 3108 non
772 3047 917 3109 haesitare
932 3050 1090 3109 videamur.

84 3126 163 3201 Hoc,
181 3128 246 3188 dum
260 3131 425 3206 egredimur
443 3149 459 3189 e
474 3139 577 3208 portu,
594 3132 620 3190 si
634 3149 688 3191 nos
704 3133 828 3193 nondum
844 3135 948 3210 aptatis
963 3135 1031 3193 satis
1048 3142 1135 3192 ιιι-23

86 3214 233 3270 mamantis
252 3223 321 3289 aget
344 3223 461 3282 ventus;
484 3215 587 3274 deinde
613 3215 748 3293 paulatim
763 3216 846 3276 simul
862 3226 964 3277 euntes
982 3217 1091 3296 aptabi-

85 3313 147 3353 mus
162 3295 229 3354 vela
246 3304 274 3354 et
292 3298 477 3375 disponemus
495 3299 632 3359 rudentes
651 3309 681 3360 et
698 3301 811 3380 impleri
823 3302 901 3359 sinus
918 3302 1089 3380 optabimus.

84 3378 115 3438 ld
132 3380 245 3455 potius,
271 3399 354 3458 qnam
381 3400 414 3441 se
435 3384 510 3442 inani
525 3384 682 3444 verborum
700 3386 821 3445 torrenti
837 3384 906 3444 dare
923 3388 1004 3464 quasi
1020 3396 1091 3445 tem·

83 3463 256 3541 pestatibuS,
274 3483 330 3542 quo
346 3466 462 3543 volent,
480 3468 675 3528 auferendum.
