2566 4026
184 157 246 218 250
504 167 867 227 nonsummum

183 325 287 401 Decii,
310 322 397 383 biueii
419 323 529 402 aliique
548 320 795 387 innumerabiles?
824 322 965 396 Quantum
990 327 1073 386 enim
1095 326 1202 389 ernest

184 409 354 488 praeceptis
370 407 483 484 valent,
509 416 618 467 tantem
631 407 752 466 Romani
759 453 767 483 ‚
790 407 869 486 quod
889 418 936 468 est
953 411 1071 486 maius,
1101 429 1201 472 oxon·

139 504 171 557 31
182 494 248 572 plis.
282 493 459 570 Tantumque
476 508 535 553 uon
555 493 680 568 oognitis
703 492 753 551 ilie
768 491 857 550 rebus
876 493 1042 571 adquieuit,
1074 498 1126 572 qrri
1143 513 1200 557 non

180 576 266 637 modo
291 577 451 655 proximem
473 585 588 654 ternpus
609 576 763 655 lucemque
789 586 974 654 praesentem
991 579 1105 639 intueri
1127 582 1199 641 satis

181 663 282 722 eredat
302 661 355 720 sed
375 677 487 719 omnem
509 661 689 738 posteritatis
709 661 875 719 memoriam
898 662 1022 739 spatium
1043 664 1131 726 vitae
1147 664 1197 724 bo

179 755 285 805 nestae
298 753 328 803 et
343 743 516 805 curriculum
532 744 624 804 laudis
640 745 795 803 existimet.
822 744 895 804 ilino
909 745 976 805 mibi
992 746 1051 807 ilie
1066 749 1196 809 iustitiae

180 830 301 889 haustus
313 827 411 903 bibat,
434 828 502 887 hino
516 837 659 906 sumptam
673 827 837 887 libertatem
852 831 880 888 in
896 831 991 889 oausis
1010 840 1109 910 atque
1128 849 1195 893 eon·

180 913 251 972 siliis
268 921 408 991 praestet.
435 911 541 991 Neque
555 913 610 971 erit
624 912 775 990 perieotss
794 922 908 990 orator,
924 915 980 974 nisi
996 916 1049 992 qui
1066 914 1194 978 honeste

178 997 281 1057 dice-re
296 1005 326 1055 et
341 998 416 1055 sciet
432 1006 461 1055 et
477 996 603 1056 moestu.

245 1147 478 1201 Nucnssnmnm
504 1147 592 1201 lunis
617 1147 733 1201 GNibIS
757 1147 903 1200 ORATORI
926 1146 1123 1204 scruNTmM.

262 1244 313 1308 tlt.
334 1244 429 1304 Iuris
445 1262 561 1323 quoque
578 1247 709 1305 uirilis
727 1247 898 1306 necessaria
908 1244 976 1305 buis
986 1247 1058 1307 viro
1066 1250 1191 1311 seientia
1246 1244 1249 1249 ’

178 1338 226 1389 ast
244 1337 274 1388 et
288 1346 400 1388 morum
420 1347 455 1388 ao
472 1329 646 1406 religionem
662 1333 725 1389 eius
739 1331 782 1389 rei
800 1329 955 1410 publicae,
978 1348 1067 1408 quam
1085 1351 1191 1411 capes·

177 1423 234 1473 set.
270 1412 344 1472 Nam
359 1411 452 1492 qualis
476 1432 543 1472 esse
560 1433 664 1474 suasor
684 1415 712 1473 iu
729 1411 858 1473 aonss'iiis
875 1412 1004 1492 pubiiois
1025 1417 1189 1492 privatisve
1244 1424 1248 1457 ³

178 1499 287 1577 poterit
303 1506 346 1557 tot
360 1515 475 1573 rerum,
493 1498 596 1576 quibus
613 1498 773 1577 praecipue
791 1499 892 1557 ciuitas
911 1499 1093 1575 continetur,
1109 1503 1189 1578 igna
1243 1526 1248 1547 =

178 1579 250 1641 rusi·
279 1581 344 1654 Quo
367 1591 461 1641 autem
479 1583 565 1641 modo
582 1593 735 1661 patronum
751 1601 786 1641 se
803 1600 953 1642 cansarum
970 1600 1028 1642 uon
1051 1583 1137 1645 falso
1151 1585 1188 1647 tt
1243 1586 1249 1625 ³

178 1667 272 1741 uerit,
295 1667 359 1742 qui,
384 1665 462 1742 quob
479 1675 524 1724 est
545 1667 573 1724 in
589 1668 684 1726 eaesis
701 1667 950 1744 potentissimum,
973 1667 1010 1726 sit
1031 1666 1069 1727 ab
1093 1669 1188 1730 attero
1246 1706 1250 1713 ·

178 1750 334 1827 petiturus,
367 1767 461 1826 paens
483 1765 540 1807 uon
566 1750 713 1809 dissimilis
735 1751 786 1825 iis,
821 1751 869 1828 qui
899 1759 1052 1828 poetarum
1077 1754 1188 1832 scripta

148 1829 384 1911 spmnuntirnrt
413 1830 485 1891 Nam
509 1833 722 1909 quodammodo
745 1834 876 1895 mandata
900 1834 1053 1912 perteret,
1085 1845 1118 1900 et
1143 1855 1187 1912 ea,

179 1915 326 1995 quaesibi
350 1933 367 1975 a
386 1914 481 1974 iudice
504 1917 585 1976 credi
601 1917 797 1995 postulaturos
815 1927 875 1993 est,
902 1919 997 1978 aliena
1018 1918 1078 1981 iide
1096 1919 1187 1995 dieat,

179 2009 208 2059 ot
230 2001 295 2076 ipse
318 1999 487 2075 litigantium
510 2000 664 2061 auxiliator
686 2001 785 2078 egebit
807 2001 924 2062 auxilio.
959 2001 1045 2075 Quod
1065 2012 1099 2064 ut
1126 2005 1187 2066 beri

177 2100 377 2161 nonnunquam
392 2084 505 2143 minore
520 2085 702 2146 incommodo
719 2087 830 2165 possit,
849 2104 915 2146 oum
929 2086 1005 2146 domi
1021 2097 1187 2168 praesepta

177 2177 208 2228 et
231 2168 393 2246 composita
419 2177 449 2227 et
476 2169 551 2228 siout
570 2179 686 2246 cetera,
723 2188 797 2249 quae
813 2171 842 2229 iu
865 2179 1058 2246 animasum,
1095 2173 1128 2234 in
1148 2173 1186 2234 ni·

178 2251 288 2312 soeudo
312 2252 428 2329 cognita
450 2252 486 2314 ad
509 2253 632 2314 iudicem
655 2255 802 2332 perferet:
828 2255 897 2332 qaid
917 2254 969 2314 fiet
986 2255 1016 2313 in
1037 2256 1072 2315 iis
1097 2275 1186 2336 qusa-

178 2336 336 2411 stionibus,
354 2354 431 2414 quae
447 2337 542 2397 sabito
558 2339 634 2399 inter
648 2340 726 2416 ipsas
743 2340 875 2398 aotioues
891 2339 973 2398 nasei
991 2337 1115 2401 soient?
1131 2358 1185 2402 uon

178 2420 349 2480 deformiter
365 2431 515 2499 respectet
531 2431 561 2480 et
574 2422 648 2481 inter
664 2421 805 2482 subsellia
821 2418 1135 2484 minores'aduoeatos
1147 2426 1184 2487 iu·

145 2500 328 2580 3terrogeti
355 2503 456 2564 Potest
472 2514 568 2567 autem
590 2509 661 2566 satis
677 2506 836 2583 diiigenter
850 2507 1008 2584 accipere,
1032 2524 1112 2586 quae
1129 2518 1185 2569 turs

178 2588 289 2662 audiet,
316 2606 378 2647 oum
399 2590 427 2648 ei
448 2589 569 2649 dicenda
591 2599 675 2667 suut,
699 2600 747 2649 aut
768 2590 883 2649 iortiter
903 2589 1048 2651 aiiiunare
1070 2601 1124 2652 aut
1145 2594 1184 2653 ia·

177 2690 273 2748 genae
294 2688 347 2750 pro
371 2673 431 2731 suis
452 2671 573 2733 disere?
608 2673 703 2734 Possit
724 2675 752 2732 in
780 2673 958 2737 sationibus:
989 2675 1060 2752 quid
1083 2676 1182 2737 fietis

178 2756 380 2831 altercatione,
397 2756 444 2814 ubi
457 2758 665 2817 ooourrendum
679 2759 825 2833 continuo,
841 2776 900 2819 neo
912 2757 1006 2817 iibora
1018 2759 1056 2820 ari
1067 2759 1181 2821 disoen·

177 2839 242 2898 dum
265 2837 426 2899 moreest?
461 2839 555 2917 outo,
576 2843 602 2900 si
619 2841 695 2902 iorte
711 2843 822 2920 peritus
843 2843 912 2901 iuris
927 2841 980 2905 iiie
993 2858 1053 2902 uon
1067 2841 1181 2904 aderiti

178 2922 268 2999 Quin,
293 2926 317 2983 si
342 2925 406 3002 quis
429 2941 487 2984 non
502 2926 572 2984 satis
587 2927 616 2984 in
633 2945 669 2986 ea
685 2944 719 2985 re
739 2925 841 2989 bootes
864 2925 967 2986 iaisurn
987 2925 1100 3004 aliquid
1117 2928 1180 2988 sub·

176 3006 302 3067 iecerit?
334 3008 396 3068 Hoc
420 3010 494 3068 enim
517 3018 563 3069 est
586 3011 737 3070 maximum
758 3011 937 3088 ignorantiae
958 3010 1080 3086 malum,
1105 3011 1181 3090 quoti

148 3092 270 3154 tepebit
287 3111 351 3152 eum
367 3094 460 3169 seire,
483 3094 531 3172 qui
546 3103 672 3154 moneat.
708 3093 812 3173 Neque
831 3112 888 3171 ego
904 3112 966 3153 sum
982 3095 1077 3154 uostri
1092 3097 1179 3157 moris

177 3177 294 3253 ignarus
310 3175 454 3237 oblitusve
472 3196 589 3255 eorum,
614 3180 662 3258 qui
677 3178 757 3241 uelut
772 3177 808 3238 ad
823 3178 938 3242 areatas
954 3178 1059 3238 seiont
1076 3188 1110 3240 et
1123 3179 1180 3241 teia

176 3260 329 3336 agentibus
350 3263 589 3339 sumministraut‚
616 3281 711 3341 neque
735 3265 811 3324 idem
834 3261 962 3324 Graecos
988 3280 1110 3342 quoque
1132 3283 1179 3326 no·

176 3344 239 3401 soio
255 3343 420 3422 mutuasse,
445 3348 521 3407 uude
537 3365 642 3408 nomen
656 3347 703 3407 bis
721 3350 984 3427 pragmaticorum
1007 3346 1109 3410 (iatum
1126 3356 1178 3409 est

175 3425 236 3486 Sed
252 3425 356 3504 loquor
371 3429 407 3488 de
424 3440 558 3508 oratore,
576 3434 625 3511 qni
638 3449 695 3492 non
712 3432 868 3492 clamorem
882 3431 970 3492 modo
985 3449 1068 3492 snum
1083 3433 1179 3496 eausis
