2566 4026
227 184 285 244 itt
534 196 570 242 u.
588 195 667 243 una.
686 194 906 254 ouuuuuuuru

222 352 351 418 dornntc
371 369 445 424 nos,
468 350 550 428 qnod
567 351 625 412 coti
644 351 832 428 accepimns,
850 351 884 411 im
904 367 1005 410 omnes
1030 357 1135 412 terras
1157 351 1222 412 dis·

178 435 388 501 eotribssimns.
431 431 477 493 Fit
498 434 583 493 etiam
605 442 749 511 assumpta
770 433 820 492 illa
842 432 950 509 figura,
976 450 1031 511 qua
1052 433 1145 495 verba
1172 433 1209 494 de

221 518 327 578 clinata
342 526 522 595 repetuntur,
536 517 613 595 quod
629 505 839 595 ἆνειμεταβολὴ
850 516 968 576 dicitur:
984 513 1063 594 Non,
1075 525 1108 578 ut
1119 518 1221 594 edant,

219 605 307 670 oioo‚·
327 602 401 677 sed,
423 608 456 661 ut
476 602 589 672 nicom.
612 603 680 663 edo.
717 599 756 660 Et
774 599 851 678 quod
868 599 944 679 apud
958 598 1132 660 Ciceronem
1153 618 1221 660 con·

220 703 337 745 versum
361 686 400 744 ita
425 692 485 761 est,
511 693 559 760 ut,
584 702 648 745 cum
671 685 856 744 mutationem
878 702 962 746 casus
988 682 1110 760 habeat,
1137 685 1223 745 etiam

221 769 353 828 similiter
380 769 507 829 desinat:
541 766 579 829 tn
609 777 638 830 ct
663 771 730 832 aine
754 769 873 829 invidio
902 768 994 846 culpo
1016 770 1173 847 plectatur
1194 777 1224 830 et

177 856 285 918 mane
300 853 393 931 cnipo
406 853 525 914 invidio
537 860 679 931 ponatur.
709 850 794 925 Quod
810 859 839 910 et
857 850 960 912 eodem
975 850 1099 911 cluditur
1112 851 1221 912 verbo:

220 945 251 996 ut
267 936 345 1015 quod
357 937 427 996 dicit
443 935 479 996 de
497 935 618 1012 Roscio,
635 933 763 1012 Etenim,
786 954 855 996 mam
874 937 989 1017 crtisea
1010 936 1159 998 eiusmodi
1172 937 1222 1012 sit,

219 1028 252 1081 ut
271 1023 355 1082 sotus
376 1020 488 1099 dipnns
505 1021 650 1082 oideotnr
672 1039 749 1096 esse,
771 1021 824 1099 qni
843 1038 969 1082 scenam
989 1020 1140 1090 introeot,·
1161 1027 1224 1080 tam

219 1105 270 1165 oir
292 1105 439 1166 eiusmodi
464 1111 523 1181 est,
551 1112 585 1165 nt
602 1105 685 1166 coine
702 1105 845 1166 cidcotnr
865 1105 994 1183 dipnns,
1022 1105 1075 1183 qni
1101 1123 1138 1166 eo
1163 1123 1224 1166 mon

220 1188 362 1250 accedat.
388 1186 443 1248 Est
456 1189 524 1247 etin
536 1187 695 1249 nominihus
707 1206 746 1248 ex
757 1187 873 1247 diverso
887 1188 1039 1248 collocatis
1051 1206 1103 1248 sua
1113 1189 1222 1266 gratia:

220 1271 257 1332 Si
286 1270 401 1334 Consul
426 1267 593 1334 Antonius:
618 1270 735 1333 Brutus
761 1272 873 1341 trodio,-
897 1275 925 1333 si
952 1279 1150 1338 conservator
1177 1272 1224 1332 rci

218 1356 364 1435 publicae
384 1353 519 1417 Brutos:
538 1357 631 1418 iactis
651 1353 809 1418 Antonino.

177 1451 212 1508 87
305 1440 381 1500 Olim
397 1439 482 1518 plura
495 1440 533 1500 do
550 1439 649 1518 figuris
666 1458 750 1519 quarn
764 1456 889 1500 necesse
905 1447 986 1515 erat,
1002 1448 1032 1499 et
1046 1439 1141 1500 adhuc
1157 1441 1223 1516 erit,

221 1525 270 1603 qui
284 1533 366 1603 putot
382 1542 449 1584 esse
465 1524 600 1602 figuram:
616 1523 805 1587 Incredibile
826 1531 880 1601 cot,
902 1526 985 1603 qnod
996 1523 1077 1600 dico,
1097 1525 1157 1586 sed
1171 1543 1224 1586 ce·

221 1627 310 1681 rnm,·
343 1598 565 1687 ἆνθυποφορᾶν
589 1618 709 1678 vocant;
740 1617 769 1668 et
805 1605 923 1687 Aliquis
942 1608 1000 1669 too
1025 1610 1121 1671 semet
1144 1610 1223 1685 iniit,

222 1711 277 1770 epo
298 1692 361 1768 bis,
387 1709 443 1770 opo
461 1699 525 1767 ier,
551 1689 700 1767 διὲξοδονς
727 1696 757 1751 et
783 1690 916 1771 Lonpins
937 1698 1058 1753 coectno
1076 1711 1146 1754 snm
1166 1694 1225 1754 sed

176 1777 315 1840 iiitredeo
336 1775 380 1837 od
398 1777 599 1854 propositum,
617 1769 741 1854 ἄφοδον,
778 1773 927 1849 Quaedam
942 1774 1097 1835 uerborum
1113 1775 1224 1855 figurae

220 1859 338 1938 paulurn
359 1857 459 1936 figuris
483 1860 687 1920 sententiarum
707 1859 903 1936 declinantur,
922 1868 953 1919 ut
967 1859 1116 1920 dubitatio.
1153 1859 1225 1921 Nam

223 1962 286 2004 oum
304 1952 349 2003 est
364 1944 392 2002 in
408 1961 456 2019 re,
478 1944 568 2023 priori
583 1946 658 2023 parti
672 1944 844 2022 assignanda
859 1953 917 2012 est;
935 1945 1039 2004 cumin
1053 1943 1158 2021 verbo,
1177 1963 1224 2004 se·

222 2029 336 2112 quenti.
366 2025 439 2091 Siac
459 2048 506 2091 me
526 2030 672 2091 maiitiam
696 2031 761 2091 cicc
787 2030 942 2091 stultitiam
964 2029 1069 2089 dicere
1096 2036 1225 2107 oportet.

178 2115 294 2180 891tcm
317 2115 509 2174 correctionis
531 2113 632 2174 eadem
654 2115 728 2174 ratio
752 2121 806 2172 est.
843 2110 915 2173 Nam
931 2111 1009 2191 quod
1026 2111 1086 2172 illic
1101 2111 1223 2187 dubitat,

221 2201 268 2261 hic
289 2199 431 2260 emendat.
476 2197 570 2259 Etiam
589 2199 618 2258 in
646 2214 791 2276 personae
812 2196 929 2256 fictione
951 2197 1086 2256 accidere
1110 2197 1225 2275 quidam

221 2285 297 2344 idern
312 2290 495 2363 putauerunt,
511 2293 542 2344 ut
555 2284 584 2342 in
599 2281 698 2342 verbis
717 2289 796 2341 esset
813 2281 886 2340 haec
902 2280 1008 2358 figura:
1026 2277 1229 2342 Crndciitotis

221 2375 319 2431 motor
341 2376 384 2430 eat
406 2368 559 2436 avaritia,-
588 2375 617 2427 et
643 2365 720 2446 apud
740 2364 925 2427 Menandrum
956 2363 1093 2442 Oedipus
1117 2362 1225 2426 Tirin-

220 2455 293 2513 oins.
327 2450 408 2512 Haeo
421 2453 515 2512 omnia
533 2452 682 2529 copiosius
706 2459 771 2509 sunt
787 2451 912 2522 executi,
929 2449 1050 2527 quinon
1066 2456 1098 2507 ut
1112 2457 1227 2526 partem

222 2537 321 2615 operis
336 2543 568 2596 transcurrerunt
583 2534 635 2594 sed
650 2535 770 2613 proprie
786 2532 876 2592 libros
888 2532 955 2591 huic
972 2532 1055 2610 operi
1070 2531 1227 2592 dedicave-

220 2628 296 2696 runt,
309 2619 383 2679 sicut
396 2617 553 2694 Caecilius,
564 2616 732 2694 Dionysius,
746 2616 881 2693 Rutilius,
894 2614 1077 2691 Cornificius,
1084 2615 1228 2675 Visellius

221 2704 330 2782 aliique
353 2720 412 2762 non
432 2704 533 2780 pauci;
557 2702 609 2761 sed
633 2718 691 2761 non
711 2702 803 2760 minor
825 2702 880 2760 erit
905 2717 1022 2774 eorum,
1045 2701 1093 2777 qui
1114 2701 1225 2775 vivunt,

179 2787 323 2865 togloria.
359 2785 397 2847 Ut
420 2786 516 2847 fateor
536 2794 647 2860 autem,
674 2785 830 2845 verborum
860 2801 977 2862 quoque
1003 2784 1110 2860 figuras
1134 2800 1226 2862 posse

221 2872 323 2951 plures
338 2871 462 2948 reperiri
480 2887 496 2929 a
517 2869 702 2948 quibusdam:
719 2871 757 2929 ita
771 2871 817 2943 iis,
834 2887 908 2947 quae
925 2867 960 2928 ab
980 2866 1147 2927 auctoribus
1166 2866 1224 2927 ola·

221 2957 261 3015 ris
288 2953 437 3019 traduntur
464 2954 619 3029 meliores,
647 2971 704 3013 non
730 2954 884 3014 assentior.
922 2950 993 3012 Nam
1014 2953 1042 3010 in
1063 2951 1163 3029 primis
1185 2949 1224 3010 M.

222 3039 333 3099 Tullius
348 3037 452 3099 multas
468 3037 598 3098 intentio
614 3037 651 3097 de
670 3047 787 3098 oratore
805 3037 879 3096 libro
893 3038 1001 3115 posuit,
1019 3051 1090 3113 quas
1110 3037 1139 3095 ia
1154 3033 1225 3094 Ora·

222 3133 287 3184 tore
304 3132 409 3201 postea
431 3122 541 3200 scripto
561 3123 736 3182 transeundo
753 3120 868 3180 videtur
887 3123 951 3198 ipse
969 3119 1136 3188 damnasse;
1156 3136 1225 3197 qua·

221 3225 284 3266 rum
300 3225 369 3285 pars
384 3215 448 3282 est,
465 3223 540 3284 quae
556 3207 762 3266 sententiarum
781 3207 876 3284 potius
896 3221 980 3283 quarn
995 3201 1153 3262 verborum
1170 3203 1225 3262 sit:

221 3299 253 3350 ut
267 3291 433 3366 imminutio,
452 3290 648 3369 improvisum,
665 3291 772 3367 imago,
789 3288 914 3366 sibiipsi
931 3288 1097 3365 responsio,
1113 3286 1226 3364 digres-

221 3374 284 3448 sio,
310 3376 480 3452 permissio,
513 3375 702 3448 oontrarium,
730 3373 809 3451 (hoc
831 3375 905 3432 enim
919 3381 1006 3451 puto,
1030 3370 1108 3449 quod
1123 3371 1228 3430 dicitur

181 3465 214 3520 91
223 3452 410 3538 ἐναντιότης)
434 3466 545 3537 sumpta
567 3475 604 3516 ex
620 3456 746 3517 adverso
762 3456 905 3535 probatio.
945 3455 1094 3529 Quaedam
1111 3455 1227 3514 omnino
