2566 4026
404 149 850 218 rnen.onnnon.n1n.11,15.
1091 134 1131 199 89

111 312 202 374 l’olns
217 307 347 371 iuuenili
364 305 465 367 calore
480 306 738 383 inconsideratior,
760 316 861 367 contra
875 324 961 385 quem
976 306 1027 366 illa
1041 306 1078 366 de
1093 307 1130 366 sl·

112 395 247 457 mulacro
267 403 302 454 et
316 390 485 452 adulatione
501 391 643 452 dicuntur.
677 390 749 450 'lum
764 388 903 452 Callicles
920 392 1014 452 adhuc
1034 393 1131 451 conoi-

113 482 214 556 tatior,
234 481 287 558 qni
300 487 399 538 tannen
413 475 450 535 ad
465 474 540 535 hanc
554 476 722 555 perducitur
738 474 912 552 clausulam,
929 470 981 536 τὸν
991 473 1133 553 μέλλοντα

114 557 219 644 iocor
231 551 395 643 ῥητορικὸν
407 557 536 635 ἔσεσθαι,
549 560 667 620 δίκαιον
676 553 735 639 ἄρα
746 560 793 618 δεῖ
803 553 879 619 εἶναι
891 558 941 618 καὶ
953 553 1132 638 ἐπιστήμονα

114 653 173 709 noio
189 645 340 718 δικαίωνς
361 653 393 702 ut
407 652 561 722 appareat,
586 643 698 703 Platoni
713 661 771 703 non
786 644 953 703 rhetoricen
966 643 1059 703 videri
1073 663 1131 704 ma·

116 733 174 793 luna
195 731 255 791 sed
273 747 340 790 eam
354 737 453 788 veram
468 729 522 787 nisi
537 729 613 787 iusto
635 746 669 788 ac
683 727 760 787 bono
777 745 834 787 non
855 729 1034 804 contingere.
1073 726 1175 788 ild-29

114 817 172 877 huc
188 824 295 875 autem
309 816 338 872 in
353 810 485 871 Phaedro
499 813 678 872 manifestius
697 812 782 886 iacit,
805 812 878 872 hano
894 820 984 871 artem
1000 829 1131 870 eonsum-

114 902 188 960 mari
207 901 286 958 citra
301 896 429 956 iustitiae
444 912 562 974 qnoque
576 897 726 956 scientiam
740 912 798 955 non
812 913 917 974 posse;
942 897 988 955 cui
1003 896 1132 974 opinioni

115 1001 170 1044 nos
197 998 324 1062 quoque
346 979 520 1040 accedimus.
558 979 605 1038 An
625 979 711 1040 aliter
732 980 931 1040 defensionem
951 981 1081 1039 Socratis
1104 989 1132 1038 et

116 1085 242 1143 eorum,
267 1066 317 1144 qni
331 1081 386 1143 pro
402 1067 496 1142 patria
512 1065 696 1140 ceciderant,
718 1062 832 1124 laudem
847 1066 1030 1142 scripsisset;
1057 1081 1132 1141 quae

117 1161 202 1213 certe
227 1159 296 1210 eunt
322 1150 446 1207 oratoris
472 1145 584 1226 opera?
632 1149 691 1209 Sed
713 1151 742 1208 in
769 1148 839 1208 illud
864 1148 1007 1207 hominum
1027 1159 1175 1224 genus,3o

116 1235 201 1315 quod
217 1233 363 1294 facilitate
385 1232 499 1292 dicendi
515 1233 591 1292 male
606 1232 755 1308 utebatur,
778 1234 909 1292 invectus
931 1240 985 1291 est.
1016 1231 1088 1291 Nam
1104 1240 1132 1290 et

117 1323 267 1382 Socrates
280 1317 463 1379 inhonestam
478 1317 533 1376 sibi
550 1317 672 1378 credidit
689 1319 863 1393 orationem,
888 1334 973 1395 quam
988 1318 1015 1375 ei
1030 1314 1131 1391 Lysias

117 1423 170 1466 reo
186 1409 412 1480 composuerat;
433 1408 463 1460 et
478 1410 536 1460 tum
550 1403 672 1461 maxime
688 1401 818 1462 scribere
834 1400 1038 1478 litigatoribus,
1057 1418 1132 1478 quae

118 1490 160 1550 illi
176 1506 236 1567 pro
254 1505 288 1546 se
303 1487 359 1564 ipsi
373 1484 521 1560 dicerent,
544 1494 607 1546 erat
620 1487 725 1562 moris,
748 1495 834 1565 atque
851 1488 890 1546 ita
905 1487 975 1562 iuri,
1000 1503 1057 1564 quo
1075 1502 1132 1544 non

118 1572 233 1635 licebat
250 1587 307 1650 pro
322 1569 416 1630 altero
433 1587 540 1647 agere,
563 1570 643 1630 fraus
663 1570 862 1631 adhibebatur.
897 1571 1044 1630 Doctores
1061 1576 1172 1648 quo-31

119 1676 178 1738 qne
191 1658 259 1716 eius
271 1656 341 1714 artis
356 1672 457 1733 parum
472 1655 570 1714 idonei
582 1654 693 1714 Platoni
707 1655 888 1730 videbantur,
905 1655 953 1734 qui
965 1654 1133 1715 rhetoricen

120 1740 266 1803 ainetitia
288 1747 460 1816 separarent
484 1747 512 1797 ct
532 1741 611 1798 veris
634 1739 783 1799 credibilia
804 1740 1001 1817 praelerrent;
1022 1756 1086 1798 nam
1104 1740 1133 1800 ld

120 1842 246 1906 quoqne
268 1824 339 1883 dicit
358 1823 387 1881 in
408 1820 550 1882 Phaedro.
590 1821 783 1883 Consensisse
806 1824 978 1883 autemillis
1000 1825 1173 1900 superio-32

120 1910 202 1970 ribus
224 1908 321 1968 videri
335 1914 434 1984 potest
452 1907 538 1966 etiam
560 1904 763 1966 Cornelius
785 1906 934 1982 Celsus,
961 1909 1042 1966 ouius
1059 1906 1132 1966 haec

120 1993 214 2054 rerba
231 2000 314 2051 sunt:
343 1987 458 2050 Orator·
471 1991 570 2052 simile
584 1997 702 2052 tontum
715 1993 783 2052 neri
796 1994 882 2071 petit.
914 1990 1028 2049 Deinde
1043 1989 1131 2069 paulo

120 2085 207 2157 post:
233 2072 303 2136 Noa
325 2075 406 2136 enim
429 2073 510 2134 botta
533 2076 721 2136 conscicntia
746 2078 804 2137 sed
826 2077 957 2137 victorio
985 2075 1133 2154 litipaatic

121 2170 168 2224 est
179 2160 368 2239 praeculum.
403 2157 484 2230 Quae
506 2159 531 2216 si
552 2176 622 2218 vera
640 2166 756 2234 essent,
777 2161 968 2238 pessimorum
988 2159 1132 2219 hominum

122 2245 213 2319 loret,
230 2242 305 2303 haec
321 2251 377 2301 tarn
390 2242 556 2320 perniciosa
571 2244 783 2303 nocentissimis
798 2243 925 2305 monibus
941 2244 1011 2304 dare
1027 2246 1131 2304 instru-

122 2337 221 2388 menta
239 2337 268 2388 et
289 2327 447 2406 nequitiam
467 2329 633 2405 praeceptis
659 2329 805 2388 adiuvare.
848 2328 907 2388 Sed
928 2327 971 2386 illi
991 2331 1133 2387 rationem

124 2413 272 2493 opinionis
287 2428 358 2470 suae
372 2411 506 2470 viderint.

211 2495 274 2555 Nos
290 2503 386 2554 autem
406 2495 533 2572 ingressi
548 2494 673 2554 formare
689 2495 852 2572 perfectum
868 2502 1014 2553 oratorem
1049 2503 1173 2571 quem33

123 2580 275 2660 inprimis
298 2596 367 2638 esse
388 2580 480 2638 virum
495 2577 601 2638 bonum
622 2579 771 2654 volumus,
800 2580 834 2638 ad
856 2594 926 2653 eos,
954 2577 1002 2655 qui
1024 2537 1060 2635 le
1076 2576 1133 2635 hoc

125 2682 220 2744 opere
240 2661 346 2722 melius
369 2665 512 2738 sentiunt,
537 2671 726 2722 revertamur.
761 2662 940 2723 Rhetoricen
962 2668 1056 2721 autem
1072 2661 1132 2737 qui·

125 2750 190 2811 darn
207 2747 329 2809 eandem
344 2748 519 2808 civilitatem
538 2765 606 2806 esse
627 2747 838 2817 iudicaverunt;
863 2744 968 2807 Cicero
985 2746 1134 2807 scientiae
1242 2796 1245 2800 .

127 2835 227 2895 cicilio
246 2839 370 2910 partem
389 2839 492 2906 vocat,
517 2831 611 2891 civilis
632 2840 726 2891 autern
749 2833 870 2893 scientia
890 2833 968 2892 idern
987 2828 1066 2910 quod
1087 2847 1132 2888 sa·

126 2919 236 2997 pientia
258 2924 318 2979 eet;
340 2916 455 2992 quidam
476 2916 596 2976 eandem
611 2915 841 2995 philosophiam,
867 2934 988 2996 quorum
1011 2923 1056 2974 est
1071 2913 1132 2974 Iso·

127 3010 235 3063 crates.
264 2998 340 3059 lluic
357 3002 419 3059 eius
436 2998 613 3061 substantiae
628 3001 750 3060 maxime
767 3005 922 3062 conveniet
937 3002 1041 3075 linitio,
1065 3001 1172 3060 rho-34

126 3088 244 3148 tortoen
273 3101 341 3146 eone
371 3085 448 3146 bene
476 3084 603 3161 dieepdi
629 3086 798 3148 scientiam.
841 3085 913 3146 Nam
940 3095 969 3145 et
994 3085 1132 3144 orationis

128 3188 227 3229 omnes
242 3169 365 3228 virtutes
388 3165 481 3228 semel
503 3168 707 3246 complectitur
728 3179 758 3230 et
778 3172 909 3248 protinus
928 3187 1026 3230 mores
1048 3172 1132 3229 etiam

128 3255 270 3328 oratoris,
287 3271 351 3312 eum
367 3252 442 3312 bene
459 3251 558 3312 dicere
573 3271 630 3313 non
645 3256 740 3332 possit
753 3256 809 3313 nisi
825 3254 927 3314 bonus.
958 3253 1038 3314 Idem
1052 3253 1173 3314 valet35

128 3336 329 3415 Chrysippi
352 3337 415 3396 linis
436 3335 487 3395 ille
508 3337 611 3396 ductus
633 3336 807 3399 acleanthe
824 3338 956 3400 scientae
978 3345 1063 3399 recte
1085 3338 1133 3398 di·

129 3424 229 3486 cendi.
268 3421 347 3490 Sunt¹
359 3421 460 3502 plures
477 3421 607 3481 eiusdem
621 3422 675 3483 sed
690 3422 726 3483 ad
746 3423 818 3484 alias
838 3426 1026 3505 quaestiones
1041 3422 1133 3496 magis
