2566 4026
533 172 601 220 ura.
624 170 759 237 1‚1-—5.
1147 171 1170 220 v

112 334 143 391 Ζ.
168 335 276 406 ipsum.
297 361 343 374 -
371 347 443 404 quae
464 331 666 388 transferenda.
706 330 943 387 Bomb.c.11mb.
967 333 1010 395 1.,·
1035 329 1067 388 Z.
1085 334 1170 389 itaer.

112 434 150 474 ex
164 419 334 575 hlstlapll.
377 504 403 562 7.
423 514 505 572 quarn
524 513 626 555 mores.
660 497 707 555 Sic
725 500 805 554 ctiam
819 500 917 558 Bamb.
936 515 992 556 sec.
1006 517 1042 554 m.
1061 529 1096 538 -
1122 515 1171 555 au-

114 587 205 644 diunt
238 586 287 644 Sic
301 586 381 642 Amo.
394 588 419 640 1.
432 582 531 640 Bomb.
543 597 599 638 sec.
613 599 666 648 m.,·
688 583 720 641 Z.
733 582 890 639 audierunt.
899 613 941 624 -
962 589 989 644 8.
1006 601 1042 639 ex
1054 584 1170 641 scholis.

113 671 217 725 Bamb.
229 687 256 727 c.
276 677 342 743 opit.
356 669 458 731 eona..
475 668 507 723 Z.
521 684 536 722 e
548 666 664 725 scholis.
681 697 723 708 -
744 673 787 726 20.
800 666 969 723 firmissime.
998 668 1097 724 Bomb.
1117 669 1171 724 Tu·

115 756 166 810 ric.
180 753 298 818 Lassa.,·
326 755 358 810 Z.
371 753 558 815 firmissimae.

206 837 289 910 (lap.
309 838 356 893 lll.
386 841 412 895 1.
425 834 561 909 quidquid
573 834 642 890 illud
652 841 781 907 possunt.
802 835 849 892 Sic
859 834 975 898 Boetho
991 835 1024 890 Z.
1035 851 1086 891 orn.
1102 835 1171 892 illud

117 923 231 977 odacro.
244 921 329 980 eodo.
341 950 383 961 -
393 924 421 979 8.
433 918 623 975 retenduntur.
645 917 693 975 Sic
703 922 784 975 etium
795 919 894 976 Bomb.
906 936 951 990 pr.
961 936 998 975 m.
1010 946 1053 959 -
1068 926 1111 979 11.
1124 937 1171 976 cu·

114 1009 289 1078 jusounque.
317 1006 400 1062 Flor.
418 1004 532 1067 Loaob.‚·
552 1003 584 1058 Z.
602 1004 799 1074 cujusque.-—
825 1009 869 1063 16.
885 1005 931 1059 vel
946 1008 1170 1074 praeceptorum.

116 1089 199 1146 Amo.
213 1093 239 1144 1.
252 1088 351 1145 Bomb.
363 1087 479 1152 Lossb.;
497 1087 530 1143 Z.
543 1091 570 1143 et
581 1101 676 1157 praec.

207 1171 253 1229 Ca
259 1189 288 1244 p.
301 1173 347 1228 lV.
390 1179 417 1232 5.
436 1170 566 1227 inomni.
590 1170 666 1226 Amb.
684 1177 729 1233 I.,·
756 1171 789 1226 Ζ.
803 1187 854 1227 om.
873 1171 962 1224 in.-·
988 1174 1016 1229 8.
1031 1169 1172 1240 propriae.

118 1257 240 1320 Bomb.‚·
265 1256 297 1312 Z.
309 1256 434 1328 proprie.
445 1285 487 1296 -
509 1261 539 1311 ut
550 1253 671 1312 medius.
693 1254 793 1310 Bomb.
804 1269 860 1310 seo.
872 1271 909 1309 m.
921 1269 945 1308 c.
956 1254 1018 1309 aliis
1029 1251 1129 1314 Coela:
1138 1250 1172 1308 Z.

119 1347 147 1397 et
164 1358 260 1396 m.—
287 1345 314 1401 9.
332 1343 465 1413 opimum.
493 1337 652 1396 Sa'cBomb.
671 1368 713 1378 -
734 1339 810 1407 etQ.
829 1338 946 1399 Bomb.‚·
966 1337 997 1395 Z.
1014 1353 1058 1393 om
1075 1342 1110 1391 et.
1129 1364 1173 1378 -

119 1425 286 1497 specieque.
311 1423 358 1481 Sic
368 1424 467 1480 Bomb.
475 1440 525 1495 pr.
538 1440 573 1477 m.
591 1451 633 1464 -·
656 1423 760 1479 ultima.
784 1421 939 1478 SicBomb.
951 1438 976 1479 c.
989 1426 1054 1494 optt.
1070 1419 1172 1482 eodo:

117 1509 153 1566 Z.
168 1509 232 1581 adj.
248 1507 284 1563 X.
297 1537 339 1549 -
359 1515 403 1568 10.
414 1507 485 1563 fieri.
505 1505 552 1563 Sic
562 1507 662 1562 Bomb.
673 1522 698 1562 c.
710 1512 775 1579 optt.
788 1506 890 1569 Coeia:
911 1507 943 1562 Z.
955 1506 1014 1579 adj.
1029 1504 1104 1577 quod
1120 1519 1172 1559 ne-

120 1593 190 1665 quit.
208 1620 252 1632 -
273 1598 315 1652 11.
334 1593 490 1649 scabillum.
517 1591 617 1647 Bamb.
638 1592 746 1655 Turio.,·
766 1590 798 1645 Z.
817 1591 981 1647 scabellum.
999 1619 1041 1630 -·
1065 1589 1171 1661 pinnis.

123 1677 261 1751 Bomch.
273 1682 338 1749 optt.
355 1677 449 1738 conon
469 1675 501 1730 Ζ.
513 1676 623 1746 pennis.
636 1704 678 1715 -
700 1679 743 1734 13.
757 1674 809 1730 sed
823 1691 905 1746 quae.
932 1673 1008 1731 Amo.
1020 1672 1065 1735 I.,·
1084 1673 1117 1728 Z.
1128 1674 1171 1728 in·

121 1776 177 1817 aar.
191 1766 229 1816 ct.
242 1789 281 1800 -
304 1763 347 1819 14.
364 1762 455 1832 Atque
467 1760 539 1831 ipsa.
564 1758 611 1817 Sic
622 1763 687 1832 optt.
702 1758 801 1822 Codd.‚·
817 1759 849 1814 Z.
861 1761 944 1815 inem.
957 1759 1038 1814 haec.
1051 1787 1094 1796 -
1103 1774 1171 1828 pos·

123 1847 168 1901 sit.
194 1844 311 1907 Bomb.,·
328 1844 360 1899 Z.
376 1849 482 1916 posset.
496 1871 540 1884 -
561 1848 604 1903 16.
618 1841 739 1899 Culcidis
752 1849 779 1898 et
794 1845 939 1899 Pulixena.
968 1841 1015 1898 Sic
1031 1840 1131 1897 Bomb.
1146 1856 1171 1896 e.

123 1933 190 2000 optt.
205 1928 301 1997 eodm,
315 1929 370 1984 nisi
383 1929 455 2001 qood
470 1926 591 1984 Culcidis
607 1927 641 1983 dc
655 1929 729 2000 conj.
746 1926 879 2000 Seyfferti
896 1927 1051 1987 emendavi,-
1066 1924 1097 1980 Z.
1111 1923 1173 1981 Cul-

126 2011 223 2068 chides
242 2017 270 2065 et
283 2013 438 2083 Polyxena.
452 2041 494 2052 -
512 2016 555 2073 17.
569 2027 640 2084 quae
655 2017 761 2083 partes.
781 2011 881 2067 Bamlr.
900 2027 924 2066 c.
941 2015 1006 2083 opit.
1020 2009 1119 2073 Coela:
1139 2007 1171 2064 Z.

123 2109 209 2151 mser.
228 2095 293 2151 sint.
308 2123 352 2138 -·
374 2099 417 2156 18.
428 2096 597 2152 Aristoteles
614 2112 734 2167 quoque.
756 2094 834 2151 Amb.
847 2094 874 2150 I.
889 2094 988 2150 Bomb.
1000 2111 1049 2167 pr.
1065 2111 1119 2156 m.,·
1139 2091 1172 2149 Ζ.

122 2197 177 2236 om.
193 2195 315 2251 quoque.
327 2209 370 2219 -
393 2185 437 2239 2⁰.
451 2179 632 2240 deducerent.
662 2177 708 2235 Sic
724 2195 750 2235 c.
764 2185 829 2252 optt.
842 2179 925 2237 codo.
935 2178 1033 2236 Boron.
1053 2192 1107 2234 see.
1120 2193 1173 2240 m..-

124 2263 157 2320 Z.
170 2263 266 2320 diduo.
278 2290 322 2303 -
342 2269 372 2320 ut
382 2262 465 2320 eheu.
486 2263 584 2324 Bomb.
596 2279 621 2319 c.
633 2269 697 2336 opti.
707 2262 807 2326 eodan·
826 2264 858 2319 Z.
869 2263 935 2320 heu.
949 2291 991 2302 -
1017 2261 1172 2318 lasceafim.

127 2346 171 2404 Sic
180 2347 281 2404 Bomb.
297 2362 320 2402 e.
338 2353 398 2403 cett.
415 2347 498 2404 eodo.
510 2354 628 2420 praeter
644 2347 722 2404 Amo.
739 2347 783 2416 I.,
801 2363 839 2404 ex
856 2365 909 2421 quo
926 2347 956 2404 Z.
970 2347 1116 2404 fasciatim.
1130 2374 1173 2386 -
1243 2340 1252 2352 ‘

127 2436 170 2493 11.
186 2432 210 2488 si
229 2432 303 2504 quis.
328 2431 428 2488 Bomb.
444 2447 468 2488 c.
488 2431 572 2488 codd.
585 2447 672 2495 omn.,·
694 2431 726 2486 Z.
743 2433 777 2487 dc
792 2433 867 2503 conj.
895 2433 933 2486 At
946 2432 1001 2502 qui.
1016 2459 1059 2472 -—
1078 2431 1122 2489 17.
1136 2444 1173 2484 au

127 2517 214 2573 verbi.
238 2515 339 2572 Bomb.
351 2532 401 2588 pr.
420 2533 456 2572 m.
483 2517 605 2583 averbi,
622 2529 678 2571 sec.
696 2530 732 2569 an
749 2515 827 2570 verbi
844 2530 869 2569 c.
886 2521 946 2570 cett.
959 2515 1043 2571 Codd.
1055 2516 1174 2586 praeter

124 2600 202 2656 Amo.
217 2603 259 2668 1.,
274 2600 323 2674 qui
332 2615 369 2655 an
381 2602 467 2658 verba
478 2615 514 2656 au
525 2599 727 2672 appellationes
734 2612 743 2667 ;
755 2596 787 2652 Ζ.
799 2597 879 2652 verbi
891 2613 927 2652 an
940 2612 1053 2668 app.-
1063 2597 1173 2650 lectum.

123 2683 172 2741 Sa'e
180 2684 282 2741 Bomb.
295 2698 320 2739 e.
332 2690 397 2757 opti.
411 2683 514 2746 codas
533 2683 566 2738 Z.
578 2684 677 2739 lectus.

211 2767 293 2841 Cap.
309 2767 347 2825 V.
390 2773 417 2828 3.
436 2767 552 2840 aliquid.
572 2768 605 2824 Ζ.
625 2765 748 2839 aliquod.
766 2795 808 2808 -
834 2770 861 2826 8.
879 2764 991 2822 Cantus.
1015 2761 1063 2818 Sic
1078 2762 1174 2826 codd.,·

122 2851 156 2909 Ζ.
169 2852 300 2908 canthus.
310 2883 354 2896 -
368 2866 469 2908 casnar
481 2857 643 2908 assectator.
670 2850 755 2908 Oodd.
765 2851 872 2908 casami
884 2851 926 2907 oet
936 2863 1048 2905 casamo
1061 2846 1174 2905 affecta-

123 2942 177 2991 tor.
188 2965 232 2976 -
255 2935 387 2992 irrideus.
410 2934 457 2993 Sic
465 2935 565 2992 Bamb.
576 2949 746 3009 quoquesec.
758 2952 796 2992 m.
807 2964 850 2978 ·-
868 2939 911 2995 12.
925 2932 1024 3005 Tinga.
1035 2931 1135 2988 Bomb.
1147 2946 1173 2986 e.

123 3025 189 3092 opu.
208 3019 312 3084 Codd.;
326 3018 360 3076 Ζ.
376 3019 472 3076 Tinea.
490 3047 528 3060 -
552 3026 748 3092 praeponeret.
776 3014 876 3076 aaran.
895 3033 921 3074 c.
939 3023 1004 3091 optt.
1023 3015 1119 3078 codes
1140 3015 1173 3072 Z.

123 3103 186 3176 adj.
204 3118 230 3158 e.
242 3133 287 3145 -
309 3104 439 3160 Mettioeo
453 3103 619 3162 Fufettioeo.
645 3103 693 3162 Sic
706 3103 837 3177 Meyeros
856 3117 893 3160 ecc
909 3102 1031 3159 codicum
1051 3101 1174 3173 vestique

122 3187 221 3260 quintas
231 3186 490 3245 assentiturBomb.
505 3216 542 3229 -
561 3192 602 3248 13.
614 3187 837 3246 Trasumennum
847 3187 1106 3259 proTarsumenno.
1128 3182 1174 3240 Sic

121 3271 223 3329 Bomb.
238 3271 305 3345 fere
322 3273 491 3328 consentiens
509 3286 534 3328 e.
553 3276 618 3344 optt.
634 3272 734 3334 eodd.,·
753 3272 785 3329 Z.
802 3271 995 3329 Trasimenum
1012 3288 1065 3344 pro
1081 3267 1175 3326 Tarsi·

122 3372 217 3414 meno.
229 3382 276 3397 ···-
286 3355 446 3428 analogian.
468 3354 516 3415 Sic
523 3355 640 3419 Bamb.,·
654 3357 686 3412 Z.
700 3357 917 3428 analogiam-
930 3361 973 3416 16.
988 3355 1174 3426 adjectionem

120 3440 256 3499 iubeant.
280 3437 328 3497 Sis
338 3439 438 3496 Bomb.
450 3455 476 3496 c.
487 3445 547 3497 cett.
562 3440 656 3504 codd.,·
671 3440 703 3497 Ζ.
719 3442 802 3498 siner.
814 3456 881 3499 non.
896 3471 939 3481 -
962 3446 1005 3500 18.
1020 3437 1172 3495 Phaethon.
