2566 4026
389 191 478 239 susm
491 190 807 258 osdroenorum,
819 187 846 242 4.
1072 183 1113 243 ott

115 347 220 407 rictam
239 344 440 404 continentiam
457 343 637 420 ostenderet,
656 362 731 422 qnae
743 346 889 424 corrumpi
904 347 1114 425 speciosissimi

114 430 235 489 hominis
262 438 319 488 tam
341 427 426 487 obbia
451 428 599 488 voluntate
626 445 684 487 non
708 437 819 506 posset.
854 428 929 502 Quin
950 448 988 490 ex
1008 433 1156 498 instro-24

114 522 210 572 mento
229 530 346 590 quoque
368 511 489 572 heroum
508 511 624 572 illorum
645 512 809 590 magnitudo
833 514 1010 574 aestimanda
1028 516 1112 575 uobis

115 598 206 658 datur.
244 596 306 656 lluc
322 596 448 674 pertinet
472 595 584 674 clipeus
600 595 698 655 Aiacis
720 605 750 656 et
764 595 861 656 Pelias
876 595 1010 657 Achillis.
1049 598 1113 672 Qua

114 681 219 739 virtute
242 681 362 757 egregie
387 688 431 738 est
451 696 520 738 usus
542 679 571 737 in
593 676 725 757 Cyclope
746 678 904 757 Vergilius.
944 679 1016 742 Nam
1036 682 1114 760 quod

114 763 185 824 illud
201 780 307 843 corpus
325 771 420 822 mente
439 763 609 841 concipiam,
626 763 707 822 cuius

344 845 468 908 Trunca
482 864 605 907 martam
620 847 715 926 pinus
731 848 833 925 repit?
848 877 890 895 -·

116 928 211 1003 Quid?
234 948 298 989 cunr
317 931 374 991 cic
386 931 515 992 loricam
535 931 596 991 dac
618 931 813 1009 multiplicem
836 932 960 992 cooaiai
980 933 1156 996 tamenim

112 1015 229 1094 ferant,
246 1023 368 1091 quatuos
383 1012 553 1089 Demoleos,
570 1014 619 1091 qui
632 1014 746 1073 indutus
763 1031 798 1073 ea

318 1131 357 1142 -
382 1116 476 1159 cursa
490 1098 633 1175 palantes
650 1095 747 1158 Troos
769 1097 905 1176 caedat?

116 1178 213 1254 Quid?
237 1179 275 1241 bl.
294 1180 405 1241 Tullius
428 1181 464 1241 de
478 1178 517 1240 bl.
534 1180 650 1240 Antonii
672 1180 784 1240 luxuria
805 1189 912 1240 tautum
928 1180 1038 1258 lingere
1057 1181 1115 1242 sal·

116 1273 173 1323 tem
188 1265 348 1343 potuisset,
375 1273 509 1342 quantum
525 1263 650 1324 ostendit
671 1265 813 1341 dicendo,
835 1261 1041 1344 Coocbpliatia
1060 1261 1115 1327 Cn,

115 1345 250 1428 Pompeii
269 1349 493 1427 peristromatis
505 1366 663 1410 amborum
681 1349 714 1410 ire
730 1349 815 1410 cellia
830 1355 945 1410 stratos
965 1349 1059 1409 lecton
1071 1349 1116 1410 oi·

117 1430 231 1493 aleres?
268 1429 457 1507 Conchyliata
490 1431 692 1509 peristromata
722 1440 752 1493 et
784 1429 836 1492 Gn.
865 1432 994 1510 Pompeii
1020 1440 1116 1493 terunt

116 1517 239 1575 serviet
257 1515 357 1575 cellis:
378 1515 449 1575 nihil
470 1515 528 1575 dici
544 1524 642 1593 potest
657 1515 747 1591 ultra,
770 1524 941 1576 etnecesse
958 1523 1116 1576 esttamen

117 1599 224 1658 inlinito
240 1599 306 1677 plus
322 1601 350 1658 in
371 1599 485 1659 domiuo
504 1600 644 1677 cogitare.
688 1597 743 1659 Est
764 1599 821 1659 boc
841 1599 935 1659 simile
955 1599 1015 1675 illi,
1038 1599 1158 1678 quodid

117 1680 242 1760 ἔμφασις
263 1682 379 1751 dicitur;
402 1683 455 1742 sed
476 1682 526 1742 illa
549 1700 586 1742 ex
605 1682 696 1743 verbo
723 1682 781 1743 boc
807 1701 845 1743 ex
866 1701 900 1743 re
920 1684 1117 1745 coniecturam

118 1765 187 1825 iacit
203 1776 341 1844 tantoque
357 1766 422 1844 plus
435 1766 530 1842 valet,
554 1776 660 1844 quanto
676 1785 724 1827 res
741 1768 805 1846 ipsa
819 1765 918 1827 verbis
934 1776 980 1827 est
997 1767 1115 1828 drmior.

200 1849 301 1910 Potest
321 1850 427 1910 ascribi
450 1850 663 1929 amplificationi
685 1852 885 1929 congeries
908 1867 1025 1931 quoque
1050 1870 1115 1913 ver·

116 1931 218 1992 borum
241 1952 276 1994 ac
295 1935 501 1993 sententiarum
526 1934 601 1994 idem
622 1934 852 2012 significantium.
898 1933 981 2010 Nam,
1005 1936 1117 1995 etiamsi

117 2034 174 2075 non
189 2035 242 2095 per
256 2016 363 2095 gradus
381 2017 553 2094 ascendant,
575 2027 671 2078 tamen
684 2019 766 2080 velut
781 2034 888 2080 acervo
905 2018 1029 2097 quodam
1045 2019 1116 2079 alle·

117 2108 234 2161 vantur:
267 2098 349 2174 Quia
369 2103 448 2164 enim
472 2109 542 2163 tarta
555 2102 623 2178 ille,
649 2101 785 2181 Tubero,
810 2104 976 2165 destrictae
997 2105 1030 2164 im
1048 2105 1160 2166 anteat

117 2181 301 2247 Pharsalica
313 2185 439 2264 alodius
449 2185 583 2263 caedat?
601 2186 688 2247 cotias
698 2187 780 2247 lotas
792 2187 845 2248 ille
855 2204 961 2248 macro
975 2187 1117 2264 petebat?

118 2268 170 2345 qai
184 2287 292 2329 semaa
309 2277 376 2330 erat
392 2287 548 2330 armorum
566 2271 705 2330 tuorem?
722 2285 802 2347 qaae
818 2276 872 2330 taa
886 2272 994 2332 meas?
1013 2271 1117 2331 oculi?

116 2354 249 2413 manua?
270 2354 369 2414 ardor
389 2353 506 2412 animi?
528 2351 604 2429 qaid
618 2352 784 2430 capiebas?
803 2351 880 2430 qaid
895 2353 1046 2429 optabas?
1073 2353 1117 2413 Si·

116 2434 184 2495 mile
206 2445 251 2495 est
271 2435 327 2496 boc
342 2436 468 2511 figurae,
491 2453 574 2514 quam
596 2425 819 2516 συναθροισμὸν
838 2443 959 2503 vocaot;
983 2436 1036 2496 sed
1056 2436 1118 2497 illic

118 2518 242 2596 plurium
262 2537 357 2578 rerum
382 2528 428 2578 est
449 2519 622 2597 congeries,
639 2518 686 2578 bic
701 2518 1005 2597 uniusmnltiplicatio.
1036 2518 1118 2580 Haec

118 2603 201 2662 etlam
218 2620 354 2662 crescere
366 2603 443 2662 solet
458 2603 555 2663 verbis
574 2601 704 2663 omuibus
718 2603 804 2664 altius
816 2612 903 2681 atque
919 2601 1004 2664 altius
1025 2604 1117 2663 insur-

117 2686 250 2764 gentibus
262 2708 269 2746 :
281 2683 401 2748 Aderat
411 2688 525 2749 ianitor
541 2688 693 2764 carceris,
706 2689 851 2767 carnifenr
857 2688 1025 2767 praetoria,
1036 2706 1119 2749 mora

117 2778 277 2848 terrorque
292 2773 446 2832 sociorum
466 2781 495 2833 et
509 2773 618 2833 eiciam
637 2770 859 2848 Romanorum,
876 2772 966 2834 lictor
982 2770 1117 2837 Sestias.

203 2852 313 2914 Eadem
339 2854 402 2914 iere
432 2863 477 2914 est
506 2856 579 2915 ratio
610 2856 764 2916 minuendi.
810 2854 882 2915 Nam
911 2856 1030 2922 totidem
1054 2863 1162 2920 suntme

118 2937 341 2997 ascendentibus
372 2947 441 3016 quot
468 2937 711 2999 descendentibus
736 2940 854 3017 gradus.
904 2937 1033 3018 Ideoque
1059 2955 1117 2998 nuo

119 3037 171 3080 ero
196 3021 332 3100 exemplo
353 3030 505 3081 contentus
528 3023 590 3083 eius
612 3022 686 3099 loci,
717 3039 774 3102 quo
798 3020 904 3083 Cicero
928 3023 1119 3083 densatione

117 3103 195 3164 Rulli
210 3103 284 3165 haec
300 3104 383 3165 dicit:
406 3103 504 3167 Pacci
516 3113 633 3184 tameo,
652 3108 704 3185 qut
714 3107 851 3186 promimi
867 3107 1043 3184 aetilmant,
1063 3125 1118 3168 ae-

117 3189 182 3250 acio
205 3188 280 3266 qaid
304 3191 389 3250 illem
407 3190 446 3249 de
470 3193 537 3268 lepe
559 3193 692 3268 apraria
709 3192 825 3252 calciae
850 3192 955 3252 dicere
976 3191 1119 3272 suspica·

117 3272 239 3336 bantur.
280 3271 365 3345 Quod
388 3273 412 3331 si
433 3272 468 3332 ad
485 3274 663 3334 intellectum
678 3275 807 3351 referas,
829 3275 946 3334 minutio
963 3284 1022 3345 est;
1044 3276 1069 3334 si
1084 3274 1120 3336 ad

119 3354 336 3432 maturitatem,
353 3357 569 3417 incrementum.

205 3439 274 3500 Scio
304 3456 394 3518 posse
416 3441 508 3501 videri
535 3441 703 3519 quibusdam
728 3441 859 3520 speciem
889 3443 1165 3521 amplificationisbo
