2566 4026
375 196 464 244 rusu.
479 195 709 244 ornumornum.
723 198 755 262 x,
770 196 794 247 1.
1019 183 1076 247 153

159 350 327 411 Historia
349 369 465 429 quoque
487 350 567 411 alere
587 360 732 411 oratorem
747 354 870 429 quodam
885 351 967 411 uberi
980 351 1118 422 iucundi

75 436 171 514 doque
184 453 255 495 suco
267 444 379 515 potest;
396 453 496 494 verum
513 437 616 515 etipsa
628 437 670 495 sic
686 445 730 495 est
743 437 877 513 legenda,
895 445 925 495 ut
940 436 1076 515 sciamus,

74 521 230 597 plerasque
247 523 308 579 eius
326 521 446 579 virtutes
464 522 572 579 oratori
595 538 663 579 esse
677 521 816 581 vitandas.
852 520 905 580 Est
921 520 995 579 enim
1010 538 1078 598 pro·

73 606 149 662 xima
168 605 263 680 poetis
281 613 310 663 et
325 604 535 684 quodammodo
555 622 670 664 carmen
685 605 824 681 solutum,
845 614 874 664 et
891 605 1079 666 scribiturad

73 687 244 746 narrandum
260 706 317 747 non
336 688 371 747 ed
387 688 578 766 probandum;
602 698 750 766 totumque
772 706 845 767 opus
859 705 916 747 non
931 688 966 747 nd
984 697 1079 748 actum

75 774 116 831 rei
132 790 314 849 pugnamque
331 781 514 850 praesentem
538 773 590 831 sed
616 773 651 832 ad
675 775 841 832 memoriam
857 773 1034 852 posteritatis
1051 781 1081 832 et
1124 842 1130 854 .

74 857 181 931 ingenii
203 856 307 915 famam
329 857 525 933 componitur;
552 856 679 934 ideoque
704 865 733 916 et
753 857 850 917 verbis
874 855 1079 916 remotioribus

75 949 104 998 et
119 939 303 998 liberioribus
315 939 414 1017 figuris
427 940 560 999 narrandi
572 941 695 1000 taedium
712 942 808 1000 evitat.
839 940 951 1018 Itaque,
968 948 999 998 ut
1010 940 1078 1016 dixi,
1087 948 1123 1003 32

74 1041 169 1100 neque
185 1022 234 1082 illa
250 1023 424 1084 Sallustiana
439 1023 585 1098 brevitas,
609 1042 665 1103 qua
688 1024 758 1084 nihil
779 1024 855 1103 apud
872 1042 957 1084 aures
973 1041 1080 1083 vacuas

74 1116 161 1185 atque
178 1107 303 1168 eruditas
321 1116 421 1185 potest
440 1126 507 1167 esse
524 1109 694 1185 perfectius,
713 1108 789 1186 apud
805 1116 977 1186 occupatum
991 1109 1079 1167 variis

76 1190 300 1267 cogitationibus
318 1191 442 1250 iudicem
459 1201 488 1251 et
504 1192 620 1268 saepius
641 1191 812 1252 ineruditum
835 1190 975 1269 captanda
995 1190 1079 1253 uobis

75 1283 134 1342 est;
156 1293 252 1352 neque
277 1275 326 1334 ille
347 1273 418 1334 Livii
439 1275 534 1334 lactea
558 1274 675 1333 ubertas
692 1276 762 1334 setis
787 1275 904 1336 docebit
925 1292 1007 1349 eum,
1032 1274 1080 1353 qui

74 1375 132 1417 non
148 1361 277 1437 speeiem
294 1359 485 1436 expositionis
507 1359 559 1417 sed
577 1359 662 1417 iidem
678 1360 799 1437 quaerit.
837 1358 921 1418 Adde
944 1356 1021 1435 quod
1041 1355 1123 1420 M-33

75 1441 186 1501 Tullius
203 1461 239 1501 ne
256 1441 454 1516 Thucydidem
475 1442 589 1518 quidem
611 1450 658 1500 aut
676 1440 899 1520 Xenophontem
914 1441 1000 1501 utiles
1016 1457 1079 1500 ora·

75 1527 131 1585 tori
152 1534 242 1604 putat,
261 1543 421 1603 quanquam
437 1525 516 1583 illum
531 1525 672 1586 bellicum
693 1543 824 1601 cornere,
841 1525 923 1584 huius
941 1541 993 1583 ore
1011 1523 1080 1584 Mo-

75 1628 128 1670 sae
140 1629 206 1670 erse
223 1611 340 1670 locustas
356 1609 509 1668 existimet.
547 1607 629 1668 Licet
643 1618 738 1668 tamen
753 1607 837 1668 uobis
853 1610 881 1667 in
893 1608 1080 1685 digressioni-

75 1692 128 1751 bus
151 1695 192 1751 uti
216 1693 265 1752 vel
287 1692 428 1752 historico
452 1708 652 1771 nonnunquam
673 1693 783 1767 nitore,
815 1692 880 1753 dum
903 1693 931 1750 in
952 1691 1012 1767 his,
1043 1692 1081 1751 de

76 1776 178 1853 quibus
200 1779 253 1836 erit
274 1777 417 1854 quaestio,
434 1778 655 1852 meminerimus,
674 1794 731 1835 non
746 1776 917 1837 athletarum
928 1784 1010 1834 toros
1027 1775 1080 1834 sed

75 1860 193 1919 militurn
209 1860 336 1920 lacertos
351 1878 432 1929 esse;
451 1879 506 1920 nec
517 1859 728 1920 versicolorem
742 1861 832 1936 illam,
850 1857 1080 1939 quaDemetrius

76 1943 233 2002 Phalereus
251 1943 400 2003 dicebatur
415 1947 470 2020 uti,
493 1954 605 2005 vestem
620 1943 695 2004 bene
712 1943 747 2003 ad
765 1945 911 2004 ioreusem
931 1942 1081 2020 pulverem

75 2027 185 2086 facere.
220 2026 273 2086 Est
287 2036 315 2086 et
331 2027 404 2086 alius
420 2045 458 2086 ex
471 2027 598 2087 historiis
620 2047 689 2087 usus
712 2037 741 2086 et
762 2029 786 2087 is
810 2028 925 2107 quidem
942 2028 1123 2091 maximussa

77 2110 129 2169 sed
145 2127 203 2168 non
218 2111 253 2169 nd
269 2120 454 2189 praesentem
465 2114 613 2189 pertinens
633 2111 738 2185 locum,
754 2129 791 2171 ex
804 2111 970 2188 cognitione
985 2127 1082 2170 rerum

77 2194 344 2271 exemplorumque,
362 2193 465 2272 quibus
477 2196 605 2273 inprimis
618 2195 773 2252 instructus
786 2212 854 2253 esse
867 2191 955 2253 debet
970 2201 1080 2265 orator,

77 2295 113 2336 ne
130 2279 223 2336 omnia
240 2279 403 2336 testimonia
425 2286 564 2355 expectet
582 2295 598 2336 a
615 2277 777 2354 litigatore;
801 2277 853 2336 sed
879 2276 1020 2353 pleraque
1044 2292 1081 2332 ex

75 2370 220 2420 vetustate
239 2361 395 2437 diligenter
409 2361 464 2419 sibi
481 2361 595 2436 cognita
613 2367 714 2434 sumat,
734 2358 792 2418 hoc
810 2359 984 2438 potentiora,
1002 2355 1081 2436 quod

77 2463 112 2504 ea
127 2445 191 2504 sola
208 2443 371 2504 criminibus
388 2442 445 2502 odii
464 2452 492 2502 et
507 2445 618 2520 gratiae
636 2452 748 2502 vacant.

161 2528 187 2587 Α
212 2527 521 2606 philosophorum
550 2543 622 2586 vero
648 2527 777 2586 lectione
803 2534 834 2584 ut
866 2533 965 2584 essent
994 2522 1125 2592 multa35

77 2611 159 2671 nobis
184 2612 326 2690 petenda,
349 2613 419 2671 vitio
441 2611 548 2671 iactum
570 2619 615 2671 est
639 2619 801 2685 oratorum,
825 2610 873 2688 qui
894 2608 1009 2689 quidem
1022 2606 1081 2666 illis

77 2697 185 2774 optima
201 2696 244 2754 sui
262 2697 360 2774 operis
377 2705 459 2774 parte
476 2703 636 2754 cesserunt.
675 2693 747 2754 Nam
770 2694 850 2753 etde
868 2693 966 2767 iustis,
992 2692 1080 2752 houe-

77 2781 140 2854 stis,
153 2778 281 2854 utilibus,
299 2780 391 2857 iisque
408 2797 482 2858 quae
498 2779 554 2838 sint
571 2780 633 2838 istis
650 2780 808 2853 contraria,
832 2786 861 2836 et
882 2778 918 2837 de
937 2774 1025 2835 rebus
1042 2774 1082 2832 di·

77 2864 149 2921 vinis
167 2864 289 2921 maxime
305 2862 402 2922 dicunt
414 2872 443 2921 et
459 2870 691 2939 argumentantur
703 2863 823 2928 acriter;
843 2869 871 2920 et
888 2859 1081 2920 altercationi-

77 2946 131 3004 bus
150 2955 237 3022 atque
254 2945 530 3023 interrogationibus
551 2954 696 3005 oratorem
711 2945 836 3004 futurum
853 2945 961 3023 optime
976 2942 1081 3002 Socra-

79 3029 127 3088 tici
142 3037 327 3107 praeparant.
365 3029 424 3089 Sed
445 3029 489 3089 his
508 3046 624 3108 quoque
646 3028 835 3091 adhibendum
861 3038 906 3088 est
925 3025 1018 3086 simile
1041 3026 1126 3096 iuss

78 3111 199 3186 dicium,
222 3121 252 3170 ut
273 3113 359 3172 etiam
382 3114 489 3172 cumin
506 3113 593 3172 rebus
609 3131 760 3172 versemur
777 3113 895 3187 iisdem,
913 3128 970 3170 uon
987 3119 1083 3169 tamen

78 3195 199 3254 eandem
221 3213 287 3254 esse
310 3198 509 3257 condicionem
536 3197 660 3257 sciamus
680 3197 770 3257 litium
790 3214 825 3255 ac
849 3194 1082 3274 disputationum,

78 3278 133 3338 iori
150 3287 178 3337 et
195 3279 337 3356 auditorii,
354 3290 577 3358 praeceptorum
595 3290 624 3341 et
639 3281 843 3361 periculorum.

163 3361 258 3423 Credo
276 3374 432 3424 exacturos
450 3365 625 3444 plerosque,
650 3384 713 3425 curn
737 3372 844 3424 tautum
865 3381 932 3424 esse
953 3361 1124 3435 utilitatis37

78 3446 106 3505 in
124 3446 250 3524 legendo
268 3449 443 3526 iudicemus,
466 3458 496 3510 ut
517 3449 544 3510 id
567 3467 683 3530 quoque
705 3449 889 3525 adiungemus
912 3446 1012 3527 operi,
1033 3444 1082 3524 qui
