2566 4026
161 163 223 226 252
478 174 842 235 ru.rnc.orurrn1u1uur

161 331 328 392 adversario
352 329 492 404 indicem,
516 330 664 389 concitare
687 329 810 389 affectus
838 337 867 389 et
894 346 1080 408 componere.
1126 329 1166 392 llt

159 414 361 475 brevissimum
379 413 494 491 quidem
510 411 568 473 boc
587 421 776 491 praeceptum
793 412 854 476 dari
875 414 990 493 utrique
1005 413 1081 493 parti
1097 423 1164 495 pot·

161 506 226 573 est,
250 506 281 557 ut
301 505 378 557 totas
395 514 502 557 causae
515 497 595 557 vires
613 505 712 557 orator
734 506 822 574 ponat
837 504 903 558 ante
919 498 1038 566 oculos;
1055 506 1166 571 etcum

158 580 282 657 viderit,
316 580 383 659 quid
407 580 592 657 invidiosum,
622 579 799 655 favorabile,
826 582 962 650 invisum,
995 581 1164 642 miserabile

159 674 207 726 aut
220 667 258 726 sit
272 665 300 723 in
316 663 405 724 rebus
421 673 469 725 aut
483 664 577 725 videri
593 666 701 742 possit:
725 682 760 725 ea
780 664 871 741 dicat,
888 664 1009 744 quibus,
1033 667 1058 724 si
1075 665 1166 727 index

119 756 255 826 ltesset,
286 749 350 827 ipse
375 748 497 809 maxime
526 757 702 809 moveretur.
748 748 807 808 Sed
838 749 944 808 certius
968 759 1014 809 est
1039 749 1083 810 ire
1109 767 1165 828 per

158 833 282 911 singula.

241 914 279 976 Et
301 934 376 995 quae
403 916 559 977 concilient
586 915 700 994 quidem
723 924 997 993 accusatorem,
1019 918 1049 976 in
1077 935 1165 995 prae·

159 1000 253 1079 ceptis
283 1000 397 1060 exordii
422 1002 478 1061 ianr
500 1000 632 1060 diximus.
679 999 827 1072 Quaedam
854 1008 965 1076 tamen,
995 1018 1070 1080 qnae
1101 999 1165 1062 illic

158 1084 315 1144 ostendere
335 1093 381 1145 sat
403 1093 463 1161 est,
487 1084 515 1143 in
539 1083 727 1162 peroratione
751 1082 897 1161 implenda
921 1093 987 1143 sunt
1006 1085 1118 1162 magis,
1138 1086 1165 1145 sl

158 1177 258 1229 contra
283 1169 489 1246 impotentem,
523 1168 659 1243 invisum,
688 1167 885 1245 perniciosum
913 1176 1053 1246 suscepta
1075 1185 1166 1230 causa

158 1261 217 1320 est:
243 1253 267 1311 si
290 1250 433 1314 iudicibus
454 1252 525 1329 ipsis
547 1260 595 1312 aut
616 1251 731 1328 gloriae
754 1250 897 1311 damnatio
918 1252 962 1311 rei
987 1259 1035 1312 aut
1062 1251 1164 1312 delor-

115 1337 247 1407 13mitati
263 1335 358 1396 lutura
374 1335 529 1396 absolutio.
574 1333 647 1395 Nam
671 1335 792 1412 egregie
816 1336 845 1394 in
870 1333 1015 1395 Vatinium
1040 1332 1164 1412 Calvus,

156 1417 403 1500 Factum,inqnit,
411 1421 556 1482 ambitum
567 1420 654 1480 scitis
665 1437 778 1495 omnes,
786 1427 816 1481 et
827 1419 883 1480 boc
896 1420 1047 1481 oos'scire
1060 1437 1165 1483 omues

155 1504 266 1565 sciunt.
312 1501 418 1563 Cicero
434 1503 550 1582 quidem
565 1503 593 1562 in
609 1502 732 1562 Verrem
750 1503 835 1564 etiam
851 1504 999 1564 emendari
1014 1519 1105 1583 posse
1120 1504 1164 1565 in·

156 1585 270 1646 iamiam
295 1586 465 1646 iudiciorum
491 1587 623 1647 damnato
646 1603 699 1645 reo
727 1586 815 1654 dicit;
844 1586 922 1666 quod
944 1595 989 1647 est
1017 1604 1103 1647 unum
1125 1605 1164 1649 ex

156 1687 244 1747 supra
272 1670 366 1730 dictis.
411 1669 505 1730 Metus
534 1671 636 1745 etiam,
662 1671 687 1728 si
717 1679 763 1729 cst
790 1669 986 1746 adhibendus,
1017 1679 1048 1731 ut
1073 1670 1181 1732 faciat-

156 1753 246 1828 idem,
267 1752 344 1813 hunc
358 1753 448 1814 babet
462 1753 559 1814 locum
570 1754 722 1814 fortiorem
738 1771 822 1832 quam
845 1755 873 1814 in
888 1754 1051 1834 prooemio.
1098 1753 1163 1829 Qua

113 1837 191 1897 ldde
206 1855 239 1897 re
255 1837 323 1916 quid
338 1839 492 1913 sentirem,
511 1838 568 1898 alio
581 1839 636 1898 iam
649 1837 723 1898 libro
738 1839 871 1916 exposui.
918 1835 1074 1899 (iouoitare
1090 1855 1162 1917 quo-

156 1939 212 2000 que
229 1921 381 1995 invidiam,
395 1921 506 1997 odium,
524 1923 610 1998 iram,
627 1920 747 1983 liberius
759 1923 788 1981 in
803 1924 992 2000 peroratione
1004 1923 1162 2001 contingit;

156 2021 276 2083 quorum
302 2005 435 2065 invidiam
468 2007 576 2083 gratia,
610 2007 706 2067 odium
737 2006 902 2086 turpitudo,
936 2008 1007 2068 iram
1037 2006 1162 2067 offensio

155 2088 241 2147 iudici
257 2086 343 2165 iacit,
366 2090 391 2148 si
415 2099 586 2166 contumax,
610 2107 768 2168 arrogans,
791 2108 912 2151 securus
935 2091 989 2166 sit,
1013 2108 1088 2168 quae
1104 2107 1163 2151 non

155 2189 193 2231 ex
223 2171 301 2232 lacto
329 2172 416 2232 modo
445 2174 562 2234 dictove
585 2173 682 2252 aliquo
704 2175 757 2236 sed
778 2174 877 2251 vultu,
901 2174 1016 2251 habitu,
1039 2183 1162 2253 aspectu

154 2256 266 2315 moveri
282 2255 370 2317 solet.
415 2256 605 2337 Egregieque
621 2257 705 2318 nobis
721 2256 959 2320 adolescentibus
980 2258 1090 2319 dixisse
1113 2275 1161 2319 ac·

155 2348 273 2401 cusator
288 2337 452 2402 Cossutiani
471 2340 620 2420 Capitonis
641 2342 811 2418 videbatur,
835 2339 947 2403 Graece
971 2343 1086 2422 quidem
1107 2341 1162 2402 sed

114 2431 145 2484 15
155 2425 183 2482 ln
199 2423 274 2484 hunc
289 2443 423 2502 sensnm,
440 2423 611 2488 Erubescis
632 2424 800 2488 Caesarem
826 2428 940 2488 timere.
986 2427 1102 2487 Summa
1119 2436 1161 2488 ta·

154 2526 219 2567 men
236 2509 401 2571 concitandi
425 2509 546 2570 affectus
568 2513 733 2571 accusatori
757 2512 787 2570 in
806 2509 863 2569 boc
885 2519 946 2585 est,
968 2521 999 2570 ut
1016 2510 1062 2587 id,
1083 2511 1162 2588 quod

155 2592 279 2666 obiecit,
303 2602 351 2653 aut
371 2612 456 2673 quam
480 2595 691 2655 atrocissimum
714 2594 886 2670 autetiam,
916 2595 940 2652 si
964 2594 1028 2654 lieri
1050 2602 1161 2673 potest,

155 2692 239 2753 quam
262 2677 385 2736 maxime
406 2677 573 2745 miserabile
597 2696 664 2737 esse
691 2677 832 2737 videatur.
878 2677 1026 2737 Atrocitas
1054 2678 1162 2739 crescit

155 2775 193 2817 ex
206 2757 267 2833 bis,
285 2759 352 2836 quid
367 2759 474 2820 iactum
494 2761 547 2835 sit,
571 2778 587 2820 a
607 2778 680 2839 quo,
701 2761 729 2819 in
755 2778 858 2839 quem,
884 2778 941 2840 quo
966 2762 1077 2838 animo,
1102 2777 1161 2840 qno

153 2850 304 2919 tempore,
321 2859 382 2920 ,quo
401 2843 486 2920 loco,
504 2859 561 2922 quo
578 2844 679 2911 modo;
698 2861 773 2921 quae
795 2845 890 2904 omnia
911 2844 1037 2904 infinitos
1054 2853 1161 2906 tracta·

113 2935 145 2992 16
154 2933 199 2984 tus
214 2924 330 2993 babent.
376 2925 523 2987 Pulsatum
542 2928 703 3006 querimur:
729 2927 765 2986 de
788 2947 821 2988 re
839 2928 962 3005 primum
978 2928 1042 3007 ipsa
1063 2928 1160 2989 dicen·

153 3007 236 3077 dum;
257 3018 315 3069 tum
333 3011 358 3069 si
376 3028 485 3086 senex,
508 3011 533 3070 si
556 3029 647 3089 puer,
672 3011 697 3069 si
718 3012 920 3089 magistratus,
943 3013 967 3071 si
988 3012 1116 3092 probus,
1135 3014 1161 3073 si

152 3091 229 3152 bene
251 3092 287 3153 de
308 3112 342 3154 rc
371 3094 488 3174 publica
509 3095 643 3164 meritum
672 3095 758 3155 etiam
781 3096 806 3154 si
829 3112 988 3174 percussus
1012 3097 1049 3156 sit
1070 3114 1086 3156 a
1110 3095 1162 3158 vili

153 3174 250 3255 aliquo
270 3187 497 3257 contemptoque
514 3178 563 3237 vel
580 3196 618 3238 ex
640 3180 786 3240 contrario
808 3197 824 3239 a
843 3186 964 3257 potente
980 3180 1096 3242 nimium
1110 3179 1161 3241 rel

154 3257 189 3318 ab
209 3276 262 3334 eo,
276 3279 335 3340 quo
351 3263 464 3322 minime
481 3263 624 3341 oportuit,
647 3271 676 3323 et
700 3264 724 3323 si
746 3263 792 3323 die
808 3263 886 3323 forte
905 3262 1039 3324 sollemni
1061 3272 1111 3325 aut
1124 3264 1160 3323 iis

152 3342 348 3422 temporibus,
369 3364 433 3406 curn
451 3345 555 3406 iudicia
580 3347 642 3406 eius
669 3348 713 3407 rei
730 3347 854 3407 maxime
870 3358 1095 3425 exercerentur,
1111 3355 1160 3409 aut

152 3426 181 3485 in
200 3425 328 3488 sollicito
351 3429 476 3490 civitatis
501 3437 596 3505 statu,
619 3429 688 3490 item
709 3431 738 3491 in
759 3429 892 3508 theatro,
918 3432 947 3490 in
973 3431 1101 3512 templo,
1132 3432 1158 3491 ln
