2566 4026
419 185 509 233 rnsr.
523 183 673 231 oonrou
686 185 755 231 urs.
768 181 828 250 1,9
1083 176 1123 235 45

115 343 339 423 prehenduntur
360 359 377 401 a
400 341 534 411 curiosis.
566 337 613 397 Ex
630 354 688 416 quo
704 338 772 398 mihi
792 341 866 399 inter
888 341 1010 401 virtutes
1028 360 1122 419 gram

116 430 213 489 matici
238 426 457 489 hahebitnrr
419 424 663 517 ΜΨ.

400 578 443 627 Ι)Ε
462 575 589 628 OFFICIO
609 575 824 627 GRAMMATICI.

204 675 256 737 lX.
295 675 333 735 Et
355 675 453 735 linitae
477 675 592 753 quidem
617 683 683 734 sunt
710 683 809 752 partes
837 675 929 751 duae,
954 692 1025 753 quas
1048 677 1123 738 haec

115 762 269 842 professio
292 759 467 838 pollicetur,
490 759 519 818 id
547 768 592 818 est
611 760 684 818 ratio
708 758 845 836 loquendi
868 767 897 818 et
914 762 1058 819 enarratio
1075 779 1122 822 au-

117 855 248 920 ctorum,
274 861 394 922 quarum
418 843 497 903 illam
519 843 709 904 methodicen
729 843 804 903 hanc
826 843 991 904 historicen
1005 855 1121 904 vocant.

116 929 298 990 hdiiciamus
319 937 414 987 tamen
436 945 537 987 eorum
555 944 643 987 curae
663 927 804 1004 quaedam
822 925 937 987 dicendi
955 928 1121 1005 primordia,

118 1013 224 1092 quibus
243 1021 356 1073 aetates
374 1012 498 1071 nondum
515 1011 664 1071 rhetorem
680 1013 829 1090 capientes
848 1011 1004 1070 instituant.
1032 1011 1147 1089 igiturt

118 1097 233 1175 Aesopi
252 1095 395 1171 fabellas,
420 1112 495 1173 quae
517 1094 623 1154 fabulis
642 1095 848 1155 nutricularum
867 1096 1000 1173 proxime
1019 1114 1122 1155 sucee-

116 1181 204 1257 hunt,
228 1197 349 1240 narrare
373 1197 507 1239 sermone
531 1196 604 1257 puro
627 1188 656 1239 ct
677 1179 747 1238 nihil
769 1197 802 1238 se
825 1196 912 1255 supra
935 1179 1049 1238 modum
1073 1198 1122 1239 ex-

117 1226 260 1340 t'ollente,
290 1263 395 1325 deinde
422 1264 543 1324 eandem
566 1263 759 1342 gracilitatem
787 1262 855 1322 stilo
878 1264 999 1340 exigere
1023 1264 1122 1324 conhi-

117 1359 217 1417 scant;
234 1366 338 1407 versus
351 1349 443 1427 primo
459 1347 594 1424 solvere,
610 1364 678 1407 mox
689 1348 804 1407 mutatis
816 1347 935 1407 verhis
926 1350 1122 1427 rnterpretari,

118 1443 175 1492 tum
197 1431 371 1510 paraphrasi
394 1432 531 1492 audacius
550 1441 683 1508 vertere,
707 1440 809 1510 quaet
829 1431 964 1491 breviare
982 1433 1121 1510 quaedam

119 1525 146 1576 et
171 1532 319 1576 exornare
345 1515 428 1575 salvo
454 1516 540 1575 modo
566 1525 672 1595 poetae
698 1534 786 1575 seusu
811 1517 994 1593 permittitur.
1036 1515 1147 1590 Quart

118 1618 192 1679 opus
209 1601 297 1661 etiam
315 1602 519 1660 consummatis
536 1598 754 1679 professoribus
770 1599 889 1659 difficile
906 1602 954 1677 qul
971 1602 1122 1661 commode

118 1685 305 1759 tractaverit,
324 1684 486 1761 cuicunque
502 1684 642 1744 discendo
657 1684 794 1744 sufficiet.
819 1685 987 1744 Sententiae
1004 1702 1121 1764 quoque

119 1778 146 1827 et
169 1767 272 1828 chriae
295 1776 325 1826 et
347 1767 516 1844 ethologiae
539 1768 678 1828 subiectis
700 1767 842 1828 dictorum
864 1769 1023 1827 rationibus
1046 1770 1122 1847 apud

118 1853 326 1930 grammaticos
350 1849 528 1927 scribantur,
559 1855 624 1930 quia
650 1853 758 1911 initium
784 1869 822 1910 ex
850 1852 977 1912 lectione
1000 1853 1120 1921 ducunt;

118 1953 241 2014 quorum
261 1937 385 1995 omniurn
403 1935 504 1995 similis
524 1944 569 1995 est
588 1938 678 2012 ratio,
702 1936 794 1995 forma
814 1936 946 2011 diversa,
969 1937 1035 2012 quia
1057 1954 1121 1995 sen·

117 2022 206 2080 tentia
229 2019 403 2080 universalis
429 2029 474 2079 est
499 2036 575 2096 vox,
609 2019 759 2098 ethologia
785 2022 920 2098 personis
949 2021 1120 2079 continetur.

119 2101 271 2163 chriarum
292 2103 376 2180 plura
397 2121 507 2180 genera
530 2105 695 2164 trahuntur:
722 2122 808 2163 unum
830 2103 925 2164 simile
947 2106 1146 2181 sententiae,l

117 2187 195 2265 guod
218 2197 265 2247 est
281 2189 408 2265 positum
424 2190 454 2246 in
468 2204 546 2248 voce
560 2190 702 2267 simplici,
724 2187 812 2249 Dicit
828 2188 897 2264 itte,
921 2197 985 2264 aut,
1008 2188 1122 2251 Dicere

116 2272 257 2340 solebam·
284 2271 420 2347 alterum,
445 2271 522 2349 quod
546 2283 591 2333 est
612 2275 641 2332 in
662 2272 885 2352 respondendo,
909 2270 1123 2352 leterropctes

115 2357 183 2432 itte,
200 2355 265 2430 vel,
282 2375 352 2416 com
366 2356 424 2416 hoc
439 2358 469 2416 ei
483 2356 599 2418 dictum
614 2367 709 2435 esset,
726 2359 906 2436 responden
927 2359 1042 2417 tertium
1057 2358 1123 2417 huie

116 2456 173 2499 nou
186 2439 341 2516 dissimile,
356 2459 424 2501 com
439 2442 509 2518 quis
520 2442 649 2504 uicisset
660 2444 797 2520 aliquid:
811 2444 860 2503 oel
871 2443 1005 2521 fecisset.
1028 2441 1146 2508 Etiam5

115 2526 144 2583 in
165 2525 300 2602 ipsorum
321 2524 406 2583 factis
430 2542 497 2584 esse
521 2523 628 2585 chriam
651 2534 767 2604 putant,
790 2536 821 2585 ut
844 2523 968 2599 Cretes,
991 2545 1060 2587 cem
1077 2528 1121 2586 its·

116 2608 241 2668 eloctum
260 2625 393 2684 puerum
410 2609 552 2686 vidisset,
571 2611 789 2689 poedagogum
811 2613 877 2672 cios
896 2613 1072 2688 penetratu·
1094 2618 1123 2668 et

116 2689 195 2751 aliud
218 2708 315 2768 paene
338 2709 392 2770 par
416 2693 460 2768 ei,
484 2695 561 2770 quod
585 2702 681 2754 tamen
703 2696 807 2756 eodem
831 2697 946 2755 nomine
969 2693 1122 2774 appellare

115 2793 173 2834 nou
202 2774 311 2834 audent
341 2776 393 2835 sed
413 2775 511 2837 dicunt
539 2780 686 2860 χρειῶδες,
716 2788 747 2840 ut
768 2778 857 2858 Mtto,
886 2796 975 2858 quem
996 2780 1121 2841 vitulum

115 2868 301 2921 assueverat
319 2860 421 2938 ferre,
443 2869 566 2924 taurum
581 2863 712 2941 ferebat.
746 2864 777 2924 ln
799 2864 843 2923 his
866 2862 996 2924 omnihus
1022 2872 1050 2923 et
1072 2864 1121 2924 he·

116 2942 235 3003 clinatio
257 2960 314 3021 per
335 2945 456 3005 eosdem
478 2945 591 3007 ducitur
613 2964 716 3022 casus,
742 2955 850 3006 ettam
872 2949 1015 3008 laetorum
1037 2967 1121 3026 quam

114 3025 261 3087 dictorum
284 3029 359 3089 ratio
383 3038 437 3088 est.
469 3028 706 3090 Narratiunculas
730 3033 860 3110 apoetis
884 3029 1047 3092 celebratas
1069 3051 1146 3105 noc

116 3111 197 3171 litiae
213 3129 305 3172 causa
325 3128 384 3171 non
399 3111 585 3191 eloquentiae
608 3115 773 3175 tractandas
794 3123 874 3192 puto
905 3112 1010 3174 Cetera
1030 3119 1120 3177 maio-
1189 3188 1192 3193 ,

114 3197 153 3254 ris
170 3196 275 3274 operis
293 3196 329 3256 hc
347 3197 464 3275 spiritus
478 3196 571 3258 Latini
588 3197 722 3259 rhetores
742 3198 932 3276 relinquendo
952 3204 1121 3260 necessaria

112 3278 313 3355 grammaticis
328 3279 475 3349 iecerunt;
492 3279 596 3341 Graeci
610 3285 703 3358 magis
719 3299 839 3361 operum
855 3301 971 3344 suorum
988 3293 1121 3344 etonem

112 3372 142 3423 et
164 3363 284 3424 modum
306 3373 419 3424 norunt.
