2566 4026
226 153 285 214 110
542 162 905 224 n.naa.qurnr1n1nn1

222 322 308 398 tioni,
334 320 426 381 verba
455 327 484 379 et
506 320 767 399 pronuntiationem
794 320 953 380 elocutioni
978 320 1070 391 dedit;
1101 327 1227 403 quintam

223 422 340 485 quoque
363 405 526 480 constituit,
555 419 732 463 communem
758 422 792 464 ac
815 405 896 465 velut
918 407 1069 467 custodem
1092 410 1226 486 omnium,

221 491 396 550 memoriam.
434 487 513 548 Idem
535 489 563 546 in
586 485 709 547 Oratore
736 490 862 567 quinque
888 489 977 549 rebus
1002 500 1138 552 constare
1164 493 1227 553 elo·

223 576 367 652 quantiam
389 573 472 648 dicit,
499 573 527 630 in
552 570 655 649 quihus
676 580 781 650 postea
803 575 919 651 scriptis
943 577 1052 635 certior
1074 579 1136 636 eius
1162 595 1227 637 sen·

197 660 311 719 Stentia
329 666 383 718 est.
417 656 483 717 Non
500 657 591 715 minus
607 655 674 716 mihi
691 655 787 734 cupidi
805 660 941 717 novitatis
957 659 1077 719 alicuius
1093 661 1228 720 videntur

221 743 328 818 fuisse,
351 743 399 820 qui
415 741 583 801 adiecerunt
607 739 787 816 ordinem,
812 759 876 800 cum
900 741 1121 820 dispositionem
1138 745 1226 805 dixis-

222 836 300 894 sent;
331 827 413 905 quasi
440 823 518 884 aliud
543 825 580 883 sit
606 824 760 902 dispositio
785 842 869 903 quam
893 844 989 885 rerum
1014 828 1115 887 ordine
1143 846 1227 907 qnam

222 914 330 991 optimo
348 909 517 970 collocatio.
554 907 631 968 Dion
646 909 840 968 inventionem
855 909 941 969 modo
959 918 988 969 et
1004 911 1227 991 dispositionem

221 995 337 1056 tradidit
355 994 407 1053 sed
424 1003 574 1070 utramque
590 991 753 1071 duplicem,
776 1011 872 1053 rerum
889 1001 918 1052 et
940 992 1113 1072 verborum,
1134 1005 1164 1055 ut
1189 998 1227 1055 sit

224 1079 351 1140 elocutio
375 1078 564 1150 inventionis,
592 1077 787 1154 pronuntiatio
811 1077 1030 1155 dispositionis,
1060 1079 1104 1138 his
1129 1081 1226 1157 quinta

222 1181 290 1244 pars
314 1163 452 1222 memoria
475 1159 609 1227 accedat;
640 1159 806 1220 Theodorei
828 1160 891 1220 iere
914 1163 1110 1223 inventionem
1132 1164 1225 1241 dupli-

223 1266 302 1323 cem,
326 1264 421 1306 rerum
443 1255 529 1323 atque
554 1244 746 1320 elocutionis,
769 1244 873 1305 deinde
897 1246 949 1304 tris
975 1254 1090 1306 ceteras
1115 1257 1225 1326 partes.

197 1331 417 1408 9Hermagoras
437 1329 590 1403 iudicium,
611 1329 811 1406 partitionem,
838 1329 984 1406 ordinem,
1009 1349 1142 1409 quaeque
1165 1332 1226 1391 elo·

224 1417 346 1476 cutionis
368 1423 449 1488 sunt,
473 1412 588 1473 subiicit
609 1414 818 1488 oeconomiae,
845 1431 919 1492 quae
943 1413 1056 1474 Graece
1079 1416 1227 1494 appellata

224 1518 262 1559 ex
277 1516 346 1558 cura
361 1516 458 1557 rerum
472 1495 693 1556 domesticarum
706 1504 734 1555 et
750 1495 797 1556 hic
812 1515 866 1576 per
882 1497 1050 1558 abusionem
1066 1502 1160 1578 posita
1177 1517 1227 1559 no·

222 1584 298 1642 mine
315 1581 415 1642 Latino
435 1588 525 1640 caret.

182 1671 215 1724 lo
306 1665 360 1725 Est
384 1673 413 1725 et
436 1666 513 1724 circa
536 1662 594 1723 hoc
618 1665 767 1742 quaestio,
792 1666 870 1743 quod
892 1668 1059 1726 memoriam
1081 1669 1110 1726 iu
1126 1668 1227 1728 ordine

222 1751 345 1830 partium
361 1749 475 1828 quidam
494 1749 651 1807 inventioni
668 1748 782 1826 quidam
803 1749 987 1828 dispositioni
1003 1750 1227 1821 subianxerunt;

221 1833 306 1895 nobis
323 1843 441 1912 quartus
458 1835 520 1893 eius
538 1833 622 1892 locus
646 1834 767 1892 maxime
788 1833 896 1912 placet.
935 1831 1001 1892 Non
1022 1836 1096 1893 enim
1120 1844 1227 1896 tantum

220 1920 337 1978 inventa
352 1927 469 1993 tenere,
488 1925 519 1976 ut
534 1916 735 1994 disponamus,
753 1935 809 1977 nec
825 1917 982 1995 disposita,
1000 1927 1030 1976 ut
1046 1919 1227 1997 eloquamur,

223 2003 276 2062 sed
293 2004 378 2062 etiam
393 2001 490 2062 verbis
513 2000 635 2060 formata
656 2003 812 2061 memoriae
827 2002 963 2062 mandare
981 2000 1130 2062 debemus.
1167 2003 1230 2063 llac

224 2088 300 2146 enim
324 2087 436 2160 omnia,
466 2102 655 2164 quaecunque
681 2086 710 2145 in
731 2087 891 2145 orationem
915 2084 1025 2145 collata
1050 2096 1131 2159 sunt,
1160 2105 1227 2147 con·

224 2172 360 2229 tinentur.

181 2255 215 2307 ll
306 2251 434 2312 Fuerunt
457 2253 542 2312 etiarn
562 2255 590 2312 in
612 2252 667 2313 hac
685 2255 821 2332 opinione
843 2271 900 2313 uon
922 2257 1024 2335 pauci,
1044 2265 1075 2315 ut
1097 2255 1148 2314 has
1171 2272 1230 2314 non

223 2337 388 2397 rhetorices
405 2345 505 2415 partes
522 2354 589 2397 esse
606 2339 804 2398 existimarent
821 2337 873 2397 sed
892 2355 984 2418 opera
1000 2341 1141 2407 oratoris;
1166 2341 1229 2398 eius

182 2422 298 2483 12enim
321 2438 388 2481 esse
412 2422 560 2496 invenire,
584 2422 760 2500 disponere,
783 2422 882 2500 eloqui
906 2434 935 2484 et
951 2433 1060 2484 cetera.
1099 2422 1183 2496 erod
1204 2425 1229 2482 si

223 2507 397 2585 accipimus,
418 2503 488 2564 nihil
504 2508 557 2565 arti
573 2506 770 2586 relinquimus.
801 2505 874 2566 Nam
890 2506 967 2567 hene
983 2507 1083 2568 dicere
1101 2515 1146 2566 est
1165 2524 1228 2565 ora·

223 2592 312 2666 toris,
335 2588 483 2649 rhetorice
505 2597 599 2649 tamen
623 2593 677 2650 erit
703 2589 779 2650 hene
806 2589 920 2650 dicendi
947 2592 1082 2658 scientia;
1110 2590 1175 2662 vel,
1198 2598 1230 2646 ut

223 2676 271 2736 alii
294 2682 411 2753 putant,
434 2673 553 2733 artificis
575 2682 620 2733 est
635 2675 831 2752 persuadere,
852 2675 896 2732 vis
918 2682 1013 2733 autem
1034 2671 1229 2752 persuadendi

224 2761 303 2820 artis.
345 2758 387 2817 lta
410 2757 541 2816 invenire
563 2756 677 2836 quidem
700 2767 729 2816 et
752 2757 908 2836 disponere
933 2757 1073 2832 oratoris,
1100 2755 1228 2814 inventio

183 2835 215 2890 13
225 2853 319 2904 autem
343 2852 372 2902 et
389 2841 544 2920 dispositio
562 2841 725 2902 rhetorices
741 2842 860 2920 propria
881 2841 974 2900 videri
997 2848 1106 2918 potest.
1143 2838 1176 2898 ln
1192 2855 1228 2897 eo

223 2927 325 3006 plnres
350 2926 564 3002 dissenserunt,
590 2933 721 2984 utrumne
744 2926 799 2986 hae
820 2933 919 3004 partes
942 2932 1042 2984 essent
1064 2923 1229 2983 rhetorices

225 3028 260 3071 an
279 3009 409 3070 eiusdem
425 3027 515 3088 opera
534 3027 586 3084 an,
607 3018 638 3068 ut
656 3008 824 3070 Athenaeus
841 3008 949 3085 credit,
972 3008 1130 3082 elementa,
1154 3024 1229 3085 quae

223 3103 331 3154 vocant
358 3097 492 3172 crespeio.
531 3093 591 3154 Sed
619 3111 714 3171 neque
742 3093 885 3154 elementa
911 3102 993 3153 recte
1022 3093 1085 3171 quis
1112 3093 1228 3167 dixerit,

226 3178 335 3256 alioqui
350 3187 457 3238 tantum
472 3179 551 3238 initia
568 3186 667 3253 erunt,
686 3186 717 3237 ut
735 3177 830 3238 mundi
845 3177 894 3238 vel
909 3177 1012 3237 humor
1026 3176 1074 3237 vel
1091 3177 1164 3254 ignis
1182 3175 1230 3236 vel

225 3263 345 3322 materia
367 3262 417 3322 vel
441 3278 566 3341 corpora
587 3261 772 3330 insecabilia;
800 3279 857 3321 nec
879 3278 999 3341 operum
1021 3270 1103 3321 recte
1125 3277 1230 3319 nomen

227 3347 389 3425 accipient,
412 3364 486 3425 quae
501 3363 559 3407 non
579 3345 615 3406 ab
631 3346 696 3406 aliis
712 3347 902 3426 perficiuntur
919 3345 972 3406 sed
992 3345 1069 3406 aliud
1084 3348 1146 3424 ipsa
1162 3362 1217 3423 per

185 3429 335 3490 ldliciunt.
369 3430 499 3491 Partes
517 3433 604 3509 igitur
619 3438 694 3491 sunt.
733 3429 806 3491 Nam
822 3449 885 3492 cum
903 3432 940 3491 sit
956 3449 993 3491 ex
1008 3430 1052 3491 his
1070 3429 1228 3504 rhetorice,
