2566 4026
158 181 198 243 86
464 196 501 242 u.
523 194 602 241 nnn.
625 193 845 253 cursurum

156 349 193 410 Et
209 350 287 428 quod
301 346 406 409 Gicero
423 349 451 406 in
466 348 590 426 quodam
604 348 726 408 ioculari
742 347 860 408 libello:

218 432 360 496 Fundam
380 430 465 494 Vetto
484 439 588 508 cocat,
610 447 698 510 qoem
713 435 810 511 possit
830 433 948 495 mittere
959 435 1082 514 fiendo.-

216 516 257 578 Νι
271 527 372 578 tameo
386 517 553 592 occiderit,
575 533 639 592 qao
653 534 732 577 coca
744 518 846 595 fando
856 526 954 595 potet.

156 602 215 662 Sed
231 601 315 661 buius
338 617 455 678 quoque
472 601 515 658 rei
533 608 666 659 servetur
680 617 814 660 mensura
835 601 986 679 quaedam.
1023 601 1161 675 Quamvis

156 694 201 745 εει
217 687 292 744 enim
307 687 398 743 omnis
415 682 579 761 hyperbole
595 683 669 743 ultra
684 682 785 760 iidem,
804 693 973 744 nontamen
988 702 1057 744 esse
1073 684 1163 745 debet

114 769 230 832 ttultra
250 768 380 844 modum,
405 785 461 827 nec
483 767 540 828 alia
562 768 609 826 via
630 768 720 844 magis
736 768 764 825 in
779 769 957 845 ,κακοζηλίαν
978 771 1044 829 itur.
1078 769 1162 845 Piget

155 853 268 913 referre
289 852 410 930 plurima
425 851 491 911 binc
511 860 574 911 orta
594 851 679 925 vitia,
705 868 769 910 cum
787 853 961 929 praesertim
975 854 1091 912 minime
1107 853 1162 911 sint

155 937 254 1014 ignota
278 944 308 995 et
329 935 464 995 obscura.
505 933 627 994 Monere
655 935 725 993 satis
747 944 808 1010 est,
831 937 944 996 mentiri
965 935 1162 1015 hyperbolen,

155 1038 210 1080 nec
221 1021 276 1096 ita,
294 1028 324 1080 ut
339 1019 489 1079 mendacio
505 1019 611 1079 fallere
625 1017 706 1078 velit.
735 1016 800 1091 Quo
816 1021 908 1097 magis
924 1021 1090 1080 intuendum
1106 1029 1161 1095 est,

156 1120 308 1183 quousque
328 1104 433 1163 deceat
455 1103 616 1177 extollere,
636 1101 714 1180 quod
734 1101 818 1162 nobis
836 1121 894 1163 non
917 1105 1052 1166 creditur.
1093 1104 1162 1164 Per·

155 1190 234 1247 venit
254 1189 327 1248 haec
348 1205 398 1247 res
419 1187 653 1266 frequentissima
674 1185 710 1245 ad
726 1188 830 1257 risum;
852 1189 901 1266 qui
917 1189 941 1247 si
954 1196 1086 1266 captatus
1105 1196 1161 1263 est,

113 1277 147 1334 75
156 1270 340 1349 urbanitatis,
362 1272 407 1331 sin
422 1270 522 1347 aliter,
545 1271 685 1330 stultitiae
699 1287 804 1330 noman
821 1273 995 1350 assequitur.
1041 1270 1096 1330 Est
1113 1288 1161 1331 au·

155 1365 214 1416 tem
229 1357 257 1414 in
273 1374 325 1416 usu
340 1355 430 1432 vulgo
447 1372 563 1434 quoque
575 1364 604 1414 et
621 1356 696 1414 inter
710 1354 869 1414 ineruditos
886 1364 916 1416 et
931 1355 1007 1434 apud
1022 1355 1161 1426 rusticos,

154 1438 292 1500 videlicet
315 1441 381 1517 quia
402 1448 502 1500 natura
525 1447 571 1498 est
593 1438 724 1497 omnibus
746 1439 870 1516 augendi
892 1457 941 1498 res
957 1439 1162 1517 minuendique

157 1523 298 1602 cupiditas
325 1525 426 1599 insita,
454 1541 512 1582 nec
538 1524 689 1600 quisquam
712 1539 783 1581 vero
815 1532 968 1583 contentus
998 1532 1053 1583 est.
1102 1523 1162 1583 Sed

113 1611 147 1670 76
156 1607 331 1684 ignoscitur,
348 1608 415 1685 quia
432 1623 490 1665 nou
506 1606 688 1666 affirmamus.
730 1605 802 1666 Tum
817 1616 863 1666 est
879 1605 1043 1683 hyberbole
1057 1607 1159 1682 virtus,

156 1708 218 1749 cum
236 1709 285 1749 res
300 1691 380 1767 ipsa,
399 1690 435 1749 de
452 1707 508 1768 qua
525 1689 700 1767 loquendum
716 1699 778 1766 est,
797 1689 956 1751 naturalem
973 1690 1090 1750 modum
1111 1708 1162 1749 ex·

155 1774 254 1833 cessit.
298 1771 475 1832 Conceditur
491 1774 565 1832 enim
580 1773 702 1850 amplius
719 1774 835 1849 dicere,
855 1776 921 1852 quia
936 1775 1007 1851 dici,
1026 1783 1163 1853 quantum

156 1866 218 1933 est,
237 1873 295 1915 non
311 1865 426 1934 potest,
442 1855 604 1934 meliusque
620 1856 694 1916 ultra
710 1875 793 1935 quam
810 1859 881 1918 citra
894 1867 951 1918 stat
968 1860 1072 1918 oratio.
1102 1857 1162 1918 Sed

44 1961 46 1965 ’
154 1939 191 1999 de
212 1939 269 2000 boc
290 1941 377 2018 satis,
403 1941 469 2019 quia
491 1940 612 1999 eundem
637 1940 733 2001 locum
748 1941 861 2020 plenius
884 1943 913 2001 in
934 1959 969 2002 eo
986 1942 1080 2020 libro,
1103 1957 1161 2020 quo

156 2040 260 2084 causas
276 2034 431 2103 corruptae
451 2022 637 2101 eloquentiae
651 2025 859 2098 reddebamus,
878 2027 1073 2087 tractavimus.

507 2233 781 2241 m—

496 2387 700 2450 LIBER
748 2387 811 2450 IX.

154 2514 230 2565 Libro
251 2529 316 2564 nono
336 2517 399 2566 liaeo
418 2519 589 2568 continentur:
622 2519 676 2578 Quo
700 2518 818 2568 differant
835 2519 931 2582 figurae
953 2531 969 2565 a
988 2518 1078 2580 tropis.
1123 2517 1161 2569 lto

188 2583 277 2650 figuris
295 2587 485 2636 sententiarum.
522 2588 560 2637 De
578 2587 667 2654 figuris
686 2589 830 2639 verborum.
867 2586 904 2635 De
924 2584 1118 2649 compositione.

354 2751 416 2810 QUO
436 2752 616 2802 DIFFERANT
633 2752 775 2804 FIGURAE
793 2754 816 2804 A
834 2750 960 2805 TROPIS.

148 2888 151 2892 ·
217 2866 240 2926 1.
263 2847 335 2929 oum
351 2867 388 2926 sit
405 2869 537 2945 proximo
555 2866 630 2928 libro
647 2867 683 2927 de
699 2868 790 2945 tropis
806 2867 927 2926 dictum:
946 2863 1079 2944 sequitur
1093 2882 1162 2943 per·

153 2953 247 3012 tineus
263 2951 299 3013 ad
319 2950 484 3028 figuras,
506 2969 581 3030 quae
598 2945 730 3031 σχήματα
747 2949 859 3012 Graece
881 2958 1040 3024 vocantur,
1064 2947 1162 3024 locus,

152 3036 217 3114 ipsa
229 3037 273 3096 rei
285 3044 386 3096 natura
398 3038 567 3096 coniunctus
582 3037 737 3116 superiori.
760 3034 833 3094 Nam
845 3034 979 3113 plerique
992 3032 1045 3093 has
1056 3040 1163 3111 tropos

153 3137 222 3180 esse
240 3121 492 3197 existimaverunt,
506 3122 589 3199 quia,
603 3122 665 3180 sive
678 3138 715 3180 ex
725 3120 782 3180 hoc
794 3120 928 3180 duxerint
942 3116 1064 3192 nometi,
1082 3116 1163 3194 quod

125 3203 211 3268 tsint
227 3203 341 3264 formati
361 3203 484 3282 quodam
499 3204 602 3280 modo,
619 3206 682 3264 sive
695 3222 733 3263 ex
746 3220 800 3280 eo,
824 3203 902 3280 quod
918 3209 1031 3261 vertant
1053 3200 1162 3260 oratio·

152 3305 234 3364 nem,
255 3288 331 3347 unde
353 3297 383 3348 et
402 3298 519 3349 motus
537 3287 686 3349 dicuntur:
711 3286 856 3348 fatendum
879 3286 948 3362 erit,
971 3301 1039 3345 esse
1054 3293 1162 3344 utrum·

156 3387 212 3447 que
236 3389 337 3431 eorum
359 3375 445 3432 etiam
465 3375 494 3431 in
516 3373 627 3450 liguris.
676 3370 754 3432 Usus
775 3388 892 3450 quoque
916 3378 961 3428 est
981 3366 1072 3436 idem3
1095 3384 1162 3428 nam

153 3462 182 3513 et
195 3455 251 3514 vim
266 3454 353 3515 rebus
375 3455 510 3517 adiiciunt
525 3464 555 3515 ει
572 3456 693 3533 gratiam
711 3464 869 3534 praestant.
901 3451 964 3512 Nec
981 3452 1096 3530 desunt,
1111 3451 1162 3530 qui
