2566 4026
394 174 483 222 mou.
498 173 845 240 onnuon.u1s.x11,a.
1059 159 1121 222 249

119 331 265 408 rigatione
280 348 362 409 quam
374 329 559 389 velocissima
571 328 658 388 iubet.
682 327 786 406 Neque
796 345 868 388 vero
881 328 1119 406 Aristippus,

118 432 256 473 summum
280 415 473 492 inuoluptate
495 413 629 490 corporis
650 412 756 471 bonum
772 429 900 490 ponens,
922 411 1048 471 adhunc
1067 429 1120 472 nos

119 498 249 558 laborem
268 497 407 557 hortatur.
441 496 605 572 Pyrrhon
622 497 736 575 quidem
753 514 825 574 quas
841 498 869 555 in
884 495 941 555 boc
964 512 1055 572 opere
1071 495 1120 555 ha-

118 582 189 641 bere
205 592 303 660 partes
319 578 439 659 potest?
462 583 507 641 oui
523 582 633 641 iudices
650 599 728 655 esse,
745 581 820 658 apud
833 596 906 658 quos
921 578 1011 638 verba
1023 579 1120 654 iaciat,

118 674 147 725 at
166 685 263 741 reum,
286 683 339 744 pro
356 683 413 745 quo
434 666 587 744 loquatur,
610 674 639 724 et
656 673 803 740 senatum,
827 667 855 723 in
871 681 929 741 quo
945 664 982 722 sit
998 663 1121 722 dicenda

118 752 278 826 sententia,
303 768 361 809 non
381 749 514 828 liquebit.
547 749 778 809 Academiam
805 748 919 825 quidam
941 747 1162 812 utilissimamas

117 834 255 909 credunt,
279 835 356 912 quod
371 851 433 893 mos
452 834 480 892 in
498 840 647 910 utramque
669 840 780 911 partem
796 831 958 892 disserendi
977 831 1013 891 ad
1036 849 1120 890 exer-

118 920 284 977 citationem
306 918 465 977 iorensium
489 935 639 977 causarum
659 917 791 994 proxime
813 916 945 976 accedat.
973 913 1120 975 Adliciunt

116 1001 185 1061 loco
200 1002 399 1080 probationis,
424 1000 501 1080 quod
518 1019 553 1060 ea
569 1002 835 1079 praestantissimos
851 1001 880 1058 in
896 998 1064 1078 eloquentia
1078 1001 1119 1058 vi·

116 1102 166 1144 ros
185 1086 317 1146 ediderit.
348 1085 595 1163 Peripatetici
617 1084 711 1143 studio
729 1101 846 1162 quoque
862 1102 895 1143 se
913 1082 1037 1161 quodam
1056 1099 1120 1142 ora-

116 1171 191 1229 torio
213 1171 329 1229 iactant.
362 1168 435 1229 Nam
460 1168 560 1228 theses
582 1168 682 1227 dicere
703 1169 920 1227 exercitationis
942 1168 1034 1244 gratia
1056 1166 1120 1225 fere

117 1262 162 1312 est
179 1253 215 1312 ab
230 1255 265 1312 iis
281 1254 448 1313 institutum.
483 1253 617 1327 Stoici,
636 1253 711 1311 siout
727 1253 841 1330 copiam
857 1254 1038 1329 nitoremque
1058 1251 1119 1310 elo·

117 1338 252 1415 quentiae
269 1338 332 1397 iere
345 1336 586 1415 praeceptoribus
603 1336 663 1394 suis
676 1335 805 1395 deiuisse
821 1336 983 1395 concedant
994 1352 1119 1394 necesse

117 1429 178 1496 est,
201 1422 238 1479 ita
261 1421 357 1480 nullos
376 1430 424 1480 aut
446 1420 572 1498 probare
597 1421 692 1479 acrius
716 1428 764 1479 aut
787 1419 963 1480 concludere
986 1418 1119 1478 subtilius

117 1505 302 1565 contendunt.
335 1506 394 1564 Sed
414 1505 488 1565 haec
504 1506 579 1564 inter
595 1505 693 1583 ipsos,
713 1505 761 1582 qui
778 1504 859 1563 velut
874 1512 1055 1563 sacramento
1072 1512 1163 1564 ro·26

116 1591 176 1666 gati
199 1588 247 1648 vel
276 1590 362 1648 etiam
388 1589 595 1666 superstitione
623 1590 772 1648 constricti
798 1588 881 1647 nefas
909 1588 1014 1647 ducant
1035 1605 1051 1646 a
1071 1606 1117 1645 su·

117 1681 219 1749 scepta
238 1672 329 1732 semel
353 1673 543 1751 persuasione
566 1673 729 1733 discedere.
761 1671 876 1732 Oratori
893 1687 965 1730 vero
985 1671 1055 1731 nihil
1074 1679 1118 1730 est

117 1774 242 1815 necesse
260 1757 288 1815 in
305 1758 471 1834 cuiusquam
491 1758 586 1816 iurare
602 1758 696 1834 leges.
728 1755 819 1816 Maius
837 1757 911 1816 enim
927 1764 972 1815 est
988 1773 1063 1834 opus
1079 1761 1160 1816 atil

116 1858 173 1918 que
197 1843 407 1918 praestantius,
435 1842 470 1901 ad
496 1842 573 1919 quod
594 1843 658 1919 ipse
680 1840 788 1917 tendit,
817 1851 846 1900 et
867 1842 948 1901 cuius
971 1848 1016 1898 est
1038 1839 1119 1898 velut

116 1925 303 2000 candidatus,
328 1926 352 1983 si
374 1925 488 2003 quidem
509 1934 554 1985 est
575 1925 686 1984 iuturus
705 1943 768 1985 cum
783 1927 860 1985 vitae
876 1934 934 1984 tum
955 1926 1039 1984 etiam
1057 1923 1118 1982 elo·

117 2009 251 2084 quentiae
266 2007 350 2067 laude
366 2010 525 2086 perlectus.
555 2008 651 2081 Quare
667 2010 695 2067 in
711 2008 874 2086 exemplum
890 2007 1003 2068 dicendi
1020 2007 1118 2066 lacun-

116 2091 263 2149 dissimum
281 2108 425 2167 quemque
441 2101 587 2169 proponet
599 2091 654 2150 sibi
669 2091 704 2150 ad
718 2092 891 2167 imitandum,
908 2092 1035 2151 moribus
1046 2107 1118 2150 vero

116 2173 273 2232 formandis
296 2191 380 2250 quam
401 2172 604 2232 honestissima
629 2184 787 2252 praecepta
809 2177 1058 2252 rectissimamque
1084 2173 1119 2232 ad

117 2258 250 2316 virtutem
273 2258 348 2315 viam
373 2256 493 2334 deliget.
531 2256 749 2316 Exercitatione
772 2258 887 2334 quidem
910 2266 1006 2316 utetur
1032 2257 1118 2332 omni,

117 2341 171 2400 sed
187 2349 281 2399 tamen
299 2343 354 2399 erit
368 2341 507 2418 plurimus
523 2342 551 2399 in
568 2342 697 2400 maximis
714 2340 876 2419 quibusque
891 2359 926 2401 ac
941 2349 1040 2399 natura
1056 2339 1119 2417 pul·

118 2424 277 2485 cherrimis.
321 2423 393 2484 Nam
415 2443 490 2503 quae
511 2434 610 2503 potest
636 2426 755 2485 materia
781 2426 904 2502 reperiri
931 2425 966 2484 ad
993 2425 1162 2500 graviter28

118 2510 298 2587 copioseque
321 2509 473 2569 dicendum
495 2511 585 2588 magis
607 2509 754 2569 abundans
772 2526 856 2587 quam
877 2509 913 2568 de
933 2510 1058 2583 virtute,
1082 2506 1118 2566 de

115 2612 149 2652 re
164 2593 300 2671 publica,
319 2594 355 2654 de
371 2595 567 2672 providentia,
593 2594 629 2654 de
650 2595 761 2671 origine
778 2595 951 2670 animorum,
971 2591 1007 2651 de
1023 2592 1118 2651 amici·

116 2674 176 2736 tia?
202 2677 281 2737 Haec
298 2688 378 2753 suot,
402 2680 506 2757 quibus
521 2698 602 2738 mens
617 2678 728 2756 pariter
743 2687 829 2756 atque
845 2678 937 2737 oratio
954 2679 1117 2752 insurgant·

117 2779 191 2839 quae
211 2779 282 2820 vere
306 2762 399 2839 bona,
422 2763 489 2840 quid
511 2765 624 2840 mitiget
645 2771 754 2837 metus,
779 2770 917 2821 coerceat
933 2760 1118 2838 cupiditates,

117 2846 223 2904 eximat
239 2862 291 2904 nos
309 2847 491 2924 opinionibus
507 2846 587 2924 vulgi
602 2847 781 2923 animumque
799 2845 971 2905 coelestem.

200 2927 304 3007 Neque
327 2947 361 2988 ea
385 2930 495 3006 solum,
521 2947 596 3008 quae
620 2928 724 2989 talibus
743 2929 902 3008 disciplinis
926 2929 1161 3003 continentur,u9

116 3012 170 3071 sed
186 3016 277 3089 magis
294 3015 398 3089 etiam,
423 3031 498 3091 quae
520 3023 587 3072 sunt
603 3014 813 3091 antiquitus
831 3013 929 3072 dicta
952 3030 994 3071 ac
1015 3013 1117 3072 iacta

117 3097 332 3172 praeclare,
357 3107 386 3156 et
408 3114 497 3156 nosse
521 3107 549 3157 et
571 3098 663 3156 animo
687 3114 804 3174 semper
821 3098 932 3174 agitare
953 3095 1116 3156 conveniet.

118 3177 200 3250 Quae
222 3179 358 3256 prolecto
381 3198 521 3259 nusquam
543 3181 627 3259 plura
649 3183 817 3258 nraioraque
842 3198 926 3258 quam
948 3181 976 3238 in
999 3187 1117 3238 nostrae

118 3262 240 3320 civitatis
257 3265 446 3324 monumentis
461 3266 655 3343 reperientur.
686 3263 733 3323 An
747 3264 953 3339 fortitudinem,
970 3265 1115 3339 iustitiam,
1125 3271 1161 3324 30

116 3343 218 3421 lidern,
250 3348 468 3424 continentiam,
496 3349 709 3427 frugalitatem,
738 3357 932 3426 contemptum
954 3348 1064 3408 doloris
1083 3365 1118 3407 ac

117 3431 217 3489 mortis
238 3430 340 3489 melius
365 3431 412 3492 alii
434 3434 581 3494 docebunt
604 3452 688 3515 quam
706 3432 849 3508 Fabricii,
874 3431 970 3509 Curii,
998 3431 1117 3513 Reguli,
