2566 4026
410 131 500 179 nuso.
514 131 787 198 ornumornum
800 131 826 182 n
1087 122 1123 185 13

116 290 191 351 liciis
218 288 372 350 solvimus.
418 285 516 347 hlollis
541 286 591 347 illa
622 287 775 362 educatio,
810 306 893 377 quam
918 289 1124 366 indulgentiam

116 391 275 449 vocamus,
307 388 416 432 nervos
438 388 539 431 omnes
559 373 663 431 mentis
686 380 716 430 et
736 374 869 450 corporis
876 355 1005 450 frangit.
1048 374 1123 448 Quid

117 477 174 518 non
196 457 313 517 adultus
336 457 542 535 concupiscet,
572 458 619 533 qui
642 457 671 515 in
695 457 830 534 purpuris
852 453 948 556 repit?
991 456 1123 519 Nondum

116 545 208 622 prima
223 540 317 601 verba
334 542 478 619 exprimit,
497 541 551 599 ianr
567 557 691 617 coquum
706 539 881 617 iutelligit,
872 559 926 600 ram
940 542 1123 618 conchylium

116 628 224 706 poscit.
266 625 344 684 Ante
368 624 495 703 palatum
523 641 621 682 eorum
644 641 727 701 quem
753 641 850 683 mores
872 627 1052 686 instituimus.
1092 626 1149 686 lni

68 782 71 787 ¹
117 711 233 772 lecticis
256 718 408 777 crescunt;
435 709 460 767 si
478 717 585 768 terram
606 710 772 784 attigerint,
800 726 816 767 e
837 710 966 769 manibus
989 713 1123 789 utrinque

116 796 321 855 sustinentium
336 792 475 871 pendent.
506 790 687 868 (laudemus,
710 794 734 851 si
753 793 821 871 quid
837 793 971 853 licentius
987 795 1121 854 dixerint.

115 879 216 939 Verba
236 896 275 938 ue
297 876 501 937 Alexandrinis
523 877 638 954 quidem
659 876 850 954 permittenda
875 877 987 937 deliciis
1011 882 1071 937 risu
1095 889 1123 938 et

117 963 222 1024 osculo
251 963 421 1039 excipimus.
466 959 529 1020 Nec
554 963 669 1027 mirum;
699 977 754 1019 nos
780 961 948 1037 docuimus,
977 979 1014 1022 ex
1039 961 1122 1021 uobis

116 1048 247 1108 audiunt.
279 1044 402 1104 Nostros
423 1047 547 1119 amicas,
568 1053 685 1103 nostros
708 1043 885 1103 concubinos
905 1045 1021 1121 vident,
1040 1056 1148 1110 omues

117 1132 283 1192 convivium
302 1128 440 1189 obscenis
455 1131 574 1189 canticis
593 1130 711 1206 strepit,
736 1128 868 1206 pudenda
890 1130 967 1189 dictu
990 1140 1123 1207 spectan-

116 1226 173 1276 tur.
216 1213 263 1274 Fit
288 1233 326 1273 ex
347 1212 392 1272 his
419 1213 599 1273 consuetudo
622 1212 727 1271 deinde
748 1222 858 1272 natura.
902 1212 1025 1273 Discunt
1050 1214 1124 1274 haec

115 1301 235 1375 miseri,
258 1307 412 1376 autequam
433 1299 525 1357 sciant
546 1299 614 1356 vitia
636 1314 718 1364 esse3
741 1295 808 1355 inde
834 1297 922 1356 soluti
944 1314 979 1356 ac
1001 1290 1123 1358 licentes

116 1400 176 1443 non
197 1384 344 1461 accipiunt
366 1400 405 1441 ex
424 1381 533 1442 scholis
553 1380 627 1441 mala
649 1381 704 1440 ista
725 1381 778 1440 sed
799 1381 827 1439 iu
849 1381 966 1441 scholas
988 1381 1120 1441 afferunt.

203 1467 312 1526 Verum
334 1468 363 1525 iu
382 1466 482 1525 studiis
500 1467 591 1542 magis
613 1463 728 1524 vacabit
744 1483 816 1524 unus
837 1467 894 1524 uni.
931 1465 1006 1525 Ante
1030 1469 1147 1531 omniuo

117 1551 190 1612 nihil
204 1550 341 1629 prohibet
363 1568 431 1609 esse
452 1550 531 1610 illum
552 1551 652 1609 nescio
676 1567 760 1627 quem
781 1567 865 1608 unum
887 1552 972 1610 etiam
994 1569 1056 1610 cum
1073 1569 1120 1627 eo,

120 1638 168 1714 qui
190 1637 220 1694 in
241 1635 352 1694 scholis
379 1634 516 1694 eruditur.
560 1633 619 1694 Sed
646 1635 756 1694 etiarnsi
782 1635 860 1711 iungi
886 1644 1038 1713 utrumque
1064 1653 1121 1695 non

115 1727 238 1799 posset,
264 1719 360 1778 lumen
381 1727 476 1779 tamen
497 1718 568 1778 illud
591 1726 750 1777 conventus
771 1718 967 1778 honestissimi
991 1719 1120 1779 tenebris

115 1823 152 1865 ac
167 1803 316 1863 solitudini
331 1804 544 1881 praetulissem.
576 1800 647 1860 Nam
664 1804 787 1881 optimus
805 1805 927 1881 quisque
943 1814 1121 1882 praeceptor

115 1888 282 1966 frequentia
297 1886 406 1964 gaudet
420 1904 455 1946 ac
468 1887 579 1947 maiore
595 1904 628 1945 se
643 1886 756 1946 theatro
773 1885 888 1964 dignum
903 1897 998 1965 putat,
1017 1888 1122 1951 atlere
1133 1896 1165 1947 10

115 1975 244 2031 minores
268 1989 306 2030 ex
330 1972 508 2031 conscientia
529 1989 599 2030 suae
620 1971 789 2029 infirmitatis
810 1971 933 2030 haerere
954 1971 1075 2047 singulis
1094 1982 1122 2031 et

116 2057 218 2116 oilioio
240 2055 322 2132 iungi
346 2055 557 2133 quodammodo
583 2055 821 2132 paedagogorum
847 2072 904 2114 non
930 2056 1119 2133 indignantur.

116 2140 177 2200 Sed
198 2148 332 2218 praestet
352 2139 439 2198 alicui
459 2138 508 2198 vel
529 2141 621 2216 gratia
641 2138 690 2197 vel
712 2140 836 2217 pecunie
857 2138 905 2198 vel
928 2142 1066 2215 amicitia,
1090 2149 1162 2199 utll

115 2224 315 2284 doctissimum
337 2231 424 2301 atque
445 2222 700 2301 incomparabilem
719 2225 885 2300 magistrum
908 2223 983 2283 domi
1000 2223 1119 2284 habeat:

114 2327 182 2367 uum
203 2316 299 2367 tamen
319 2307 370 2367 ille
392 2316 483 2367 totum
503 2309 531 2365 in
553 2324 609 2365 uno
630 2306 705 2366 diem
726 2316 947 2386 consumpturus
969 2306 1035 2368 esti
1074 2319 1122 2368 aut

115 2400 304 2471 potestesse
323 2390 383 2450 ulla
405 2400 461 2452 tam
483 2399 624 2469 perpetua
645 2391 783 2450 discentis
806 2394 942 2468 intentio,
967 2409 1041 2471 quae
1064 2410 1121 2452 non

116 2485 147 2536 ut
161 2478 242 2536 risus
256 2476 409 2536 oculorum
424 2474 526 2535 obtutu
542 2477 677 2534 continuo
693 2473 850 2550 fatigetur?
872 2493 935 2535 cum
950 2479 1121 2553 praesertim

116 2560 207 2620 multo
230 2560 299 2638 plus
320 2561 430 2620 secreti
449 2561 588 2637 temporis
610 2558 703 2618 studia
723 2557 898 2617 desiderent.
930 2557 1033 2635 Neque
1050 2562 1163 2620 enim12

116 2643 275 2720 scribenti,
300 2643 458 2718 ediscenti,
488 2645 627 2721 cogitanti
648 2650 826 2720 praeceptor
849 2642 972 2716 assistit,
1002 2658 1122 2719 quorum

116 2726 227 2805 aliquid
249 2727 402 2805 agentibus
425 2728 621 2806 cuiuscunque
641 2729 819 2786 interventus
840 2725 1044 2805 impedimento
1066 2736 1120 2784 est.

116 2811 217 2871 Lectio
243 2828 360 2889 quoque
382 2828 440 2872 nou
461 2812 552 2871 omnis
572 2829 628 2871 nec
649 2829 766 2891 semper
787 2811 946 2890 praeeunte
966 2810 1014 2870 vel
1034 2812 1120 2870 inter·

116 2903 252 2973 pretente
274 2905 353 2972 eget.
399 2894 521 2970 Quando
548 2897 622 2956 enim
647 2904 690 2955 tot
717 2904 866 2956 auctorum
890 2897 990 2955 notitia
1012 2897 1120 2956 contin·

115 2975 223 3056 geret?
252 2978 398 3039 Modicum
414 2996 487 3057 ergo
503 2989 616 3059 tempus
638 2988 701 3054 est,
726 2980 827 3058 quoin
846 2989 936 3039 totum
952 2980 1027 3040 diem
1040 2979 1121 3041 velut

115 3080 192 3142 opus
214 3064 374 3124 ordinetur.
402 3063 532 3142 ldeoque
548 3082 602 3143 per
622 3063 722 3142 plures
744 3066 787 3123 ire
803 3073 926 3142 possunt
947 3066 1032 3124 etiam
1047 3082 1121 3143 quae
1131 3065 1164 3119 13

114 3147 240 3224 siugulis
266 3148 406 3209 tradenda
432 3157 507 3207 sunt.
557 3148 701 3231 Pleraque
726 3165 798 3208 vero
823 3148 896 3207 hano
922 3149 1121 3209 condicionem

113 3231 242 3308 habent,
264 3240 295 3291 ut
312 3233 413 3293 eadem
431 3249 508 3292 voce
528 3233 563 3293 ad
585 3249 685 3292 omnes
701 3232 785 3292 simul
801 3233 993 3310 perferantur.
1023 3232 1120 3292 Taceo

113 3315 152 3376 de
169 3316 375 3394 partitionibus
397 3326 426 3376 et
449 3316 707 3377 declamationibus
729 3315 892 3394 rhetorum,
916 3316 1018 3395 quibus
1040 3325 1121 3376 certe

112 3408 359 3482 quantuscunque
383 3419 519 3461 numerus
538 3400 724 3477 abhibeatur,
747 3409 841 3460 tumen
861 3402 1059 3479 unusquisque
1077 3409 1120 3458 to·
