2566 4026
398 177 838 249 mononuuonurmms.
1062 170 1124 237 183

121 338 236 420 quidem
251 345 347 396 natum
362 333 398 394 ab
415 337 608 396 ostentatione
624 333 829 395 declamatoria
843 337 899 395 ianr
913 337 942 396 in
956 336 1050 400 iorum
1070 358 1125 401 vs·

120 426 172 499 nit,
195 429 349 500 postquam
364 435 454 496 agere
470 437 572 480 causas
588 435 646 478 non
661 417 696 479 ad
711 418 861 479 utilitatem
877 419 1053 498 litigatorum
1069 424 1123 485 sed

120 506 157 567 ad
173 514 359 584 patronorum
374 504 557 563 iactationem
578 511 725 581 repertum
741 512 799 571 est;
816 520 868 578 ne,
888 505 912 562 si
930 522 1051 582 pressae
1068 508 1121 586 illi,

121 589 215 669 qualis
237 588 354 666 saepius
374 585 571 663 desideratur,
597 588 768 646 narrationis
793 586 949 664 gracilitati
970 591 1123 655 coniuncta

119 681 354 750 argumentorum
374 672 543 749 pugnacitas
564 670 667 746 luerit,
690 669 785 730 dilatis
805 669 910 730 diutius
932 670 1048 732 dicendi
1070 692 1122 734 ro·

120 755 278 835 luptatibus
300 755 392 815 oratio
412 755 596 832 refrigescat.
630 752 662 814 ln
684 770 741 831 quo
756 755 856 813 vitium
870 753 1020 832 illudent,
1044 757 1151 836 quoda

118 842 183 900 sine
199 839 362 898 discrimine
378 855 528 898 causarum
551 847 637 917 atque
651 838 781 897 utilitatis
797 837 870 913 bno,
892 846 1026 918 tanquam
1046 858 1121 901 sem·

119 942 174 1003 per
190 921 326 1001 expediat
345 931 393 981 aut
415 923 499 982 etiam
516 939 641 981 necesse
656 923 707 996 sit,
732 921 853 989 iaciunt;
875 938 970 1000 coque
994 934 1122 1003 sumptas

118 1026 158 1067 en
172 1007 216 1066 bis
232 1006 379 1085 partibus,
397 1023 516 1084 quarum
531 1006 604 1066 alius
622 1014 684 1065 crat
699 1004 800 1081 locus,
825 1008 984 1067 sententias
1005 1009 1035 1067 in
1049 1008 1124 1070 banc

119 1098 291 1168 congerunt,
309 1098 340 1149 ut
354 1089 476 1167 plurima
491 1099 539 1149 aut
553 1091 656 1150 iterum
667 1088 789 1150 dicenda
802 1090 858 1149 sint
869 1099 928 1165 aut,
947 1093 1013 1171 quia
1025 1092 1121 1153 alieno

118 1175 187 1236 loco
207 1174 283 1234 dicta
300 1181 380 1248 sunt,
403 1172 459 1232 dici
475 1190 528 1234 suo
544 1190 602 1233 non
618 1174 741 1251 possint.
777 1171 843 1250 Ego
859 1182 953 1234 autern
970 1175 1152 1254 confiteor‚4

118 1258 177 1318 boo
199 1255 363 1335 expatiandi
383 1275 476 1333 genus
496 1274 553 1318 uon
574 1260 660 1320 modo
682 1258 838 1316 narrationi
861 1257 1016 1319 sedetiam
1034 1277 1122 1337 quae·

117 1340 271 1417 stionibus,
287 1341 336 1400 vel
351 1342 493 1400 universis
508 1341 557 1400 vel
572 1341 685 1401 interim
696 1341 829 1418 singulis,
847 1351 1011 1419 opportune
1032 1360 1123 1421 posse

119 1424 264 1502 subiungi,
282 1443 346 1484 oum
366 1442 414 1483 res
430 1424 558 1502 postulat
573 1434 622 1485 aut
637 1433 718 1484 certe
733 1424 887 1502 permittit,
911 1433 998 1505 atque
1022 1443 1058 1487 eo
1073 1427 1124 1490 val

117 1512 240 1569 manime
261 1508 399 1568 illustrari
422 1509 577 1587 ornarique
599 1509 774 1576 orationem
803 1507 856 1568 sed
882 1510 906 1568 si
931 1510 1071 1571 cohaeret
1092 1521 1123 1573 et

117 1594 264 1671 sequitur,
287 1608 345 1651 non
371 1594 469 1670 siper
495 1594 551 1651 vim
572 1600 710 1653 cuneatur
734 1601 778 1668 et,
808 1609 882 1670 quae
902 1602 1002 1653 natura
1025 1596 1122 1656 iuncta

119 1686 216 1750 erant,
233 1675 374 1736 distrahit.
410 1674 488 1735 Nihil
504 1678 578 1735 enirn
594 1686 650 1737 tam
665 1685 710 1736 est
726 1693 910 1754 consequens
925 1695 1009 1757 quam
1022 1688 1149 1740 narra-5

117 1761 188 1819 tioni
203 1759 352 1838 probatio,
379 1760 434 1818 nisi
457 1777 598 1819 excursus
621 1761 672 1820 ille
698 1760 746 1820 vel
767 1762 849 1838 quasi
870 1760 933 1820 linis
949 1764 1121 1823 narrationis

117 1844 167 1904 vel
182 1845 264 1923 quasi
279 1845 387 1902 initium
404 1843 585 1921 probationis
604 1853 658 1904 est.
695 1843 759 1904 Erit
775 1861 846 1921 ergo
862 1844 905 1904 illi
919 1862 1122 1926 nonnunquam

117 1927 212 2003 locus,
229 1936 270 2002 ut,
286 1928 310 1986 si
327 1929 473 2005 expositio
492 1928 570 1987 circa
586 1927 671 1988 finem
685 1937 770 1987 atrox
786 1929 887 2004 luerit,
910 1945 1123 2009 prosequamur

118 2029 181 2071 earn
201 2010 282 2070 velut
307 2019 476 2089 erumpente
503 2012 633 2088 protinus
655 2011 862 2089 indignatione.
912 2011 998 2085 Quod
1025 2022 1150 2078 tamenn

116 2096 155 2154 ita
172 2094 235 2153 lieri
250 2093 411 2173 oportebit,
435 2096 459 2153 si
479 2112 527 2153 res
544 2093 750 2156 dubitationem
764 2113 822 2154 non
836 2094 963 2156 babebit.
1000 2096 1121 2177 Alioqui

116 2180 196 2257 prius
213 2187 268 2253 est,
292 2178 369 2256 quod
386 2177 523 2253 obiicias,
539 2196 639 2238 verum
653 2178 773 2239 efficere
790 2197 874 2257 quam
889 2197 1037 2258 magnum,
1054 2181 1121 2258 quia

117 2264 265 2321 criminum
288 2261 393 2321 invidia
414 2279 468 2340 pro
489 2279 542 2322 reo
565 2272 626 2339 est,
650 2265 817 2341 priusquam
837 2263 1022 2340 probabitur;
1045 2264 1120 2324 diffi-

117 2346 222 2406 cillima
244 2355 289 2406 est
324 2347 398 2404 enim
418 2346 581 2423 gravissimi
609 2348 749 2424 cuiusque
772 2346 896 2406 sceleris
917 2346 1000 2406 lides.
1043 2345 1151 2410 ldemi

117 2429 179 2489 lieri
194 2447 252 2489 uon
269 2429 408 2490 inutiliter
422 2439 537 2509 potest,
553 2438 598 2504 ut,
614 2431 639 2489 si
653 2430 754 2489 merita
769 2431 797 2488 in
813 2429 1008 2489 adversarium
1024 2429 1121 2507 aliqua

117 2515 308 2592 exposueris,
331 2514 359 2572 in
374 2515 516 2591 ingratum
530 2513 692 2582 inveharis;
716 2522 780 2588 aut,
796 2514 821 2572 si
837 2514 1008 2572 varietatem
1025 2514 1119 2572 orimi-

116 2614 182 2656 num
208 2598 373 2657 narratione
395 2598 655 2672 demonstraveris,
683 2606 818 2675 quantum
839 2595 876 2655 ob
899 2613 934 2655 ea
956 2595 1117 2673 periculum

115 2681 286 2756 intentetur,
314 2681 460 2742 ostendas.
505 2681 614 2740 Verum
633 2681 706 2741 baec
731 2680 861 2740 breviter
884 2681 987 2740 omnia.
1028 2677 1149 2744 luders

116 2765 207 2840 enim,
236 2764 336 2824 ordine
357 2763 470 2840 audito,
493 2765 610 2824 festinat
636 2763 671 2825 ad
695 2762 896 2843 probationem
921 2772 950 2823 et
976 2765 1119 2841 quampri-

117 2864 193 2905 mum
208 2858 304 2908 oertus
321 2866 389 2908 esse
406 2850 568 2909 sententiae
586 2851 673 2927 cupit.
711 2848 868 2908 Praeterea
885 2847 1044 2908 carendum
1062 2856 1118 2922 est,

117 2948 154 2988 ue
170 2931 231 3009 ipsa
248 2933 394 3010 expositio
409 2941 562 3008 vanescat,
591 2933 703 2991 aversis
724 2933 752 2991 in
774 2932 852 2992 aliud
877 2933 976 2992 animis
998 2940 1027 2991 et
1044 2931 1120 2990 inani

114 3030 194 3075 mora
214 3015 352 3093 fatigatis.

200 3098 260 3158 Sed
271 3108 301 3158 ut
316 3115 373 3157 non
389 3117 507 3178 semper
527 3109 572 3160 est
588 3101 756 3160 necessaria
777 3109 845 3178 post
859 3099 1053 3159 narrationem
1069 3097 1149 3161 illas

115 3184 280 3258 procursio,
297 3183 336 3243 ita
354 3183 525 3263 frequenter
539 3184 617 3244 utilis
630 3192 696 3244 ante
709 3185 910 3262 quaestionem
921 3182 1117 3260 praeparatio,

114 3266 214 3344 utique
232 3266 257 3324 si
275 3267 365 3344 prima
380 3268 482 3345 specie
497 3269 589 3327 minus
610 3270 665 3328 erit
681 3267 862 3343 favorabilis,
879 3268 904 3326 si
920 3267 1017 3344 legem
1032 3283 1117 3343 aspe-

113 3363 232 3410 ramae
256 3352 411 3428 poenarias
436 3352 568 3411 actiones
590 3351 742 3411 tuebimur.
787 3350 841 3411 Est
861 3351 908 3411 bic
931 3351 1016 3411 locus
1037 3349 1119 3409 velut

113 3435 264 3513 sequentis
290 3434 401 3494 exordii
424 3434 459 3495 ad
485 3435 694 3495 conciliandum
714 3434 934 3518 probationibus
953 3434 1061 3495 nostris
1076 3435 1119 3492 lu·
