2566 4026
345 204 782 272 rusn.onnroa.n1a.x1,1.
1006 196 1065 258 201

61 365 129 426 lutis
150 371 227 420 stare
251 361 315 438 ipsa
336 376 393 417 non
407 361 510 439 possit.
541 358 702 420 Assecntns
717 362 814 439 itaque
831 371 891 438 est,
914 371 945 422 nt
961 364 1069 442 aliquid

63 465 163 507 eornm
184 462 300 523 quoque
322 462 410 504 cansa
430 444 578 505 videretur
599 444 715 520 facere,
739 454 839 505 contra
857 463 930 524 quos
946 447 1066 508 diceret.

60 531 136 592 lllud
153 532 237 589 etiam
254 531 282 588 in
300 528 373 587 iocis
387 529 499 603 monui,
521 546 605 606 qnam
625 531 716 608 turpis
740 538 820 589 esset
840 531 974 590 fortunae
993 532 1110 598 inse-86

62 616 160 690 otatio,
176 621 205 672 et
222 631 258 672 ne
270 614 298 671 in
309 620 388 672 totos
401 612 517 671 ordines
533 622 581 672 ant
592 621 694 689 gentes
708 623 755 672 aut
770 613 897 692 populos
911 615 1069 693 petulantia

60 701 231 759 incurreret.
256 696 314 757 Sed
325 698 438 756 interim
453 696 525 757 lides
540 699 693 774 patrocinii
706 699 785 774 cogit
801 698 942 777 quaedam
956 699 993 758 de
1007 702 1068 758 nni-

60 799 148 843 verso
160 799 271 858 genere
283 780 444 858 aliquorum
455 780 599 840 hominum
615 781 724 858 dicere,
741 780 939 842 libertinorum
954 782 1003 843 vel
1018 785 1068 843 mi·

59 867 140 926 litum
151 865 200 927 vel
213 864 431 944 publicanorum
446 865 496 924 vel
507 865 638 924 similiter
654 865 782 925 aliorum.
813 864 845 925 ln
861 867 963 946 quibus
981 869 1110 932 omni-87

59 950 114 1010 bus
128 968 277 1010 commune
291 948 448 1009 remedium
464 958 520 1025 est,
536 958 566 1008 nt
578 967 622 1024 ea,
641 967 716 1028 quae
727 950 853 1026 laedunt,
871 968 929 1010 non
944 951 1069 1011 libenter

60 1044 185 1094 tractare
200 1033 340 1101 videaris;
357 1051 412 1092 nec
427 1035 456 1092 in
467 1034 559 1092 omnia
571 1035 707 1112 impetum
718 1034 809 1094 facias
825 1035 878 1094 sed
893 1034 973 1111 inid,
991 1036 1069 1113 quod

61 1118 282 1197 expugnandum
297 1126 355 1185 est;
383 1125 412 1176 et
425 1117 642 1196 reprehendens
657 1119 712 1178 alia
729 1118 813 1178 laude
829 1135 1017 1197 compenses:
1045 1121 1111 1182 si88

61 1203 182 1280 cupidos
200 1202 306 1261 milites
324 1201 421 1277 dicas,
445 1202 498 1262 sed
519 1219 576 1260 non
591 1203 705 1278 mirum,
728 1202 806 1280 qnod
823 1203 1018 1282 periculorum
1035 1221 1069 1263 ac

60 1287 208 1362 sanguinis
230 1286 338 1346 maiora
363 1285 418 1345 sibi
440 1286 541 1345 deberi
561 1287 688 1364 praemia
710 1295 824 1365 putent;
851 1287 972 1347 eosdem
987 1297 1068 1365 petu-

60 1371 166 1446 lantes,
183 1369 235 1429 sed
247 1369 304 1428 hoo
316 1369 390 1445 lieri,
408 1369 485 1448 qnod
499 1369 585 1429 bellis
598 1372 690 1447 magis
703 1388 787 1448 qnam
800 1372 865 1449 paoi
878 1373 1068 1432 assueverint.

59 1454 212 1514 libertinis
228 1453 405 1513 detrahenda
418 1462 463 1513 est
478 1456 649 1523 auctoritem
664 1454 735 1513 licet
749 1456 783 1513 iis
800 1456 992 1520 testimonium
1004 1455 1069 1514 red·

60 1538 131 1598 dere
157 1538 330 1613 industriae,
353 1556 407 1616 per
429 1556 513 1616 qnam
531 1539 654 1598 exierint
675 1537 711 1597 de
733 1540 882 1599 servitute.
927 1539 1012 1613 Quod
1033 1538 1068 1599 ad
1077 1548 1111 1603 89

60 1624 192 1681 nationes
210 1630 326 1680 exteras
341 1623 484 1701 pertinet,
504 1619 609 1681 Cicero
627 1623 724 1682 varie:
749 1623 931 1683 detracturus
950 1621 1069 1685 Graecis

61 1704 182 1765 testibus
208 1705 292 1764 iidem
315 1705 472 1766 doctrinam
492 1707 527 1764 iis
546 1706 680 1767 concedit
699 1725 734 1766 ac
749 1706 875 1783 litteras,
898 1724 990 1784 seque
1008 1709 1070 1767 eius

60 1791 156 1867 gentis
172 1798 329 1850 amatorem
346 1809 413 1849 esse
430 1790 598 1868 profitetur,
618 1790 727 1851 Sardos
745 1792 912 1868 contemnit,
930 1790 1069 1852 Allobro-

59 1892 113 1951 gas
137 1882 168 1933 ut
189 1873 291 1933 hostes
307 1875 479 1942 insectatum
502 1893 623 1952 qnorum
643 1875 712 1935 nihil
725 1884 810 1953 tunc,
835 1894 899 1936 oum
912 1875 1069 1950 diceretur,

60 1975 162 2035 parum
176 1966 274 2035 aptum
289 1966 338 2016 ant
351 1967 493 2017 remotum
508 1977 577 2021 cura
593 1959 709 2020 decoris
724 1960 786 2019 fuit.
808 1959 973 2019 Verborum
989 1961 1114 2024 alianto

61 2040 262 2100 moderatione
278 2040 389 2099 detrahi
405 2041 499 2115 solet,
523 2044 548 2101 si
560 2059 618 2121 ona
634 2052 678 2102 est
694 2045 738 2102 rei
753 2045 873 2104 invidia:
895 2045 920 2103 si
937 2060 1072 2122 asperum

62 2125 142 2185 dioas
162 2125 290 2183 ilc‘tniam
306 2141 462 2199 seuerum,
483 2124 616 2184 iniustum
630 2129 831 2203 persuasione
847 2127 927 2203 tuti,
946 2129 1071 2204 pertina-

63 2224 126 2266 oem
143 2206 226 2266 ultro
240 2205 361 2266 modum
376 2215 514 2267 tenacem
529 2224 598 2268 osse
612 2211 761 2287 propositi
766 2232 780 2278 ,·
806 2209 978 2287 plerumque
992 2209 1073 2269 velut

62 2292 144 2368 ipsos
163 2289 279 2348 coneris
295 2291 406 2353 ratione
423 2291 553 2368 vincere,
570 2292 648 2370 quod
664 2301 708 2352 est
722 2291 930 2351 mollissimum.

148 2372 321 2437 lndeoornm
337 2386 382 2437 est
399 2376 576 2455 superhaec
592 2392 675 2436 omne
696 2376 825 2451 nimium,
847 2376 973 2452 ideoque
989 2375 1074 2435 etiam
1081 2378 1114 2433 91

62 2461 140 2543 quod
153 2471 254 2522 natura
269 2463 312 2521 rei
325 2463 395 2521 satis
408 2470 504 2540 aptum
519 2469 574 2537 est,
591 2461 645 2520 nisi
657 2459 743 2520 modo
756 2476 873 2538 quoque
884 2467 1072 2536 temperatur,

64 2549 185 2625 gratiam
207 2546 309 2625 perdit.
349 2543 436 2606 cuius
463 2546 506 2604 rei
522 2544 689 2605 obseruatio
712 2544 818 2603 iudicio
840 2543 932 2619 magis
949 2543 1073 2621 quodam

64 2633 165 2691 sentiri
190 2649 274 2709 quam
299 2631 465 2709 praeceptis
489 2630 563 2690 tradi
588 2638 702 2708 potest:
731 2637 866 2706 quantum
891 2627 962 2686 satis
984 2627 1021 2685 sit
1045 2634 1074 2684 et

65 2725 201 2794 qnantum
223 2716 365 2793 recipiant
387 2733 482 2775 aures.
515 2712 581 2774 Non
603 2713 691 2774 habet
712 2712 786 2772 haec
800 2730 849 2772 res
867 2728 1029 2771 mensuram
1045 2718 1074 2769 et

66 2801 148 2877 qnasi
167 2800 290 2876 pondus,
307 2801 373 2876 qnia
389 2808 419 2858 ut
435 2800 463 2857 in
479 2798 551 2857 cibis
567 2797 624 2858 alia
641 2798 705 2858 aliis
723 2798 814 2873 magis
831 2795 987 2873 complent.

150 2882 350 2942 Adiioiendnm
373 2884 458 2942 etiam
480 2882 608 2941 breviter
629 2882 761 2955 videtur,
784 2880 861 2957 quod
881 2880 944 2938 fere
961 2878 1116 2940 dicendiiib

64 2968 187 3026 virtutes
204 2967 418 3026 diversissimae
438 2983 497 3024 non
513 2966 607 3026 solnm
630 2981 699 3023 suos
716 2973 861 3024 amatores
882 2963 1008 3023 habeant
1022 2960 1075 3021 sed

67 3050 103 3108 ab
120 3051 230 3111 eisdem
253 3069 343 3129 saepe
361 3050 522 3110 laudentur.
557 3049 629 3109 Nam
648 3045 754 3108 Cicero
775 3047 899 3126 quodam
915 3047 982 3107 loco
1004 3047 1075 3105 scri·

67 3132 118 3206 bit,
134 3135 170 3193 id
184 3154 251 3195 esec
266 3136 419 3212 optimam,
436 3136 532 3213 quod,
549 3152 617 3194 cum
632 3139 661 3196 te
674 3133 768 3212 facile
783 3132 957 3194 credideris
973 3149 1075 3192 conse·

67 3218 121 3294 qui
133 3218 316 3295 imitatione,
331 3237 392 3279 aon
406 3218 516 3296 possis.
547 3217 614 3277 Alio
629 3232 718 3292 vero,
732 3235 794 3278 ooo
811 3217 845 3277 id
859 3217 972 3294 episto,
987 3224 1019 3275 ot
1032 3215 1077 3275 itu

67 3302 196 3377 diceret,
216 3304 364 3379 quomodo
380 3322 413 3363 se
429 3302 554 3380 quilibet
565 3320 655 3380 posse
670 3300 839 3379 confideret
854 3301 912 3360 sed
929 3299 1077 3378 quomodo

65 3403 162 3446 nemo.
205 3384 289 3458 Quod
309 3395 409 3465 potest
429 3404 559 3466 pugnare
575 3387 650 3446 inter
665 3403 697 3445 se
713 3385 814 3445 videri.
847 3384 956 3443 Verum
971 3391 1077 3442 utrum·
1084 3389 1118 3444 93

66 3487 125 3548 qne
146 3487 181 3528 ao
202 3471 306 3530 merito
328 3471 476 3549 laudatur,
500 3488 650 3531 cansarum
671 3471 745 3530 enim
767 3467 853 3529 modo
876 3469 972 3530 distat.
1004 3466 1077 3541 Quia
