2566 4026
220 177 276 240 138
550 187 911 248 u.uas.cn1un1nmu1

214 345 361 421 invenias,
378 353 407 405 et
424 343 640 424 Anacreontion
657 345 787 421 protinus
803 344 890 403 colon
908 343 1038 421 cilicias,
1058 355 1087 406 et
1102 347 1128 404 si
1149 347 1224 407 velis

214 429 380 504 trimetron,
402 437 432 488 ct
453 427 531 506 quod
548 427 661 487 duobus
677 427 800 504 pedibus
816 437 845 487 et
863 436 946 506 parte
969 428 1186 510 πενθημιμερὲς
1208 449 1223 490 a

215 510 335 572 Graecis
349 512 470 587 dicitur,
488 511 606 571 ethaeo
622 512 715 571 omnia
731 513 759 571 in
773 511 864 570 tribus
880 511 994 582 verbis;
1015 521 1044 572 et
1059 512 1223 591 Thucydidi

213 587 287 675 ὑπὲρ
309 589 400 674 ἥμισυ
416 597 511 675 Κᾶρες
531 589 684 673 ἐφάνησαν
706 613 744 655 ex
769 595 940 655 mollissimo
956 595 1154 671 rhythmorum
1170 617 1222 675 ge·

213 697 283 738 nere
304 680 421 740 excidit.

173 767 206 824 ts
296 763 354 823 Sed
377 766 442 840 quia
466 781 578 823 omnem
607 765 766 823 orationem
791 772 926 822 constare
953 763 1112 840 pedibus
1146 764 1221 825 dixi:

214 849 310 927 aliqua
334 847 370 907 de
391 847 435 906 bis
451 864 583 926 quoque3
609 865 730 925 quorum
749 848 862 907 nomina
885 846 951 923 quia
971 849 1051 906 varia
1077 865 1145 907 esse
1163 857 1222 908 tra-

215 931 332 993 duntur:
356 931 585 991 constituendum
610 941 669 1007 est,
694 948 751 1009 quo
773 948 917 1009 quemque
944 928 1135 1008 appellemus.
1183 931 1222 991 Et

215 1015 329 1093 quidem
346 1013 518 1075 Ciceronem
535 1033 656 1094 sequar,
680 1017 761 1094 (nam
785 1017 809 1074 is
833 1016 1073 1074 eminentissimos
1090 1013 1221 1074 Graeco·

214 1118 275 1159 rum
298 1108 342 1158 est
365 1099 500 1178 secutus)
527 1107 654 1177 excepto
676 1099 752 1177 quod
773 1117 826 1176 pes
850 1098 917 1158 mihi
938 1099 989 1157 tris
1013 1097 1142 1172 syllabas
1162 1117 1221 1158 nou

214 1184 327 1243 videtur
350 1182 513 1260 excedere,
536 1201 696 1264 quanquam
717 1183 769 1243 ille
784 1199 899 1260 paeone
915 1181 1125 1260 dochmioque,
1147 1200 1220 1261 quo·

213 1285 275 1326 rum
291 1269 371 1346 prior
386 1269 415 1326 in
431 1276 583 1345 quattuor,
601 1267 745 1326 secundus
761 1268 790 1325 in
809 1267 934 1344 quinque
952 1267 1094 1341 excurrit,
1112 1275 1219 1326 utatur.

170 1350 278 1411 80Nec
296 1361 393 1410 tamur
413 1352 477 1429 ipsc
500 1350 675 1427 dissimulat,
700 1349 868 1429 quibusdam
889 1366 1025 1409 numeros
1047 1350 1141 1409 videri
1161 1368 1220 1410 non

213 1436 315 1513 pedes.
352 1434 456 1513 Neque
477 1435 633 1503 immerito;
657 1433 795 1513 quidquid
810 1435 883 1493 euim
906 1450 994 1511 supra
1009 1434 1060 1491 tris
1076 1434 1219 1510 syllabas,

212 1520 242 1579 id
266 1527 312 1579 est
336 1537 373 1578 ex
397 1518 527 1596 pluribus
549 1518 682 1597 pedibus.
730 1517 811 1594 Ergo
837 1535 899 1577 cum
928 1525 1061 1576 constent
1082 1526 1220 1595 quattuor

212 1603 305 1681 pedes
324 1602 414 1676 binis,
440 1611 507 1661 octo
528 1604 633 1662 ternis:
657 1601 817 1680 spondeum
839 1601 934 1677 longis
956 1600 1081 1669 duabus;
1104 1601 1218 1678 pyrrhi-

214 1686 323 1760 chium,
337 1702 421 1763 quem
437 1685 485 1744 alii
501 1685 676 1763 pariambum
689 1694 811 1760 vocant,
827 1684 981 1752 brevibus;
997 1684 1121 1743 iambum
1134 1685 1219 1745 brevi

213 1769 374 1846 longaque;
395 1769 461 1827 huic
477 1771 650 1828 contrarium
667 1788 683 1829 e
699 1769 786 1846 longa
802 1777 831 1828 et
845 1768 928 1828 brevi
944 1768 1096 1844 choreum,
1114 1786 1172 1827 non
1188 1777 1216 1828 ut

169 1851 260 1911 statii
282 1851 450 1910 trochaeum
471 1853 657 1912 nominemus.
699 1851 744 1912 Ex
767 1852 921 1927 hisvero,
946 1853 994 1929 qui
1011 1861 1110 1911 ternas
1128 1851 1217 1927 sylla·

211 1936 264 1995 bas
278 1934 401 2009 habent,
421 1935 566 2010 dactylum
587 1935 675 2012 longa
699 1935 866 2012 duabusque
882 1935 1034 2003 brevibus:
1057 1935 1125 1995 huic
1146 1944 1216 1995 tem·

213 2018 332 2096 poribus
354 2035 453 2096 parem
466 2019 519 2078 sed
540 2027 716 2079 retroactum
738 2019 881 2098 appellari
898 2027 1011 2079 constat
1026 2028 1215 2096 anapaestcn.

211 2101 306 2162 Media
322 2103 396 2162 inter
417 2102 519 2180 longas
538 2102 635 2162 brevis
651 2103 741 2164 faciet
758 2103 994 2181 amphimacrum,
1011 2103 1064 2162 sed
1078 2102 1216 2181 frequen·

169 2185 266 2246 estius
294 2186 356 2245 eius
377 2204 482 2246 nomen
504 2194 549 2247 est
572 2189 708 2247 creticus.
757 2186 856 2264 Longa
871 2189 945 2247 inter
960 2185 1083 2262 breves,
1107 2185 1216 2265 amphi-

210 2269 351 2345 brachys;
369 2270 477 2330 duabus
491 2271 587 2348 longis
598 2271 717 2331 brevem
730 2269 917 2348 sequentibus
929 2269 1084 2344 bacchius,
1097 2271 1216 2330 totidem

210 2353 307 2431 longis
322 2353 441 2414 brevem
458 2354 702 2434 praecedentibus
718 2353 944 2433 palimbacchius
960 2355 1024 2412 erit.
1058 2353 1131 2413 Tres
1147 2353 1217 2413 bre-

209 2456 262 2497 ves
279 2437 463 2515 trochaeum,
483 2457 567 2518 quem
583 2438 747 2513 tribrachyn
764 2437 819 2496 dici
834 2437 951 2512 volunt,
967 2439 1015 2515 qui
1031 2436 1141 2496 choreo
1157 2445 1216 2497 tro-

213 2522 296 2580 chaei
316 2539 421 2581 nomen
442 2523 604 2600 imponunt;
628 2522 747 2581 totidem
768 2522 875 2597 longae
900 2521 1051 2580 molosson
1074 2520 1215 2580 efficient.

168 2603 317 2664 sariorum
335 2605 439 2683 pedum
455 2605 550 2664 nullus
565 2622 623 2664 uon
638 2607 666 2664 in
682 2607 841 2664 orationem
856 2606 950 2679 venit,
967 2603 1019 2663 sed
1035 2621 1092 2682 quo
1109 2605 1217 2682 quique

212 2696 276 2747 sunt
300 2689 479 2766 temporibus
495 2688 644 2765 pleniores
661 2689 814 2765 longisque
832 2687 953 2763 syllabis
971 2689 1063 2764 magis
1082 2687 1215 2764 stabiles,

209 2772 268 2831 hoc
290 2773 455 2847 graviorem
478 2771 586 2833 iaciunt
602 2773 778 2847 orationem,
804 2771 910 2831 breves
928 2771 1055 2831 celerem
1076 2789 1111 2830 ac
1125 2770 1216 2830 mobi-

211 2855 278 2915 lem.
323 2854 481 2932 Utrumque
497 2855 571 2915 locis
586 2855 667 2914 utile.
711 2853 784 2914 Nam
799 2864 828 2914 et
845 2855 932 2930 illud,
951 2855 999 2914 ubi
1016 2873 1089 2932 opus
1107 2863 1151 2914 est
1166 2873 1216 2913 ye-

211 2939 347 3014 locitate,
364 2940 473 2999 tardum
486 2948 515 2998 et
526 2958 635 3016 segne,
652 2947 681 2998 et
695 2938 769 3014 hoc,
785 2938 833 2997 ubi
847 2939 960 3015 pondus
973 2940 1115 3015 exigitur,
1132 2933 1216 3016 prae·

169 3028 204 3083 84
212 3040 282 3100 ceps
298 3039 332 3082 ac
344 3022 489 3082 resultans
505 3026 607 3083 merito
621 3023 778 3082 damnetur.
809 3023 852 3081 Sit
863 3024 892 3081 in
906 3021 964 3081 hcc
976 3039 1092 3100 quoque
1108 3021 1216 3099 aliquid

211 3105 337 3165 fortasse
352 3107 505 3182 momenti,
528 3106 605 3185 quod
622 3115 650 3165 ct
667 3107 762 3183 longis
783 3105 932 3182 longiores
952 3114 982 3165 et
998 3105 1136 3165 brevibus
1152 3114 1218 3165 sunt

211 3188 362 3249 breviores
378 3190 525 3266 syllabae;
546 3200 592 3267 ut,
614 3193 742 3267 quamvis
759 3207 855 3267 neque
870 3189 936 3267 plus
952 3189 1064 3251 duobus
1079 3192 1216 3267 tempori·

212 3272 265 3330 bus
289 3291 384 3351 neque
405 3292 461 3334 uno
482 3276 573 3333 minus
599 3273 708 3333 habere
733 3273 899 3348 videantur,
929 3274 1056 3352 ideoque
1072 3275 1099 3332 in
1117 3276 1216 3333 metris

213 3372 313 3414 omnes
329 3357 435 3417 breves
456 3359 622 3437 longaeque
639 3359 714 3416 inter
728 3375 796 3416 sese
814 3359 870 3416 sint
886 3375 988 3434 pares:
1016 3358 1105 3417 lateat
1121 3366 1217 3417 tamen

213 3441 313 3498 nescio
328 3442 411 3517 quid,
431 3441 507 3519 quod
523 3443 649 3520 supersit
668 3449 716 3500 aut
732 3440 816 3500 desit.
859 3440 931 3500 Nam
945 3459 1082 3501 versuum
1096 3443 1219 3520 propria
