2566 4026
363 222 830 293 rnen.onanon.ura.v111,4.
1062 213 1103 275 67

93 399 174 442 mum
189 400 288 441 meum
305 382 540 459 relinquendam
559 387 710 460 putorem.
745 380 862 441 Interim
884 381 1036 460 proposito
1054 400 1102 441 ve·
1112 391 1143 446 11

93 464 137 525 lut
156 465 241 523 simili
266 465 402 543 exemplo
425 465 607 524 eliciendum
626 473 687 540 est,
711 473 742 524 ut
763 465 799 524 sit
815 466 905 525 maius
921 465 969 541 id,
993 465 1104 542 quoda

92 547 176 607 nohis
193 549 430 625 exaggerandum
449 557 510 607 est:
532 557 563 607 ut
583 547 659 607 idem
682 565 737 628 pro
755 546 907 625 Cluentio,
931 566 995 607 cum
1011 566 1102 627 expo·

93 633 211 706 suisset,
230 630 372 692 Milesiam
395 631 536 710 quandam
559 650 575 691 a
600 633 736 693 secundis
754 632 911 693 heredibus
927 648 981 710 pro
999 631 1103 692 abortu

94 716 245 794 pecuniam
262 717 431 794 accepisse,
456 714 577 788 Quanto
589 725 651 789 est,
667 716 775 795 inquit,
797 713 988 796 Oppianicus
1003 717 1036 776 iu
1052 735 1103 777 cu·

93 800 162 860 dem
178 801 297 860 iuiuriu
313 803 429 861 maiore
443 799 593 878 supplicio
607 801 740 879 dipuus?
770 798 929 878 Siquidem
944 801 1016 877 illo,
1036 819 1104 861 oum

92 902 149 945 suo
172 885 296 963 corpori
315 885 376 944 cim
396 885 563 959 attulisset,
584 903 618 945 se
640 885 711 962 ipso
733 886 904 955 cruciacit;
931 884 982 944 hic
1001 892 1103 945 cutem
1141 922 1143 928 ,

91 969 173 1029 idem
187 969 265 1028 illud
280 967 383 1047 effecit
393 985 454 1046 per
469 968 564 1028 olieru
574 968 716 1046 corporis
730 969 792 1029 cim
808 977 901 1046 atque
916 968 1102 1029 cruciatum.

91 1050 155 1111 Nec
171 1058 254 1128 putet
270 1053 420 1130 quisquam
435 1049 509 1126 hoc,
535 1067 698 1128 quanquam
713 1060 758 1110 est
774 1052 885 1127 simile,
901 1051 943 1112 illi
960 1069 998 1110 ex
1016 1068 1100 1128 argu·
1110 1062 1144 1116 la

91 1136 194 1194 mentis
211 1132 291 1210 loco,
310 1151 368 1213 quo
384 1135 494 1194 maiora
510 1151 548 1192 ex
562 1134 719 1194 minorihus
733 1135 920 1214 colliguntur,
931 1135 1007 1195 idem
1022 1153 1100 1194 esse.

91 1303 157 1362 uico
174 1318 231 1360 non
254 1301 282 1361 id
299 1303 393 1378 agitur
408 1303 437 1360 in
451 1300 501 1360 illa
522 1305 756 1380 comparatione,
780 1311 811 1361 ut
829 1302 881 1364 ille
900 1303 976 1363 male
996 1301 1102 1362 lecerit

91 1385 145 1445 sed
160 1394 191 1444 ut
205 1385 299 1463 peius.
336 1384 389 1444 Est
411 1393 506 1444 tamen
522 1401 682 1463 quanquam
700 1385 880 1447 diversarum
900 1405 996 1446 rerum
1012 1403 1100 1465 quae-

92 1468 156 1529 dam
176 1469 291 1527 vicinia.
338 1467 481 1546 Repetam
503 1470 600 1546 itaque
621 1469 670 1530 hic
699 1486 815 1548 quoqne
838 1470 930 1547 idern,
955 1487 1012 1549 quo
1036 1488 1100 1529 sum

91 1551 152 1612 illic
173 1570 259 1628 usus,
284 1552 449 1630 exemplum
472 1551 603 1611 sednon
625 1554 654 1612 in
680 1555 802 1615 eundern
818 1572 910 1614 usum.
957 1552 1030 1614 Nam
1044 1553 1143 1618 hoolt

91 1634 158 1695 mihi
180 1635 389 1696 ostendendum
414 1644 474 1711 est,
500 1637 626 1713 augendi
645 1639 738 1714 gratia
759 1654 817 1697 non
837 1647 898 1698 tota
923 1639 1009 1699 modo
1031 1639 1100 1698 totis

92 1719 252 1780 sedetiam
274 1728 373 1799 partes
401 1719 532 1798 partibus
559 1723 734 1798 comparari:
761 1722 837 1782 sicut
860 1722 919 1782 hoc
942 1722 1030 1798 loco,
1051 1719 1101 1783 An

90 1822 164 1865 cero
178 1807 227 1865 oir
242 1804 448 1882 amplissimus
464 1802 499 1864 P.
515 1803 638 1883 Scipio,
658 1805 799 1885 pontifex
813 1809 977 1884 mouimus,
999 1806 1099 1867 Grac-

91 1888 180 1949 chum
197 1889 395 1950 mediocriter
416 1888 654 1966 labefactantem
674 1897 788 1951 statum
809 1892 857 1951 rei
872 1890 1019 1970 publicae
1030 1890 1099 1969 pri-

91 1979 180 2033 ouius
194 1972 364 2052 interfecit:
384 1969 547 2032 Catilinam
570 1974 674 2035 orbem
696 1980 803 2035 terroe
826 1976 924 2036 coede
944 1982 1035 2053 utque
1051 1976 1100 2034 iu-

91 2057 200 2117 cendio
221 2064 346 2117 auctore
369 2057 539 2134 cupieutem
561 2075 617 2118 uos
638 2059 779 2120 consules
797 2058 1017 2136 perferemus?
1047 2057 1143 2123 Hiera

92 2146 121 2199 et
137 2136 260 2199 Catilina
277 2139 409 2200 Graccho
433 2148 463 2198 et
484 2147 576 2198 status
599 2141 643 2199 rei
666 2139 802 2218 publicae
827 2141 890 2201 orbi
912 2150 1054 2201 terrarum
1071 2151 1100 2202 et

90 2223 247 2283 mediocris
263 2223 450 2283 labefactatio
470 2222 554 2281 caedi
576 2231 605 2282 et
621 2222 761 2282 incendiis
781 2234 810 2282 et
825 2227 980 2284 vastationi
996 2234 1025 2283 et
1040 2226 1098 2302 pri·

89 2316 173 2367 vatus
202 2307 369 2368 consulibus
397 2314 596 2384 comparatum
626 2324 700 2384 quae
726 2307 750 2364 si
776 2308 840 2383 quis
863 2307 984 2367 dilatare
1010 2309 1098 2366 velit:

91 2390 195 2469 plenos
214 2390 328 2470 singula
345 2392 429 2453 locos
450 2388 567 2448 hahent.

175 2474 254 2548 Quas
278 2475 336 2535 dixi
366 2492 419 2554 per
445 2473 785 2533 ratiocinationem
811 2472 873 2532 heri
900 2472 1140 2551 amplificatio-15

91 2576 160 2634 nes,
182 2560 354 2634 viderimus,
380 2576 416 2618 an
432 2559 501 2617 satis
517 2558 638 2636 proprio
653 2557 746 2617 verbo
765 2557 998 2634 significaverim.
1035 2555 1100 2617 Nec

92 2661 154 2703 sum
170 2646 198 2702 in
213 2644 271 2703 hoe
287 2643 448 2718 sollicitus,
472 2641 537 2702 dum
551 2659 600 2701 res
616 2642 680 2719 ipsa
696 2640 861 2701 volentibus
877 2640 993 2700 discere
1010 2658 1098 2720 appa-

90 2737 164 2787 reat.
211 2727 274 2787 Hoc
291 2746 352 2786 sum
370 2736 465 2786 tamen
482 2734 616 2801 secutus,
643 2727 720 2803 quod
735 2726 810 2785 haec
826 2725 1011 2802 amplificatio
1031 2724 1099 2784 alihi

90 2812 187 2891 posita
203 2821 248 2871 est
264 2810 332 2871 alihi
348 2811 438 2886 valet,
457 2819 487 2869 ut
503 2809 581 2870 aliud
597 2819 712 2869 crescat
729 2809 805 2870 aliud
821 2818 957 2886 augetur;
979 2807 1045 2868 inde
1063 2808 1098 2868 ad

90 2896 130 2972 id,
147 2896 225 2974 quod
242 2895 344 2955 extolli
358 2895 507 2969 volumus,
524 2895 636 2954 ratione
654 2894 775 2955 ducitur.
813 2890 986 2953 Obiecturus
1007 2891 1139 2956 Anto-16

90 2980 138 3040 nio
160 2977 266 3038 Cicero
287 2997 395 3038 merum
417 2988 446 3039 et
466 2980 623 3055 vomitum,
647 2977 702 3055 Tu,
724 2978 830 3056 inquit,
852 2978 920 3038 istis
940 2977 1095 3055 faucibus,

90 3064 158 3125 istic
178 3065 342 3138 luteribus,
364 3065 425 3125 isto
445 3063 636 3142 gladiatorio
660 3064 750 3125 totius
778 3063 919 3139 corporis
940 3059 1095 3138 firmitate.

92 3147 167 3221 Quid
185 3147 286 3208 lauces
304 3157 333 3207 et
356 3147 448 3207 latera
471 3147 506 3206 ad
528 3143 718 3207 ebrietatem?
761 3144 876 3205 Minime
900 3152 965 3204 sunt
989 3145 1094 3206 otiosa.

90 3229 164 3292 Nam
179 3233 372 3310 respicientes
390 3231 426 3291 ad
442 3232 516 3291 haec
532 3248 686 3310 possumus
705 3231 876 3304 aestimare,
895 3237 1029 3308 quantum
1043 3227 1096 3290 illa

90 3317 151 3376 vini
166 3317 193 3375 in
208 3316 332 3394 Hippiae
349 3316 455 3395 nuptiis
469 3315 652 3391 exhauserit,
675 3313 754 3394 quod
768 3314 847 3373 ferre
864 3322 892 3373 et
909 3330 1096 3394 concoquere

91 3421 152 3462 non
173 3396 276 3479 pos'set
294 3400 344 3460 illa
367 3401 500 3478 corporis
523 3399 695 3477 gladiatoria
710 3399 851 3459 firmitate.
889 3398 988 3476 Ergo,
1010 3399 1035 3458 sl
1058 3415 1095 3458 ex

91 3487 150 3548 alio
174 3485 323 3562 colligitur
346 3483 438 3560 aliud,
459 3501 515 3542 nec
538 3485 724 3563 improprium
740 3501 796 3543 nec
813 3483 976 3624 inusipptpm
990 3497 1094 3543 nornen
