2566 4026
206 156 247 215 40
519 170 555 215 ru.
574 168 653 215 run.
671 169 891 228 qnmnrnmnr

156 321 372 400 loamphibolia
395 339 453 380 rron
479 331 533 382 est.
578 320 781 400 Amphiboliae
803 333 897 383 autem
919 326 1009 385 omnis
1035 327 1089 387 erit
1111 329 1140 387 in
1161 328 1203 389 ln

199 407 347 485 quaestio;
368 405 538 484 aliquando,
553 413 618 464 uter
629 408 666 465 sit
678 407 834 467 secundum
849 417 978 469 naturam
988 413 1081 489 magis
1093 426 1202 477 sermo:

198 507 330 569 semper,
352 499 446 549 utrum
463 491 500 548 sit
517 490 653 566 aequius;
680 492 800 549 utrum'
792 510 832 566 rs,
856 494 903 570 qui
926 496 1043 572 scripsit
1066 513 1101 555 ac
1122 495 1202 569 dixit,

196 575 332 633 voluerit
379 572 533 646 Quarum
524 591 553 631 rn
566 582 715 650 utramque
731 582 843 652 partem
860 577 930 635 satis
947 595 984 637 ex
998 578 1059 654 his,
1077 595 1149 657 quae
1166 577 1204 637 de

198 659 366 719 coniectura
383 665 411 716 et
423 657 561 736 qualitate
577 656 715 733 diximus,
734 668 923 737 praeceptum
941 671 996 720 εει.

351 809 394 858 DE
411 807 666 859 PRAEDIGTORUM
683 807 838 860 STATUUM
857 809 1070 863 COGNATIONE

281 903 318 964 X.
349 903 513 964 Estautem
532 904 672 982 quaedam
688 907 762 964 inter
777 906 831 965 hos
847 915 938 966 status
952 907 1098 983 cognatio.
1130 906 1203 968 Nam

199 997 228 1048 ει
249 989 278 1046 in
300 989 444 1064 linitione,
461 1007 535 1067 quae
560 989 596 1048 sit
616 989 751 1048 voluntas
773 991 909 1066 nominis,
939 991 1101 1069 quaeritur,
1125 1000 1154 1050 et
1176 994 1202 1051 in

198 1072 388 1150 syllogismo,
408 1073 456 1151 qui
472 1072 617 1131 secundus
634 1090 650 1132 a
666 1073 793 1132 linitione
809 1083 900 1133 status
917 1083 981 1149 est,
1004 1075 1071 1152 quia
1087 1084 1199 1153 specta·

198 1165 258 1231 tur,
289 1157 356 1234 quid
377 1157 504 1216 voluerit
524 1158 667 1235 scriptor;
700 1167 729 1216 et
755 1159 912 1218 contrarias
934 1157 1020 1234 leges
1041 1158 1113 1217 duos
1136 1177 1204 1217 esse

198 1241 299 1318 scripti
325 1249 354 1300 et
374 1241 531 1300 voluntatis
558 1249 648 1300 status
675 1251 804 1320 apparet.
851 1240 961 1300 Rursus
980 1250 1009 1300 ει
1026 1242 1115 1301 linitio
1132 1260 1203 1320 quo·

200 1323 351 1385 dammodo
377 1333 421 1384 est
443 1324 634 1404 amphibolia
661 1341 725 1384 cum
744 1326 772 1385 in
794 1325 864 1384 duas
883 1334 981 1403 partes
998 1325 1147 1386 diducatur
1162 1328 1203 1385 in-

171 1407 337 1468 itellectus
353 1410 485 1468 nominis.
525 1398 669 1486 Scriptum
685 1418 714 1468 ει
728 1409 861 1468 voluntas
873 1408 984 1469 habet'
976 1427 1004 1468 m
1019 1408 1141 1468 verbis'
1133 1411 1203 1470 ruris

199 1494 415 1572 quaestionem,
442 1493 519 1571 quod
543 1493 618 1553 idem
634 1494 786 1552 antinomia
802 1493 918 1571 petitur.
958 1492 1088 1570 ideoque
1110 1495 1203 1554 omnia

198 1576 272 1636 haec
299 1577 413 1655 quidam
434 1579 572 1654 scriptum
599 1584 627 1635 et
648 1577 826 1636 voluntatem
842 1594 910 1635 esse
930 1577 1079 1653 dixerunt,
1106 1577 1182 1637 aiii'
1174 1597 1202 1638 rn

198 1660 308 1738 scripto
330 1669 359 1719 et
373 1660 522 1720 voluntate
544 1659 745 1738 amphiboliam
762 1678 846 1737 esse,
872 1679 946 1739 quae
965 1660 1034 1721 lacit
1057 1663 1202 1740 quaestio-

199 1760 274 1801 nem.
309 1743 368 1803 Sed
384 1744 517 1804 distincta
531 1753 605 1802 sunt.
644 1742 730 1803 Aliud
747 1753 791 1803 est
806 1746 880 1804 enim
896 1743 1074 1805 obscurum
1065 1763 1109 1804 rus
1125 1744 1203 1805 aliud

170 1824 371 1904 3ambiguum.
402 1827 493 1905 Igitur
507 1827 596 1887 linitio
613 1827 641 1886 in
662 1837 762 1888 natura
784 1830 847 1905 ipsa
863 1830 985 1888 nominis
1001 1831 1202 1908 quaestionem

198 1909 286 1970 habet
300 1911 485 1988 generalem,
509 1921 538 1971 et
555 1928 630 1990 qnae
651 1929 719 1970 esse
740 1912 825 1971 etiam
843 1914 913 1972 citra
934 1913 1118 1991 complexum
1137 1930 1203 1972 cau·

199 2010 250 2053 sae
267 1997 375 2072 possit;
395 1998 532 2074 scriptum
549 2004 578 2054 et
594 1995 729 2055 voluntas
747 1996 783 2056 de
803 2011 839 2055 eo
857 1996 983 2074 disputat
998 1996 1106 2070 verbo,
1126 1995 1204 2074 quod

200 2080 287 2138 estin
303 2079 387 2156 lege,
404 2080 591 2156 syllogismus
608 2079 643 2139 de
660 2096 713 2155 eo,
736 2079 813 2158 quod
829 2097 886 2139 non
904 2089 958 2140 εει.
1000 2079 1205 2158 Amphiboliae

199 2161 262 2220 lis
253 2181 281 2222 un
297 2163 442 2223 diversum
456 2164 558 2240 trahit,
581 2163 679 2241 legum
695 2165 901 2224 contrariarum
918 2182 955 2223 ex
970 2164 1087 2224 diverso
1108 2180 1205 2241 pugna

171 2254 254 2310 4est.
290 2245 393 2326 Neque
417 2249 558 2308 immerito
584 2257 613 2307 et
635 2257 756 2326 recepta
772 2257 817 2306 est
835 2266 851 2308 a
867 2247 1042 2308 doctissimis
1060 2248 1134 2308 haec
1150 2246 1203 2307 dil·

200 2329 322 2392 ferentia
347 2340 376 2391 et
400 2332 475 2411 apud
493 2331 633 2411 plurimos
649 2349 684 2391 ac
700 2331 938 2410 prudentissimos
961 2331 1053 2391 durat.

521 2483 564 2533 DE
578 2483 614 2532 Vl
631 2481 874 2533 DlSPOSlTIONlS.

281 2577 319 2639 Et
341 2578 456 2640 de'hoc
483 2580 597 2657 quidem
619 2598 730 2656 genere
757 2577 972 2659 dispositionis,
1010 2577 1122 2637 etiamsi
1148 2594 1207 2637 non

101 2734 105 2743 ι
172 2663 307 2738 somnia,
330 2662 403 2722 tradi
424 2672 518 2722 tamen
538 2663 633 2741 aliqua
654 2672 818 2742 potuerunt.
849 2663 921 2722 Sunt
941 2661 1014 2737 alia,
1040 2678 1131 2740 quae,
1152 2661 1207 2721 nisi

200 2748 366 2825 proposita,
387 2745 423 2805 de
440 2764 496 2824 qua
512 2747 663 2807 dicendum
680 2755 740 2823 εει,
756 2748 893 2821 materia,
918 2745 993 2805 viam
1009 2745 1133 2806 docendi
1148 2763 1206 2804 non

200 2830 369 2908 praebeant.
402 2828 468 2888 Non
484 2832 559 2890 enim
575 2848 662 2891 cansa
678 2831 812 2890 universa
827 2833 855 2890 in
870 2830 1057 2909 quaestiones
1072 2847 1107 2889 ac
1121 2829 1207 2889 locos

201 2913 361 2974 diducenda
383 2921 443 2989 est,
466 2914 519 2974 sed
540 2914 596 2974 hae
614 2916 697 2993 ipsae
717 2923 816 2993 partes
836 2913 944 2974 habent
960 2932 1059 2973 rursus
1078 2912 1207 2972 ordinem

201 3016 291 3057 suurn.
336 2996 409 3057 Nam
426 3006 454 3056 et
471 2998 498 3056 in
514 3000 665 3076 prooemio
682 2999 802 3076 primum
824 3006 869 3057 εει
883 2997 990 3075 aliquid
1006 3007 1035 3056 et
1050 2997 1208 3057 secundum

201 3099 236 3141 ac
255 3082 412 3160 deinceps,
440 3091 468 3140 et
484 3083 617 3161 quaestio
639 3083 731 3142 omnis
754 3101 788 3142 ac
803 3082 887 3142 locus
905 3080 993 3141 habet
1009 3099 1088 3141 suam
1110 3081 1207 3159 dispo·

172 3165 336 3228 ositionem
355 3173 385 3224 ut
401 3165 501 3226 theses
520 3167 606 3226 etiam
621 3166 779 3244 simplices.
821 3165 884 3225 Nisi
901 3165 978 3225 forte
998 3167 1068 3225 satis
1092 3166 1146 3224 erit
1166 3164 1208 3224 di-

201 3248 316 3311 videndi
336 3250 463 3327 peritus,
490 3251 538 3327 qui
565 3251 792 3310 controversiam
819 3251 847 3309 in
872 3249 947 3309 haec
973 3247 1132 3323 diduxerit,
1162 3246 1209 3306 An

202 3347 286 3391 omne
309 3334 467 3412 praemium
491 3333 624 3393 virolorti
651 3333 773 3393 dandum
799 3335 853 3409 sit,
879 3351 915 3392 an
939 3351 977 3392 ex
1000 3334 1130 3410 privato;
1162 3329 1209 3389 An

201 3416 333 3493 nuptiae,
350 3435 386 3477 an
398 3418 478 3494 eins,
495 3435 568 3495 quae
580 3425 667 3496 nupta
677 3418 731 3492 sit,
748 3434 784 3476 an
794 3414 888 3478 haec?
908 3416 1030 3492 deinde,
1047 3435 1110 3476 cnm
1122 3415 1209 3476 luerit
