2566 4026
155 137 196 201 32
476 152 841 211 n.nnn.qurun1n1nn1

155 325 232 375 mus3
254 305 381 385 ideoque
404 323 468 365 cum
488 300 669 386 κυριαύχενα
689 308 782 367 mirati
803 308 908 383 simus,
935 297 1157 374 tnccroteerei-

156 410 226 453 cunt
247 391 298 449 vix
319 407 335 448 a
357 391 417 449 risu
439 390 630 451 defendimus.

113 487 146 544 71
240 474 396 553 Propria
414 484 478 534 sunt
493 473 594 550 verba,
612 492 675 534 cum
694 475 723 535 id
738 475 911 552 significant,
928 477 956 535 in
971 477 1050 554 quod
1068 480 1158 557 primo

156 560 335 619 denominata
355 567 436 625 sunt:
457 558 660 632 translata,
681 577 744 619 cum
762 559 846 620 alium
865 569 965 621 natura
980 560 1160 624 intellectum

155 643 241 703 allum
262 642 330 702 loco
354 641 505 720 praebent.
547 641 707 702 Usitatis
727 645 815 703 tutius
835 647 954 720 utimur,
976 665 1079 709 noce
1103 664 1159 707 non

155 730 217 787 sine
240 726 364 805 quodam
385 726 517 805 periculo
539 726 682 804 fingimus.
719 726 792 787 Nam
813 730 837 786 si
856 734 978 806 recepta
1001 739 1077 807 sunt,
1099 749 1158 793 mo·

155 812 247 872 dicam
266 810 379 871 landem
397 810 520 871 afferunt
538 812 676 879 orationi;
701 812 725 870 si
744 813 911 889 repudiata,
930 814 1016 873 etiam
1031 817 1060 874 in
1074 817 1158 876 iocos

113 900 271 957 iaexeunt.
312 894 483 955 Audendum
507 903 617 963 tamem
646 911 785 973 namque,
809 905 840 955 ut
863 894 969 956 Cicero
993 900 1049 976 ait,
1074 901 1160 960 etiam

156 998 230 1059 quae
259 981 350 1059 primo
376 980 445 1040 dura
471 980 534 1038 visa
559 987 640 1054 sunt,
669 997 722 1037 usu
747 979 923 1040 molliuntur.
966 981 1025 1042 Sed
1046 984 1159 1043 minime

154 1065 238 1125 nobis
262 1081 404 1124 concessa
426 1072 472 1123 est
494 1055 721 1140 deoperoeccetu3
745 1065 808 1141 quis
831 1066 905 1123 enim
926 1064 1020 1142 ierat,
1045 1069 1069 1126 si
1093 1067 1160 1146 quid

155 1148 248 1209 simile
271 1149 328 1208 illis
350 1149 453 1208 merito
481 1146 602 1207 laudatis
624 1147 700 1227 λίγξε
719 1142 783 1226 βιός
804 1156 833 1207 et
855 1148 912 1221 σίζε
932 1140 1089 1229 ὀφθαλμός
1108 1153 1158 1211 lin-

153 1252 226 1311 gere
245 1230 421 1293 audeamus?
454 1231 512 1292 lam
528 1249 565 1292 ne
584 1231 694 1294 holere
710 1232 825 1309 quidem
843 1241 890 1292 aut
908 1234 1029 1297 hinnire
1044 1235 1159 1296 lortiter

155 1317 335 1392 diceremus,
358 1318 413 1376 nisi
434 1316 541 1376 iudicio
563 1316 715 1375 vetustatis
738 1319 907 1376 niterentur.

238 1483 288 1542 vl.
334 1481 387 1543 Est
407 1485 492 1543 etiam
515 1500 565 1542 sua
588 1483 775 1561 loquentibus
797 1485 984 1562 observatio,
1012 1505 1063 1547 sua
1087 1491 1158 1549 scri·

154 1567 297 1627 bentibus.
337 1567 439 1627 Sermo
461 1576 575 1627 constat
591 1569 703 1629 ratione
722 1569 771 1629 vel
786 1578 949 1646 vetustate,
973 1574 1157 1648 auctoritate,

155 1652 373 1713 consuetudine.
411 1651 562 1714 Rationem
582 1662 712 1731 praestat
733 1655 892 1733 praecipue
915 1654 1066 1732 analogia,
1089 1674 1158 1716 non·

154 1754 297 1815 nunquam
319 1745 348 1796 et
371 1737 558 1814 etymologia.
603 1737 714 1797 Vetera
734 1741 871 1798 maiestas
894 1740 1034 1816 quaedam
1057 1749 1102 1816 et,
1129 1749 1159 1800 ut

131 1817 198 1882 2si0
216 1820 352 1896 dixerim,
373 1821 513 1898 religiosa
532 1823 720 1882 commendat.
758 1822 925 1884 Auctoritas
942 1824 978 1884 ab
995 1823 1159 1886 oratoribus

153 1905 203 1967 vel
225 1906 371 1965 historicis
392 1907 453 1985 peti
474 1907 569 1974 solet;
598 1925 662 1967 nam
684 1916 788 1984 poetas
810 1908 894 1966 metri
922 1911 1083 1969 necessitas
1109 1927 1158 1968 ex·

156 1998 253 2066 cusat,
277 1991 330 2048 nisi
354 1990 466 2067 qnando
487 1990 557 2050 nihil
578 1992 753 2068 impediente
774 1993 803 2051 in
817 2001 942 2070 utroque
964 1992 1160 2053 modulatione

155 2074 260 2152 pedum
279 2074 401 2133 alterum
415 2074 539 2150 malunt,
560 2075 655 2152 qualia
672 2083 753 2150 sunt,
772 2074 836 2138 lmo
852 2077 891 2137 de
905 2079 1002 2156 stirpe
1016 2079 1158 2152 recisum,

155 2167 185 2217 et
200 2154 316 2218 Aeneae
338 2173 397 2235 quo
417 2177 598 2238 conpescere
617 2160 795 2238 palumbes,
819 2169 848 2219 et
862 2159 958 2224 Silice
977 2163 1011 2223 io
1025 2162 1111 2223 nuda
1131 2169 1161 2220 et

155 2240 273 2308 similia;
298 2259 361 2301 enm
380 2260 552 2302 summorum
573 2243 787 2321 ineloquentia
806 2247 934 2305 virorum
953 2245 1086 2306 iudicium
1104 2263 1159 2324 pro

153 2327 265 2385 ratione
287 2333 317 2385 et
338 2324 419 2385 velut
443 2343 526 2387 error
544 2325 683 2387 honestus
708 2337 752 2388 est
773 2347 894 2407 magnos
922 2331 1012 2391 duces
1036 2347 1159 2409 sequen·

127 2409 240 2470 trihus.
275 2407 463 2471 Consuetudo
478 2428 550 2471 uero
569 2414 730 2473 certissima
747 2413 885 2492 loquendi
900 2417 1055 2492 magistra,
1078 2423 1159 2474 uten-

154 2495 278 2573 dumque
300 2493 387 2573 plane
411 2513 546 2556 sermone
568 2506 599 2557 ut
621 2515 751 2573 nummo,
780 2500 826 2558 cui
848 2497 965 2575 publica
986 2498 1079 2558 forma
1103 2508 1158 2557 est,

154 2577 254 2639 Omnia
279 2588 374 2639 tamen
399 2579 472 2639 haec
503 2583 621 2658 exigunt
646 2600 715 2641 acre
744 2580 894 2653 iudicium,
925 2582 954 2637 in
981 2580 1159 2656 analogia

154 2665 328 2742 praecipue,
353 2681 436 2740 quam
460 2666 591 2742 proxime
614 2682 652 2722 ex
672 2663 784 2725 Graeco
806 2662 1016 2721 transferentes
1036 2663 1065 2720 in
1083 2661 1157 2722 Lati·

128 2766 220 2874 4num
237 2755 466 2892 sslssgodatl‘lnllg
479 2755 665 2906 ellfadlrlllnj
682 2829 759 2908 quod
780 2827 895 2888 dubium
910 2838 971 2905 est,
996 2831 1032 2892 ad
1050 2831 1158 2909 aliquid

154 2915 258 2989 simile,
275 2916 312 2974 de
327 2933 384 2994 quo
399 2931 457 2974 non
472 2915 629 2992 quaeritur,
645 2913 754 2974 referat
768 2922 797 2974 et
812 2914 922 2973 incerta
938 2915 1026 2974 certis
1042 2915 1157 2994 probet.

155 2996 241 3070 Quod
261 2999 385 3059 eflicitur
406 2998 514 3077 duplici
534 2999 595 3059 via:
619 2999 835 3078 comparatione
857 2999 990 3059 similium
1011 3001 1040 3059 in
1062 3008 1158 3058 extre·

154 3083 207 3140 mis
227 3085 349 3143 maxime
367 3082 506 3158 syllabis,
529 3092 652 3162 propter
673 3084 750 3162 qnod
769 3101 804 3144 ea
824 3101 898 3162 quae
917 3091 982 3143 aunt
1001 3102 1017 3143 e
1037 3083 1158 3160 singulis

128 3171 296 3242 onegantur
319 3167 428 3228 debere
450 3170 606 3242 rationem,
630 3176 659 3227 et
681 3169 884 3229 deminutione.
920 3166 1158 3248 Comparatio

154 3251 183 3308 in
201 3250 361 3311 nominibus
386 3261 434 3312 aut
457 3270 550 3329 genus
570 3252 761 3331 deprehendit
781 3262 829 3313 aut
845 3252 1082 3322 declinationem
1106 3272 1158 3330 ge·

154 3352 225 3409 nus,
251 3343 283 3394 ut
303 3336 328 3394 si
351 3345 521 3414 quaeratur,
549 3337 636 3416 funis
655 3337 843 3397 masculinum
867 3339 904 3397 eit
925 3356 961 3398 au
982 3337 1158 3412 femininum,

155 3416 249 3479 simile
265 3418 309 3480 illi
328 3421 365 3479 sit
383 3421 490 3500 purtim
514 3420 752 3499 declinationem,
776 3430 807 3481 nt
827 3423 851 3482 si
871 3424 968 3482 veniat
983 3423 1013 3482 in
1031 3422 1157 3498 dubium,
