2566 4026
294 126 299 133 ’
357 164 447 211 man.
463 163 789 231 onnnon.n1n.1V,1.
802 164 828 215 a.
1039 154 1099 217 163

94 318 219 379 velimus
242 333 279 378 eo
300 318 390 393 licet,
412 336 477 378 cum
498 318 586 377 iudex
607 325 784 395 occupatus,
805 336 869 379 oum
890 330 1013 398 ungusta
1034 330 1100 383 sunt

96 412 246 479 tempora,
276 419 340 459 oum
365 403 457 461 maior
485 409 616 480 potestas
642 400 679 460 ab
706 402 771 478 ipsa
795 420 828 461 re
852 404 931 481 cogit
955 405 1097 484 incipere.

98 484 205 546 Gontra
227 502 303 563 quae
324 493 371 544 est
392 486 505 545 interim
524 485 667 562 prooemii
686 484 730 543 vis
747 485 833 545 etiam
848 488 949 545 nonin
964 488 1142 557 exordiens

96 568 169 628 Nam
189 568 301 627 iudices
327 576 357 628 et
376 569 405 627 in
419 569 585 628 narratione
601 584 802 646 nonnunquam
824 570 896 628 etin
911 574 1097 648 argumentis,

97 661 127 711 ut
143 649 293 711 attendant
308 660 338 711 et
352 660 383 710 ut
397 651 524 727 faveant,
540 668 687 728 rogamus,
707 668 763 728 quo
779 651 920 711 Prodicus
935 654 1016 714 velut
1031 655 1097 714 ‹lor-

96 737 231 795 mitantes
250 751 302 794 eos
324 735 445 794 excitari
460 732 592 812 putabat;
616 734 704 813 quale
720 742 779 794 est:
808 733 882 796 Tam
894 733 928 796 G.
948 734 1142 816 Varenns,74

97 820 185 897 qaia
205 819 327 897 familia
341 814 547 879 Anchariana
564 820 687 880 occisus
702 825 755 879 cst.
792 817 875 896 blac,
898 835 1030 898 quaeso,
1050 823 1098 883 in-

97 905 194 978 dices,
211 902 374 980 diligenter
388 902 545 962 attendite.
582 900 688 979 Utique
708 901 734 959 si
754 901 907 981 multiplex
928 920 1017 964 causa
1042 912 1097 980 est,

97 1002 149 1046 sua
165 983 330 1064 quibusque
347 984 477 1062 partibus
493 985 585 1045 danda
603 983 745 1062 praelatio
763 993 817 1060 est,
841 995 871 1046 ιι
884 983 999 1049 Audite
1015 1007 1099 1049 nanc

96 1070 229 1146 reliqna,
247 1077 276 1128 et
292 1066 429 1129 Transeo
443 1087 526 1129 nanc
543 1069 626 1129 illac.
665 1067 725 1128 Sed
748 1069 777 1126 in
797 1069 868 1147 ipsis
890 1071 976 1130 otiam
992 1070 1098 1148 proba·
1107 1079 1140 1134 75

96 1151 222 1213 tionibus
239 1152 328 1212 multa
345 1151 500 1228 iunguntur
515 1152 658 1229 prooemii
668 1153 751 1228 vioe,
771 1159 802 1211 ut
823 1153 894 1213 lacit
916 1152 1022 1214 cicero
1042 1170 1097 1233 pro

98 1235 249 1311 Cluentio,
279 1236 407 1296 dicturus
436 1245 537 1295 contra
558 1251 713 1303 censorem
741 1252 795 1313 pro
819 1233 953 1312 Murena,
976 1255 1040 1297 cum
1064 1256 1097 1297 se

97 1321 201 1381 Servio
218 1328 348 1379 excusat.
385 1318 495 1380 Verum
513 1319 541 1378 id
563 1319 743 1397 frequentius
768 1327 829 1396 est,
854 1337 937 1398 quam
952 1329 983 1380 ιιι
999 1338 1097 1381 exem-

96 1404 153 1469 olis
170 1401 394 1462 confirmandum
414 1404 461 1461 sit.

183 1485 324 1559 Quotiens
346 1495 441 1546 autem
463 1485 613 1564 prooemio
635 1483 774 1546 fuerimus
794 1486 856 1562 usi,
879 1495 953 1562 tum,
978 1489 1041 1547 sire
1061 1489 1098 1549 ad
1107 1495 1141 1550 76
1177 1552 1186 1567 ,

98 1570 312 1648 expositionem
336 1569 519 1629 transibimus
540 1570 604 1628 sive
621 1569 752 1646 protinus
774 1569 1045 1647 adprobationem,
1068 1570 1097 1631 id

97 1652 216 1714 debebit
246 1655 276 1714 in
303 1653 447 1731 principio
475 1661 654 1730 postremum
677 1670 760 1728 esse,
793 1654 839 1712 oui
865 1654 1097 1715 commodissime

96 1738 179 1814 iungi
189 1738 298 1796 initium
319 1738 501 1815 sequentium
516 1737 633 1814 poterit.
662 1734 716 1795 llla
730 1753 803 1795 vero
816 1734 919 1813 lrigida
934 1746 963 1797 et
977 1738 1098 1815 puerilis
1104 1745 1138 1801 77

98 1822 185 1880 estin
201 1820 311 1881 sobolis
327 1821 485 1894 affectatio,
501 1829 532 1879 ut
547 1821 611 1898 ipse
626 1820 762 1878 transitus
778 1819 885 1879 efficiat
899 1821 1023 1899 aliquam
1044 1823 1097 1881 uti·

98 1922 154 1984 que
175 1905 361 1979 seutentiam,
389 1912 419 1963 et
441 1902 524 1963 buius
548 1903 629 1963 velut
653 1903 829 1981 praestigiae
853 1902 985 1981 plausum
1005 1913 1096 1982 petat,

96 1998 129 2048 ut
149 1985 268 2047 Ovidius
284 1987 420 2049 lascivire
435 1984 719 2064 inlletamorpbosin
731 1986 819 2063 solet,
836 2004 921 2064 quem
935 1996 1030 2047 tamen
1047 2005 1097 2046 ex·

97 2089 201 2132 cusare
222 2072 383 2132 necessitas
408 2079 505 2150 potest
526 2088 575 2130 ree
596 2069 806 2130 diversissimas
821 2071 850 2129 in
869 2073 998 2148 speeiem
1013 2073 1097 2131 unius

98 2157 230 2234 corporis
247 2155 443 2233 colligentem.
491 2153 606 2214 Oratori
626 2169 697 2213 vero
721 2154 787 2231 quid
809 2162 855 2213 est
869 2173 993 2215 neeesse
1009 2156 1140 2218 sarri-78

96 2257 169 2318 pare
183 2238 258 2299 banc
271 2239 533 2316 transgressionem
553 2247 583 2298 et
597 2237 720 2297 iudicem
741 2236 861 2313 fallere,
879 2240 943 2316 qui,
959 2248 989 2298 ut
1005 2239 1097 2299 ordini

97 2341 192 2383 rerum
212 2324 333 2383 animum
353 2322 497 2397 intendat,
521 2323 607 2380 etiam
631 2321 855 2381 commonendus
880 2319 946 2380 est?
989 2321 1098 2382 Peribit

97 2408 171 2466 enim
185 2408 277 2486 prima
291 2424 358 2485 pars
376 2405 585 2485 expositionis,
604 2405 628 2463 si
642 2403 730 2462 iudex
744 2405 854 2464 narrari
873 2404 997 2463 nondum
1012 2406 1096 2464 sciet.

97 2489 302 2569 Quapropter,
325 2498 357 2549 ιιι
380 2507 438 2550 non
459 2489 581 2567 abrupte
602 2486 709 2547 eadere
730 2488 758 2545 in
773 2489 966 2547 narrationem
985 2489 1024 2547 ita
1040 2492 1139 2550 nont‘l

98 2573 224 2633 obscure
241 2568 466 2648 mariscendere,
490 2581 535 2632 est
549 2571 695 2650 optimum.
712 2570 716 2577 “
737 2570 768 2630 Si
782 2586 854 2630 vero
870 2571 986 2647 longior
1001 2571 1098 2648 sequi·

96 2667 143 2717 tor
160 2674 194 2717 ac
210 2657 352 2736 perplexa
367 2659 458 2735 magis
472 2656 635 2735 expositio,
651 2654 686 2714 ad
702 2671 766 2715 eam
777 2655 869 2733 ipsam
882 2653 1098 2733 praeparandus

97 2742 152 2800 erit
166 2740 270 2817 iudex,
292 2750 324 2801 ιιι
341 2739 446 2802 cicero
468 2741 585 2817 saepius
609 2738 662 2798 sed
684 2747 712 2798 et
729 2738 868 2798 hocloco
890 2739 981 2798 lecit:
1002 2736 1099 2798 Panlo

95 2826 216 2902 lonfins
227 2826 389 2888 wordiam
402 2826 450 2886 rei
461 2822 720 2885 demonstrandae
733 2830 881 2902 repetam,
900 2822 991 2900 qnod,
1006 2835 1097 2898 qnae·

95 2926 140 2982 so,
161 2909 297 2985 indices,
318 2928 357 2970 nc
374 2909 497 2971 moleste
515 2906 696 2987 ponesano
716 2907 880 2986 principiis
897 2906 978 2967 enim
993 2905 1098 2983 capni-

96 2992 136 3053 ris
150 2993 243 3053 malta
254 2993 381 3071 facilins
395 2999 534 3056 extrema
546 2990 728 3069 intelligetis.
762 2989 842 3050 llaec
866 2989 930 3049 iere
952 2996 1017 3047 sunt
1030 2986 1098 3047 mibi

97 3073 135 3135 tle
152 3075 275 3136 exordio
291 3084 449 3155 comperta.

459 3227 504 3276 DE
521 3223 742 3277 NARRATIONE.

182 3319 219 3382 11.
248 3318 372 3381 Maxima
393 3321 522 3383 naturale
545 3330 591 3382 est
612 3330 641 3382 et
667 3320 729 3381 fleri
747 3320 979 3401 frequentissime
998 3317 1098 3395 (lebet,

94 3412 129 3465 ut
143 3414 320 3486 praeparato
336 3423 391 3484 per
405 3405 495 3482 baec,
517 3423 592 3484 quae
606 3422 694 3484 supra
714 3405 790 3465 diota
806 3413 889 3548 surrti
895 3404 1014 3547 1inplice,
1036 3418 1097 3479 res,
