2566 4026
220 179 278 240 120
532 188 568 234 ιι.
581 187 660 234 usa.
677 186 897 245 optumarum

173 360 296 420 paneae,
316 353 415 403 cetera
431 342 466 401 ad
483 343 622 420 quosdam
639 342 722 402 locos
739 351 973 418 argumentorum
989 342 1130 402 videntur.
1162 345 1219 404 Alii

215 445 342 490 novem
365 427 546 486 elementa
561 436 737 504 posuerunt,
757 425 924 501 Personam,
943 428 972 484 in
988 443 1044 504 qua
1060 427 1096 487 de
1115 431 1218 504 animo,

216 528 360 590 corpore,
384 519 466 568 extra
490 511 594 586 positis
618 519 788 587 quaeratur,
819 509 897 587 quod
921 512 1068 587 pertinere
1094 511 1129 571 ad
1152 528 1219 571 con·

214 600 344 657 iacturae
361 604 390 653 et
407 592 551 671 qualitatis
567 595 754 653 instrumenta
770 593 867 652 video.
900 593 1042 672 Tempus,
1058 596 1135 673 quod
1153 590 1220 675 χρό-

217 702 270 741 νον
285 686 407 753 vocant,
432 694 469 735 ex
490 694 548 754 quo
567 679 717 755 quaestio,
741 697 783 739 uu
800 679 843 753 is,
868 694 972 754 quem,
997 681 1068 740 dum
1090 680 1221 740 addicta

216 771 276 840 est,
299 771 398 823 muter
413 763 550 840 peperit,
572 780 682 823 seruus
702 764 742 823 sit
760 764 874 823 uatus?
909 760 1033 838 Locum,
1057 763 1133 823 unde
1150 781 1219 823 eon·

215 848 358 908 troversia
373 846 503 921 videtur,
525 865 566 906 ura
584 848 636 925 fas
655 847 752 946 fuerit
770 854 935 924 ipruuuum
956 849 1116 926 intemplo
1137 850 1220 910 occi-

173 933 312 994 escere?
343 928 391 991 Αιι
414 929 602 1003 eculaocrit,
627 932 679 1008 qui
704 933 787 991 domi
808 931 919 991 latuit?
954 930 1080 1009 Tempus
1104 934 1219 1030 iterum,

215 1014 293 1095 quod
316 1005 421 1094 καιρὸν
442 1013 604 1092 appellant;
636 1014 710 1073 hanc
732 1023 826 1074 autem
847 1014 939 1074 videri
963 1016 1064 1074 volunt
1088 1017 1219 1093 speciem

214 1101 291 1160 illius
308 1099 464 1177 temporis,
488 1107 519 1157 ut
534 1107 675 1158 aestatem
692 1099 741 1157 vel
758 1099 895 1165 hiemem;
920 1097 986 1158 lruio
1003 1098 1153 1158 subiicitur
1167 1099 1219 1159 ille

213 1187 245 1246 in
264 1184 439 1262 pestilentia
458 1185 647 1246 comissator.
677 1182 798 1257 Actum,
822 1182 851 1242 id
872 1191 918 1241 est
938 1184 1061 1262 πρᾶξιν,
1084 1183 1161 1261 quod
1182 1199 1219 1241 eo

214 1269 359 1343 referunt,
387 1268 488 1328 sciens
508 1269 690 1328 commiserit
715 1287 756 1328 cn
781 1268 938 1328 insciens?
967 1269 1150 1328 necessitate
1177 1286 1220 1327 uu

215 1354 314 1415 cusu?
337 1360 365 1411 et
383 1351 461 1410 talia
499 1349 669 1427 Numerum,
693 1353 742 1429 qui
759 1351 834 1411 eadit
849 1352 878 1409 in
894 1352 1025 1429 speciem
1041 1352 1218 1450 quantitatis,

215 1456 256 1498 au
280 1435 472 1515 Thrasybulo
495 1436 619 1514 triqintc
638 1437 782 1514 praemia
804 1436 993 1511 debeantur,
1023 1437 1095 1513 quia
1115 1443 1155 1496 tot
1178 1444 1220 1514 rp-

173 1533 330 1588 rtrauuos
351 1520 531 1580 sustulerit?
568 1516 706 1595 Causam,
737 1520 782 1579 oui
804 1519 945 1596 plurimae
968 1519 1119 1579 subiacent
1141 1519 1219 1593 lites,

216 1606 350 1682 quotiens
368 1603 474 1663 factum
495 1620 553 1662 non
573 1613 713 1702 negatur,
736 1603 788 1662 sed
811 1604 878 1681 quia
901 1605 975 1663 iusta
991 1606 1104 1663 ratione
1126 1602 1219 1662 sitia-

216 1698 306 1764 etum,
332 1686 504 1747 defenditur
552 1680 683 1766 Τρόπον,
711 1705 774 1746 eum
793 1687 837 1761 id,
868 1687 945 1764 quod
968 1687 1026 1746 alio
1048 1687 1134 1746 modo
1157 1687 1222 1745 lieri

216 1773 300 1846 licet,
324 1771 381 1831 alio
400 1771 505 1831 dicitur
520 1772 640 1838 factunm
663 1771 729 1830 hinc
746 1779 792 1830 est
808 1772 932 1832 adulter
950 1772 1024 1832 loris
1040 1789 1150 1832 caesus
1171 1770 1221 1828 vel

212 1858 297 1936 sume
319 1864 458 1917 siccatus.
503 1853 695 1914 Occasionem
715 1854 874 1930 laetorum,
905 1855 982 1953 quod
1009 1863 1054 1914 est
1078 1856 1219 1932 apertius,

216 1958 300 2018 quam
316 1949 346 1998 ut
358 1937 406 1998 vel
424 1939 670 2045 ipterpretandum
681 1939 729 1998 vel
747 1939 883 2016 exemplo
899 1940 935 1998 sit
951 1938 1219 2006 demonstrandum

171 2033 310 2093 uelamen
326 2015 464 2103 ἀφορμὰς
485 2022 578 2102 ἔργων
595 2032 710 2082 vocant.
748 2021 783 2082 Hi
806 2040 923 2102 quoque
943 2022 1051 2082 nullam
1073 2024 1220 2100 quaestio·

215 2125 280 2166 nem
299 2116 380 2166 extra
397 2106 471 2166 haee
487 2114 596 2184 putant.
632 2106 753 2179 Quidam
774 2107 927 2166 detrahunt
942 2106 1012 2166 duas
1031 2115 1145 2184 partes,
1168 2124 1219 2164 nu·

215 2209 323 2250 merum
342 2199 370 2249 et
388 2193 585 2265 occasionem,
604 2199 632 2249 et
646 2207 703 2268 pro
721 2190 773 2250 illo
797 2209 882 2269 quem
903 2191 961 2251 dixi
983 2199 1048 2250 actu
1065 2190 1220 2249 subiiciunt

214 2292 280 2350 res,
303 2275 331 2334 id
354 2282 399 2334 est
421 2268 587 2354 πράγματα.
628 2273 709 2347 Quae
731 2293 767 2334 ne
789 2276 967 2354 praeterisse
990 2274 1123 2347 viderer,
1148 2275 1221 2332 satis

214 2357 301 2418 habui
325 2361 479 2436 attingere.
521 2356 657 2418 Ceterum
678 2358 722 2418 his
744 2377 800 2418 nec
823 2368 913 2419 status
935 2360 1006 2419 satis
1029 2357 1143 2417 ostendi
1165 2376 1221 2416 neo

215 2459 315 2502 ornnes
332 2445 474 2503 contineri
490 2443 574 2503 locos
596 2442 702 2518 oredo,
726 2443 803 2521 quod
819 2443 972 2521 apparebit
994 2442 1159 2519 diligentius
1178 2442 1220 2501 le·

213 2526 359 2604 gentibus,
377 2545 452 2607 quae
466 2527 502 2587 de
514 2536 636 2605 utraque
651 2546 683 2586 re
697 2527 799 2586 dicam.
827 2527 919 2587 Erunt
932 2529 1006 2587 enim
1019 2526 1102 2604 plura
1117 2525 1219 2600 multo,

214 2628 299 2689 quam
316 2629 390 2689 quae
406 2611 450 2670 his
467 2611 618 2671 elementis
636 2612 927 2689 comprehenduntur.

169 2707 204 2763 29
297 2694 383 2773 Apud
400 2695 500 2774 plures
516 2704 652 2754 auctores
669 2694 739 2771 legi,
756 2695 904 2774 placuisse
920 2695 1100 2773 quibusdam,
1116 2712 1218 2753 unum

213 2779 327 2838 omnino
354 2788 457 2838 statum
480 2797 547 2838 esse
570 2778 805 2838 coniecturalem.
849 2780 908 2839 Sed
933 2780 1036 2856 quibus
1064 2779 1219 2858 placuerit,

212 2879 308 2940 neque
324 2863 366 2923 illi
382 2863 560 2923 tradiderunt
575 2880 671 2938 neque
688 2880 745 2939 ego
758 2881 878 2942 usquam
895 2866 1027 2942 reperire
1044 2864 1135 2943 potui.
1163 2862 1219 2922 lla·

212 2947 320 3005 tionem
344 2956 439 3007 tamen
460 2947 534 3007 hanc
555 2948 648 3006 secuti
671 2946 820 3023 dicuntur,
845 2948 923 3026 quod
943 2966 992 3007 res
1015 2949 1106 3007 omnis
1128 2948 1220 3024 signis

213 3029 416 3106 colligeretur.
445 3030 509 3104 Quo
525 3031 611 3090 modo
629 3029 697 3090 licet
710 3031 856 3109 qualitatis
870 3048 987 3130 quoque
1004 3032 1100 3091 solum
1115 3040 1220 3091 statum

212 3111 336 3189 faciant,
361 3117 426 3192 quia
442 3115 566 3194 ubique,
590 3115 683 3192 qualis
706 3117 744 3174 sit
760 3117 900 3194 cuiusque
916 3117 959 3174 rei
977 3119 1094 3190 natura,
1119 3116 1221 3192 quaeri

211 3203 320 3271 potest.
359 3197 418 3257 Sed
441 3209 623 3276 utrocunque
645 3199 730 3258 modo
756 3208 930 3277 sequeretur
945 3216 1053 3258 summa
1074 3199 1220 3258 confusio.

169 3276 315 3356 30Neque
331 3281 464 3358 interest,
481 3301 566 3342 unum
584 3283 647 3361 quis
664 3291 767 3342 statum
784 3283 872 3343 faeiat
887 3299 923 3341 au
938 3283 1056 3359 nullum,
1076 3284 1100 3341 si
1119 3300 1220 3342 omnes

212 3379 319 3422 causae
348 3374 412 3423 sunt
440 3367 618 3427 condicionis
643 3366 782 3425 eiusdem
832 3365 1006 3426 Coniectura
1034 3366 1110 3426 dicta
1138 3376 1220 3427 esta

214 3447 364 3524 coniectu,
393 3448 421 3507 id
445 3460 489 3509 est
511 3451 672 3510 directione
702 3450 823 3528 quadam
848 3451 968 3510 rationis
996 3450 1031 3510 ad
1054 3451 1219 3521 veritatem,
