2566 4026
349 165 790 234 rxsr.onxron.n1o.111,3.
1014 153 1073 216 too

57 331 116 392 huc
134 329 281 411 quaedam
296 345 388 405 vagae
411 335 439 386 et
461 327 523 385 sine
545 323 664 384 urbibus
686 341 720 383 ao
741 325 803 383 sine
824 323 940 401 legibus
955 333 1072 403 gentes,

59 424 88 475 et
104 424 207 475 tamen
225 415 274 492 qui
290 421 354 472 sunt
372 413 400 470 in
415 410 460 471 his
476 411 534 469 nati
551 418 579 468 et
595 406 791 486 legationibus
809 409 964 486 iungantur
980 418 1009 469 et
1025 427 1072 470 ae·

60 507 168 560 cusent
192 497 289 576 aliqua
311 506 399 574 atque
422 493 578 554 defendant
595 502 625 553 et
645 493 771 569 denique
787 492 874 552 alium
896 492 953 553 alio
968 494 1072 554 melius

59 583 143 661 loqui
164 581 295 642 credant.

431 719 533 778 QUAE
552 718 711 771 PARTES.

147 816 200 877 111.
240 815 338 876 Omnis
363 826 458 876 autem
480 815 579 876 orandi
601 817 692 891 ratio,
713 823 744 874 ut
765 814 880 893 plurimi
900 815 1073 893 maximique

60 911 202 965 auctores
216 899 404 977 tradiderunt,
420 903 546 980 quinque
560 899 688 978 partibus
703 907 827 974 constat,
844 899 1072 975 inventione,

60 986 342 1066 dispositione,
373 986 612 1061 elocutione,
644 985 828 1058 memoria,
857 985 1072 1061 pronuntia·

60 1073 168 1131 tione
192 1071 256 1129 sive
279 1071 446 1144 actione,
470 1079 595 1148 utroque
621 1070 695 1128 enim
717 1068 803 1128 modo
825 1066 937 1127 dicitur.
975 1065 1073 1128 Omnis

61 1172 133 1214 vero
152 1170 268 1230 sermo,
291 1171 348 1232 quo
367 1154 481 1233 quidem
499 1155 636 1213 voluntas
653 1152 749 1231 aliqua
768 1153 945 1228 enuntiatur,
968 1151 1074 1212 haheat

62 1255 191 1300 necesse
209 1246 254 1298 est
269 1256 331 1297 rem
352 1248 380 1298 et
402 1238 502 1298 verba.
537 1237 591 1297 llic
612 1239 636 1296 si
655 1246 699 1297 εει
714 1236 812 1297 brevis
835 1244 864 1295 et
879 1253 935 1295 una
954 1236 1098 1298 conclu-l

62 1326 147 1384 sione
165 1321 278 1398 linitus,
296 1322 366 1382 nihil
383 1324 510 1383 fortasse
528 1322 604 1382 ultra
619 1320 780 1390 desiderem
802 1329 830 1382 at
847 1321 940 1381 oratio
957 1321 1073 1399 longior

61 1407 148 1487 plura
171 1408 272 1483 exigit.
319 1405 385 1466 Non
406 1416 513 1469 tantum
537 1407 611 1467 enim
633 1405 739 1481 refert,
762 1406 828 1485 quid
853 1414 883 1465 et
905 1422 963 1483 quo
986 1404 1072 1466 modo

62 1493 195 1552 dieamus
216 1490 268 1551 sed
291 1493 377 1551 etiam
399 1509 456 1570 quo
479 1492 565 1561 loeo;
599 1508 672 1569 opus
696 1508 769 1569 ergo
796 1498 841 1551 est
870 1490 1071 1569 dispositione.

62 1576 121 1636 Sed
153 1592 249 1652 neque
278 1577 387 1652 omnia,
416 1594 491 1655 quae
517 1594 566 1636 res
594 1575 739 1654 postulat,
768 1575 868 1636 dicere
894 1592 990 1653 neque
1018 1591 1072 1635 suo

63 1677 201 1739 quaeque
227 1659 296 1719 loco
321 1662 497 1738 poterimus,
519 1663 573 1721 nisi
595 1660 747 1720 adiuvante
767 1661 921 1728 memoria;
946 1677 1071 1738 quapro-

64 1754 128 1824 pter
147 1762 182 1804 ea
199 1759 316 1822 quoque
337 1762 404 1821 pars
427 1755 527 1824 quarta
552 1747 616 1805 erit.
654 1744 762 1804 Verum
785 1744 858 1805 haee
882 1754 985 1805 cuneta
1007 1749 1095 1805 cor-3

64 1830 169 1908 rumpit
194 1845 229 1887 ae
246 1829 456 1906 propemodum
478 1829 573 1908 perdit
593 1829 732 1890 indecora
754 1829 803 1889 vel
823 1845 899 1890 voce
914 1828 964 1888 vel
984 1838 1071 1907 gestu

63 1913 272 1992 pronuntiatio.
311 1911 384 1973 lluie
401 1930 518 1992 quoque
539 1915 627 1991 igitur
648 1912 816 1974 tribuendus
840 1921 885 1973 est
903 1915 1071 1974 necessario

62 1999 180 2076 quintus
198 1995 291 2055 locus.

150 2079 215 2140 Nec
237 2080 371 2141 audiendi
394 2081 524 2159 quidam,
554 2099 675 2160 quorum
698 2091 743 2141 est
769 2080 919 2157 Albutius,
945 2082 992 2159 qui
1019 2081 1095 2141 trisl

62 2165 149 2225 modo
175 2166 282 2243 primas
306 2182 374 2224 esse
396 2175 493 2243 partes
520 2167 638 2242 volunt,
667 2167 801 2244 quoniam
820 2167 958 2225 memoria
984 2173 1072 2244 atque

63 2251 141 2310 actio
166 2257 268 2308 natura
295 2265 352 2307 non
379 2259 441 2310 arte
465 2253 646 2327 contingant,
675 2250 809 2328 (quarum
833 2267 887 2310 nos
911 2259 1070 2330 praecepta

63 2351 117 2394 suo
143 2332 212 2393 loeo
246 2331 390 2413 dabimus)
425 2334 494 2394 lieet
521 2333 752 2408 Thrasymachus
781 2351 898 2413 quoque
928 2335 1005 2394 idem
1034 2333 1071 2394 de

63 2419 182 2478 actione
205 2414 370 2477 crediderit.
409 2417 459 2476 llis
481 2418 649 2478 adiecerunt
676 2417 789 2495 quidam
811 2427 924 2477 sextam
947 2427 1095 2496 partem,5

62 2504 100 2562 ita
117 2510 149 2560 ut
165 2502 324 2561 inventioni
344 2502 517 2561 iudicium
532 2500 755 2577 subnecterent,
773 2502 839 2579 quia
854 2503 974 2580 primum
990 2509 1072 2561 esset

61 2587 195 2646 invenire
216 2584 321 2646 deinde
345 2586 483 2646 iudicare.
528 2585 593 2662 Ego
614 2601 703 2664 porro
726 2603 762 2645 ne
785 2587 930 2645 invenisse
957 2584 1071 2662 quidem

63 2670 154 2731 oredo
173 2688 255 2744 eum,
281 2671 404 2748 quinon
425 2671 575 2740 iudicavit;
597 2671 786 2749 nequeenim
808 2670 968 2745 contraria,
993 2685 1070 2729 com·

63 2757 174 2830 munia,
202 2753 289 2813 stulta
313 2756 465 2817 inveniere
486 2756 590 2815 dioitur
610 2756 760 2834 quisquam
783 2756 836 2816 sed
860 2774 921 2817 nort
945 2755 1070 2816 vitasse.

63 2837 101 2898 llt
118 2837 226 2899 Cicero
249 2838 364 2917 quidem
381 2841 410 2899 in
426 2839 591 2900 Rhetoricis
607 2838 742 2900 iudicium
757 2840 882 2902 subiecit
896 2839 1095 2909 inventioni36

64 2922 130 2982 mihi
158 2931 255 2984 autem
281 2922 355 2982 adeo
383 2923 474 2984 tribus
499 2926 596 3003 primis
623 2925 752 3001 partibus
778 2925 892 2986 videtur
914 2941 982 2984 esse
1004 2941 1070 3002 per·

64 3008 201 3084 mixtum,
224 3006 304 3084 (nam
320 3025 416 3086 neque
437 3008 590 3087 dispositio
607 3011 669 3069 sine
691 3025 728 3069 eo
744 3028 839 3089 neque
861 3009 989 3071 elocutio
1007 3007 1069 3067 iue-

64 3091 116 3170 rit)
140 3099 172 3150 ut
194 3092 456 3170 pronuntiationem
472 3110 590 3173 quoque
611 3094 661 3152 vel
676 3095 827 3172 plurimum
843 3112 882 3155 ex
898 3110 933 3153 eo
950 3094 1071 3154 mutuari

64 3184 174 3252 putem.
212 3174 296 3248 Quod
316 3174 373 3235 hoc
397 3177 532 3238 audacius
556 3177 696 3254 dixerim,
719 3178 797 3257 quod
819 3179 848 3238 in
867 3176 1094 3239 Partitionibus?

65 3260 202 3320 oratoriis
225 3258 262 3320 ad
284 3259 418 3337 easdem,
442 3263 477 3321 de
499 3261 603 3341 quihus
620 3279 707 3340 supra
730 3262 920 3339 dictumest,
943 3264 1069 3342 quinque

65 3345 201 3421 pervenit
221 3352 331 3422 partes.
366 3343 517 3406 Nemeum
538 3346 692 3425 dupliciter
713 3349 833 3425 primum
855 3347 1018 3424 divisisset,
1041 3348 1070 3406 in

64 3428 262 3489 inventionem
278 3437 366 3508 atque
384 3429 594 3490 elocutionem:
617 3448 666 3490 res
684 3448 719 3491 ae
734 3429 954 3512 dispositionem
970 3433 1069 3493 inven-
