2566 4026
340 241 595 292 monoceron.
612 236 883 305 mannans.
1059 226 1118 290 193

116 411 166 463 aut
187 400 399 475 inveniendum,
423 399 500 477 quod
523 414 628 457 causae
650 406 754 473 postea
776 397 946 456 accesserit.
990 395 1149 468 Quorum4

115 488 142 546 si
164 484 233 544 nihil
256 486 327 544 erit:
349 483 419 542 licet
441 492 536 542 tamen
551 481 650 540 dicere
670 479 775 539 multos
792 478 963 540 iudiciorum
979 499 1064 542 casus
1083 484 1119 544 ad

114 572 214 647 inique
241 567 483 646 pronuntiandum
509 565 609 625 valere
638 563 764 641 ideoque
789 563 950 623 damnatum
971 563 1117 644 Rutilium,

115 653 268 714 absolutos
291 649 424 711 Clodium
443 658 531 727 atque
550 645 709 708 Catilinam.
745 646 879 724 Rogaudi
895 649 980 707 ctiam
996 651 1118 727 iudices,

114 747 147 797 ut
174 755 235 796 renr
263 738 360 815 potius
388 737 551 793 intueantur
571 734 678 810 ipsam,
707 749 791 809 quam
817 732 992 792 iuriiurando
1023 732 1118 793 alieno

115 840 197 881 suum
219 822 335 881 donent.
380 818 530 878 Adversus
547 816 679 876 consulta
702 824 796 875 autem
810 824 927 875 senatus
948 825 978 875 et
999 817 1146 882 decretas

114 905 276 984 principum
297 903 347 962 vel
370 903 584 979 magistratuum
605 899 764 959 remedium
785 899 893 958 nullum
916 909 975 977 est,
996 903 1051 960 nisi
1073 911 1120 961 aut

114 992 231 1048 inventa
249 986 501 1066 quantulacunque
519 1001 624 1043 causae
640 982 802 1042 differentia
818 991 866 1042 aut
885 983 982 1061 aliqua
997 985 1045 1045 vel
1069 1002 1118 1045 eo-

113 1072 233 1132 rundem
260 1072 310 1131 vel
342 1070 471 1130 eiusdem
499 1069 654 1146 potcstatis
676 1067 820 1126 hominum
841 1069 989 1145 posterior
1012 1071 1118 1129 consti·

113 1157 197 1231 tutio,
218 1174 291 1234 quae
307 1157 344 1214 sit
359 1155 449 1233 priori
467 1153 624 1218 contraria;
644 1169 718 1229 quae
739 1150 909 1227 siderium,
926 1151 962 1211 lis
980 1169 1038 1212 non
1053 1155 1117 1213 erit.

398 1320 442 1370 DE
460 1318 552 1368 FAMA
568 1317 676 1375 ATQUE
694 1317 839 1368 RUMORE.

198 1416 248 1478 111.
281 1416 422 1478 Famam
446 1427 532 1493 atque
553 1432 721 1474 rumores
745 1433 812 1493 pars
829 1415 921 1476 altera
946 1433 1118 1477 consensum

115 1502 239 1562 civitatis
256 1511 285 1561 et
301 1501 382 1561 velut
398 1500 544 1579 publicum
566 1500 759 1558 testimonium
774 1508 877 1576 vocat,
900 1499 992 1560 altera
1008 1518 1117 1561 sermo·

113 1603 180 1645 nern
196 1587 258 1645 sinc
274 1585 337 1645 ullo
350 1593 432 1645 certo
445 1593 564 1643 auctore
577 1582 749 1661 dispersum,
770 1584 816 1642 cui
830 1583 994 1662 malignitas
1009 1587 1118 1645 initium

113 1670 241 1744 dederit,
264 1671 472 1729 incrementum
489 1667 660 1737 credulitas;
683 1666 759 1746 quod
773 1667 844 1727 nulli
859 1685 916 1727 non
934 1671 1019 1729 etiam
1036 1670 1117 1730 inno·

115 1755 281 1815 centissimo
293 1755 388 1832 possit
399 1753 534 1813 accidere
546 1751 834 1812 fraudeinimicorum
847 1751 1115 1831 lalsavulgantium.

113 1837 255 1917 Exempla
270 1840 404 1915 utrinque
424 1853 481 1896 non
498 1837 628 1896 deerunt.

484 2003 526 2053 DE
544 2002 742 2053 TORMENTIS.

198 2102 247 2161 iv.
279 2103 360 2163 Sicut
381 2103 409 2160 in
430 2103 627 2160 tormentis
654 2117 787 2179 quoque,
817 2101 865 2179 qui
886 2110 931 2160 est
951 2101 1035 2161 locus
1057 2102 1116 2162 ire·

114 2188 335 2264 cruentissimus,
359 2204 423 2244 cum
443 2203 511 2264 pars
532 2185 623 2245 altera
641 2187 840 2262 quaestionem
859 2202 929 2245 vera
943 2185 1052 2246 latendi
1066 2204 1116 2245 ne·

115 2272 281 2330 cessitatem
296 2278 395 2345 vocet,
418 2268 509 2329 altera
530 2287 621 2346 saepe
649 2272 733 2328 etiam
757 2286 873 2329 causam
894 2268 968 2330 falsa
990 2270 1115 2346 dicendi,

115 2353 191 2431 quod
215 2353 280 2413 aliis
303 2354 441 2432 patientia
463 2353 551 2413 laclle
572 2352 754 2411 mendacium
773 2352 861 2412 iaciat
882 2353 946 2412 aliis
967 2353 1116 2413 infirmitas

112 2439 321 2496 necessarium.
352 2436 427 2510 Quid
444 2438 545 2496 attinet
561 2436 596 2495 de
611 2435 656 2494 his
672 2433 775 2513 plural
805 2435 912 2496 Plenas
928 2445 994 2496 sunt
1010 2438 1116 2496 oratio·

113 2539 165 2580 nes
188 2529 321 2581 veterum
342 2538 377 2580 ac
398 2537 547 2580 novorum.
601 2518 749 2592 Quaedam
779 2528 873 2578 tamen
904 2521 932 2579 in
955 2519 1010 2579 hac
1031 2528 1144 2598 partem

114 2614 197 2663 crunt
209 2606 328 2683 propria
340 2605 479 2682 cuiusque
491 2603 559 2663 litis.
589 2602 662 2662 Nam
674 2604 736 2661 sive
749 2601 786 2662 de
797 2601 929 2663 habenda
946 2606 1117 2681 quaestione

113 2697 231 2765 agetur:
255 2688 407 2766 plurimum
418 2688 559 2763 intererit,
579 2687 643 2765 quis
659 2695 689 2747 et
705 2703 789 2765 quern
805 2684 935 2764 postulet
954 2695 1002 2746 aut
1014 2687 1118 2747 offerat

114 2781 143 2831 et
166 2774 194 2831 in
216 2790 302 2850 quem
325 2781 353 2831 et
375 2789 413 2831 ex
435 2789 490 2849 qua
512 2789 614 2840 causa;
640 2772 703 2830 sive
723 2772 778 2830 iam
803 2773 857 2829 erit
875 2770 986 2832 habita:
1009 2773 1072 2850 quis
1090 2771 1117 2830 ei

114 2855 285 2934 praefuerit,
304 2857 367 2933 quis
385 2864 413 2914 et
430 2856 574 2933 quomodo
590 2856 627 2914 sit
643 2864 747 2930 tortus,
762 2854 942 2915 incredibilia
959 2855 1064 2916 dixerit
1082 2873 1117 2914 an

114 2940 188 2998 inter
204 2958 236 2998 se
257 2941 432 3014 constantia,
450 2941 687 3018 perseveraverit
702 2940 729 2998 iu
746 2954 798 3014 eo,
816 2938 893 3017 quod
909 2948 1063 3018 coeperat,
1080 2957 1117 2999 au

114 3023 222 3101 aliquid
237 3023 340 3084 dolore
356 3024 480 3099 mutarit,
499 3024 590 3101 prima
600 3032 684 3102 parte
701 3024 878 3101 quaestionis
890 3041 925 3083 an
936 3026 1115 3103 procedente

115 3108 254 3167 cruciatu.
292 3107 375 3181 Quae
390 3109 524 3185 utrinque
542 3116 597 3166 tam
619 3107 727 3167 infinita
752 3117 817 3167 sunt
840 3125 924 3185 quam
939 3110 1002 3186 ipsa
1020 3126 1116 3168 rerum

113 3191 250 3251 varietas.

510 3306 550 3355 DE
571 3306 721 3358 TABULIS.

196 3401 232 3459 V.
266 3399 374 3461 contra
392 3400 537 3460 tabulas
556 3419 672 3480 quoque
689 3419 780 3481 saepe
796 3402 948 3463 dicendum
964 3411 1025 3479 est,
1052 3421 1115 3464 cunr

112 3503 164 3545 cas
182 3501 240 3545 nou
256 3485 350 3544 solum
371 3485 468 3545 refelli
490 3484 646 3546 sedetiam
667 3488 799 3546 accusari
822 3488 1036 3632 sciamus3esss
1057 3488 1115 3548 usi·

155 3589 184 3627 u.
199 3589 222 3627 r.
240 3588 353 3637 Quinum.
925 3573 937 3632 1
