2566 4026
389 168 478 216 rvsv.
494 168 644 217 eunucu.
661 170 730 216 me.
745 171 777 237 V,
798 122 839 220 ll.
1057 157 1118 220 233

203 323 357 384 Plurimum
378 333 472 384 autem
497 324 604 399 refert,
631 331 660 382 et
681 322 748 400 quid
763 323 918 401 protulerit
933 324 1149 392 adversariust

118 419 147 471 ct
163 409 319 488 quomodo.
358 407 480 467 Primum
500 408 588 484 igitur
609 406 773 466 intuendum
795 417 856 484 est,
872 407 917 484 fd,
937 409 983 468 cui
998 427 1119 487 respon-

119 495 179 554 suri
195 510 309 566 sumus,
326 492 474 569 proprium
492 493 528 551 sit
544 494 605 551 eius
621 490 716 550 iudicii
733 509 768 551 an
786 490 821 551 ad
837 509 953 552 causam
969 500 1051 552 extra
1075 511 1119 553 ar-

118 577 266 638 cessitum.
297 575 369 634 Nam
385 576 409 634 si
428 585 472 635 est
488 576 618 654 propri
627 592 695 633 um:
717 584 764 634 aut
779 575 941 653 negandum
956 584 1004 636 aut
1019 576 1118 636 defen·

116 661 241 722 dendum
257 668 305 719 aut
320 660 564 728 transferendum;
593 669 674 718 extra
694 657 769 719 haec
789 661 817 719 in
841 659 953 721 iudiciis
969 659 1033 720 fere
1051 661 1120 721 nihil

116 754 172 805 est.
203 742 382 821 Deprecatio
401 745 526 822 quidem,
550 761 624 822 quae
643 751 688 801 est
704 743 765 802 sine
781 743 840 805 ulla
856 744 958 822 specie
975 742 1149 809 defensio-5

115 830 172 904 nis,
189 844 254 887 rara
270 827 421 887 admodum
437 837 466 887 et
482 827 557 905 apud
574 845 625 887 ees
642 826 724 886 solos
740 827 862 904 iudices,
882 829 930 906 qui
946 827 1025 887 nulla
1041 838 1121 894 certa

114 911 318 992 pronuntiandi
341 911 432 971 forma
457 921 599 971 tenentur.
632 910 800 988 Quanquam
816 911 884 972 illae
905 927 1022 989 quoque
1046 911 1122 989 apud

115 993 150 1056 (l.
169 994 327 1055 Gaesarem
345 1005 373 1054 ει
391 995 568 1054 Triumviros
591 1012 644 1074 pro
666 995 844 1055 diversarum
865 997 987 1074 partium
1002 995 1120 1054 homini-

114 1079 170 1139 bus
188 1079 331 1154 actiones,
349 1080 459 1138 etiamsi
472 1080 608 1158 precibus
621 1088 747 1155 utuntur,
764 1079 900 1139 adhibent
912 1089 1007 1139 tamen
1024 1088 1121 1157 patro-

115 1163 207 1231 cinia;
225 1163 280 1221 nisi
295 1161 352 1222 hcc
367 1180 425 1222 non
441 1164 599 1222 fortissime
616 1162 799 1223 defendentis
816 1173 879 1238 est,
904 1163 1021 1239 dicere,
1040 1160 1122 1236 Quid

114 1245 204 1308 uliud
218 1248 344 1325 opimus,
365 1246 499 1324 Tubero,
515 1250 576 1308 nisi
589 1257 637 1323 ut,
654 1248 737 1325 quod
751 1248 801 1308 hic
817 1255 931 1325 potest,
946 1266 1002 1308 nos
1016 1265 1121 1325 possc-

114 1332 207 1396 mus?
243 1329 354 1403 Quodsi
378 1331 492 1409 quando
515 1331 590 1410 apud
606 1331 768 1408 Principem
784 1331 925 1406 aliumve,
948 1331 1011 1406 cui,
1029 1338 1151 1395 utrum6

113 1416 198 1493 velit,
217 1413 316 1489 liceat,
334 1414 487 1475 dicendum
505 1417 570 1490 erit,
587 1417 712 1493 dipsium
728 1416 851 1492 quidem
863 1422 958 1476 morte
970 1434 1048 1491 cum,
1064 1433 1123 1493 pro

115 1519 175 1580 quo
193 1501 367 1578 loquemur,
387 1501 526 1561 clementi
546 1509 648 1560 tamen
662 1500 850 1560 servandum
865 1518 933 1560 esse
947 1499 996 1560 ccl
1012 1500 1121 1560 talem:

116 1587 239 1665 primum
263 1584 387 1643 omnium
407 1602 464 1643 non
489 1585 543 1642 erit
561 1601 609 1642 res
625 1584 709 1642 nobis
727 1601 791 1642 curn
806 1582 974 1642 adversario
991 1582 1043 1642 sed
1060 1599 1123 1642 cunr

116 1669 230 1744 iudice,
254 1667 359 1726 deinde
380 1668 473 1728 forma
496 1667 704 1727 deliberativae
719 1668 811 1744 magis
827 1668 965 1726 materiae
984 1685 1066 1745 quam
1081 1667 1122 1725 iu·

117 1751 230 1813 dicialis
252 1761 373 1810 utemur.
422 1751 611 1811 Suadebimus
632 1753 721 1827 enim,
750 1760 781 1809 ut
802 1751 916 1810 laudern
943 1750 1122 1809 humanitatis

118 1838 313 1915 potiusquam
330 1835 509 1912 voluptatem
525 1835 642 1894 ultionis
666 1836 864 1912 concupiscat.
903 1833 989 1912 Apud
1011 1835 1149 1894 iudices?

117 1918 234 1999 quidem
255 1918 414 1978 secundum
445 1918 543 1996 legem
565 1920 692 1978 dicturos
719 1919 890 1978 sententiam
916 1917 952 1977 de
979 1917 1122 1977 confessis

117 2004 294 2082 praecipere
309 2003 460 2063 ridiculum
476 2011 530 2062 est.
569 2001 666 2079 Ergo,
689 2020 764 2080 quae
785 2020 881 2079 neque
903 2004 1004 2078 negari
1028 2018 1123 2079 neque

118 2087 270 2147 transferri
297 2096 434 2164 possunt,
468 2089 566 2164 utique
593 2086 774 2146 defendenda
802 2094 883 2161 suut,
912 2086 1123 2164 qualiacunque

118 2179 201 2246 sunt,
225 2178 273 2230 aut
296 2188 382 2230 causa
407 2170 576 2229 cedendum.
622 2169 753 2247 Negandi
777 2169 923 2247 duplicem
946 2169 1123 2229 ostendimus

118 2256 251 2330 formam,
272 2263 320 2315 aut
337 2271 395 2313 non
414 2272 482 2313 esse
498 2254 604 2313 factum
621 2263 668 2313 aut
683 2271 741 2312 non
756 2252 814 2311 huc
826 2271 905 2328 esse,
922 2253 999 2330 quod
1017 2253 1124 2313 factum

118 2340 165 2399 sit.
206 2337 290 2411 Quae
313 2356 408 2416 neque
431 2338 548 2398 defendi
565 2354 661 2414 neque
684 2335 836 2395 transferri
861 2345 999 2414 possunt,
1024 2338 1124 2413 utique

118 2422 272 2501 neganda,
300 2440 355 2481 nec
378 2422 472 2480 solum
497 2423 521 2480 si
542 2420 631 2479 finitio
656 2427 755 2498 potest
784 2437 851 2478 esse
873 2435 926 2497 pro
948 2419 1048 2492 nobis,
1072 2416 1125 2476 sed

119 2510 205 2566 etiam
224 2507 248 2564 si
265 2506 339 2565 nuda
355 2506 484 2565 infitiatio
502 2513 649 2583 superest.
681 2503 786 2562 Testes
803 2511 903 2561 erunt:
924 2502 1012 2562 multa
1029 2503 1058 2560 in
1074 2509 1154 2562 εοε8

119 2590 219 2651 dicere
242 2590 327 2657 licet;
352 2588 592 2667 chirographum:
624 2588 659 2648 de
683 2585 867 2647 similitudine
887 2586 1047 2646 litterarum
1068 2586 1125 2647 dis·

119 2691 261 2734 serenius.
298 2672 405 2751 Utique
431 2672 501 2732 nihil
524 2675 578 2732 erit
599 2674 682 2751 peius
709 2688 793 2750 quam
816 2671 974 2730 confessio.
1019 2669 1125 2730 Ultima

120 2767 164 2817 εει
181 2758 305 2816 actionis
322 2758 533 2832 controversia,
551 2775 616 2816 cum
633 2755 808 2816 defendendi
827 2754 990 2832 negandive
1005 2771 1063 2813 non
1081 2761 1127 2811 est

119 2839 221 2916 locus,
244 2839 273 2899 id
292 2849 337 2899 εει
358 2840 517 2899 translatio.
556 2840 645 2918 Atqui
667 2840 807 2918 quaedam
827 2848 909 2913 sunt,
933 2855 1009 2918 quac
1029 2844 1155 2915 nequeii

119 2925 221 3003 negari
243 2941 340 3001 neque
369 2923 485 2984 defendi
511 2942 606 3003 neque
633 2924 784 2984 transferri
805 2931 937 3002 possunt.
973 2919 1128 2984 Actutrertt

119 3027 175 3070 rec
191 3003 253 3083 est,
271 3024 366 3085 quac,
384 3027 452 3069 cum
467 3010 658 3070 associatae
679 3010 805 3087 suisset,
822 3009 916 3068 enixo
932 3014 996 3075 εει·
1018 3006 1053 3066 lis
1069 3021 1127 3064 non

121 3094 184 3152 erit.
224 3090 322 3164 Quare
343 3091 415 3152 illud
437 3093 606 3152 stultissime
630 3091 819 3171 praecipitur,
843 3091 920 3169 quod
938 3089 1055 3150 defendi
1069 3106 1127 3148 non

119 3177 225 3255 possit,
243 3175 359 3235 silentio
373 3177 622 3245 dissimulandum
639 3176 781 3254 siquidem
798 3175 897 3251 estid,
915 3175 951 3235 de
967 3191 1024 3253 quo
1039 3173 1127 3234 iudex

120 3261 356 3338 pronuntiaturus
377 3268 431 3318 εει.
477 3260 515 3319 Αι
537 3263 561 3319 si
584 3270 690 3320 extra
713 3275 859 3319 causam
876 3261 914 3317 sit
930 3259 1082 3320 adductum
1098 3267 1126 3318 ει
1136 3265 1169 3320 10

120 3353 229 3404 tantum
247 3345 444 3403 coniunctum:
468 3344 563 3403 malim
584 3344 699 3422 quidem
715 3342 830 3418 dicere,
854 3343 924 3402 nihil
941 3343 969 3403 id
987 3343 1022 3403 ad
1038 3361 1125 3421 quae·

121 3430 245 3488 ctionem
259 3445 314 3486 nec
332 3445 398 3485 esse
415 3429 444 3485 in
464 3427 508 3486 his
523 3428 688 3488 morandum
700 3425 740 3487 ¹et
759 3428 850 3485 minus
870 3445 953 3506 esse,
979 3445 1063 3507 quam
1078 3427 1126 3487 ad-
