2566 4026
162 159 224 222 236
479 173 838 232 m.sss.ou1nn1n1sn1

160 326 286 402 indubia,
304 291 426 386 niaxime
443 327 558 406 quidem
574 327 730 387 dissimilia.
765 327 869 407 Neque
884 331 959 389 enim
975 330 1038 391 tieri
1050 341 1160 413 potest,

161 420 192 470 ut
216 411 296 488 paria
319 410 376 470 sint
396 412 506 487 omnia,
533 421 564 471 ut
585 413 609 470 si
628 411 734 472 Nasica
760 422 827 490 post
853 415 983 473 occisum
999 414 1162 479 Gracchum

162 492 332 554 defendatur
346 495 481 572 exemplo
504 493 632 570 Ahalae,
657 514 673 555 a
695 512 752 574 quc
771 495 893 557 Maelius
913 507 958 556 est
976 499 1159 578 interiectus,

164 575 306 639 Maelium
320 582 408 657 repai
422 578 630 661 affectatorem
642 579 758 658 faisse,
781 599 802 640 a
819 581 960 642 Graccho
974 583 1058 662 lepos
1072 586 1160 647 mods

160 663 242 723 latas
256 679 323 721 esse
340 663 529 740 populares,·
550 659 682 724 Alsalam
702 665 882 741 mapistram
902 666 1033 742 equitum
1052 666 1160 745 faisse,

159 741 309 805 Nasicam
322 748 478 823 pacatum
492 764 578 822 esse,
595 746 715 805 dicatur.
750 747 780 806 st
800 747 962 807 defecerint
982 752 1093 811 omniu:
1118 753 1160 813 vi·

161 827 282 887 dendum
303 829 373 905 erit,
397 847 432 888 an
454 828 577 888 obtineri
597 831 706 907 possit,
730 848 767 889 ne
789 831 860 891 illud
885 832 1000 910 quidem
1016 843 1102 893 recte
1118 834 1148 895 iu

160 920 246 970 ctum.
288 909 373 984 Quod
393 912 429 973 de
459 912 600 990 exemplis
633 914 707 973 idem
734 915 819 974 etiarn
842 915 878 973 de
901 914 1033 975 iudicatis
1058 917 1159 977 obser·

160 995 293 1055 vandum.

116 1088 151 1146 25
243 1077 329 1151 Quod
343 1088 438 1138 autem
449 1081 544 1156 posui,
558 1080 682 1156 referre,
698 1098 756 1159 quo
768 1081 894 1159 quidque
907 1092 1061 1143 accusator
1072 1085 1158 1147 modo

160 1163 281 1241 dixerit,
302 1160 358 1224 lruc
382 1164 522 1243 pertinet,
542 1173 586 1238 ut,
609 1165 634 1222 si
656 1173 701 1222 est
722 1166 814 1223 minus
837 1164 997 1224 efficaciter
1013 1167 1159 1244 elocutus,

159 1251 222 1327 ipsa
238 1250 300 1308 eius
316 1244 405 1309 verba
428 1256 585 1327 parantum
612 1248 637 1306 si
659 1250 719 1307 acri
741 1257 771 1307 et
792 1248 955 1307 vehementi
982 1249 1070 1310 luerit
1090 1269 1160 1311 usus

159 1334 305 1407 oratione,
328 1333 449 1392 eandem
472 1350 534 1392 rem
554 1332 661 1390 nostris
676 1331 774 1392 verbis
789 1330 948 1390 mitioribus
965 1332 1159 1410 proteramus,

116 1426 187 1481 tout
209 1413 315 1476 Cicero
339 1416 375 1476 de
400 1414 552 1491 Cornelio,
577 1413 719 1476 codicem
744 1417 862 1494 attipit;
887 1423 917 1474 et
937 1417 1069 1493 protinus
1096 1435 1160 1478 cunr

160 1500 281 1577 quadam
297 1497 484 1575 defensione,
508 1508 554 1573 ut,
571 1501 595 1558 si
614 1516 668 1576 pro
687 1500 836 1559 luxurioso
853 1498 1005 1559 dicendum
1022 1501 1075 1576 sit,
1101 1498 1158 1562 Ob·

157 1585 239 1642 iacta
253 1591 298 1642 est
308 1584 404 1661 paulo
420 1583 578 1644 liberalior
592 1585 666 1646 cita.
704 1584 754 1643 Sic
775 1591 804 1642 et
822 1598 875 1660 pro
894 1581 1011 1642 sordido
1027 1601 1158 1661 parcum,

115 1671 150 1728 27
158 1680 211 1743 pro
227 1664 370 1725 maledico
389 1664 511 1724 liberum
527 1666 625 1725 dicere
643 1666 753 1726 licebit.
797 1665 904 1743 Utique
926 1667 1159 1728 committendum

158 1765 300 1825 nunquam
323 1759 384 1824 est,
403 1757 433 1808 ut
449 1748 679 1808 adversariorum
695 1749 770 1809 dicta
789 1767 853 1808 cum
869 1767 921 1809 sua
941 1749 1158 1811 confirmatione

157 1830 330 1907 referamus,
349 1840 397 1891 aut
416 1833 501 1891 etiam
518 1833 575 1892 loci
588 1833 707 1892 alicuius
721 1834 896 1893 executione
908 1832 1086 1910 adiuvemus,
1104 1834 1158 1892 nisi

159 1932 222 1974 cum
239 1914 382 1975 eludenda
400 1925 498 1974 erunt:
523 1913 616 1992 Apud
636 1919 803 1978 coercitum
820 1917 894 1976 mibi
905 1917 1022 1994 saeris,
1043 1919 1158 1996 iapuits

157 2007 199 2059 tot
213 2001 302 2059 anais
320 2000 423 2077 soram
440 2018 499 2059 non
520 2001 678 2078 eriperis,-
700 1996 839 2077 adfueris
860 2000 999 2070 lausaim·
1021 2008 1069 2076 et,
1091 2019 1159 2062 cam

157 2088 219 2141 tam
232 2083 320 2161 lonpo
333 2083 495 2143 intervallo
509 2085 646 2159 ceneris,
663 2103 731 2144 oum
746 2085 809 2160 bis,
829 2084 881 2161 qai
896 2085 930 2143 in
948 2084 1017 2162 faro
1036 2084 1158 2146 babita-

115 2171 245 2239 issrant,
269 2168 308 2227 dc
329 2167 476 2246 dipnitate
491 2168 680 2228 contendas?
709 2165 868 2227 Praeterea
885 2167 914 2226 in
928 2166 1159 2226 contradictione

157 2248 272 2308 interim
294 2257 385 2308 totum
400 2250 508 2310 crimen
524 2252 694 2329 exponitur,
710 2259 740 2308 ut
757 2249 862 2309 cicero
885 2266 939 2328 pro
956 2251 1065 2310 Scauro
1080 2252 1159 2310 circa

156 2329 310 2392 Bostarem
324 2333 393 2394 iecit
408 2333 498 2393 veluti
515 2335 676 2393 orationem
693 2334 827 2394 diuersae
845 2334 934 2411 partis
955 2335 1095 2409 imitatus,
1111 2341 1159 2394 aut

157 2415 288 2494 pluribus
301 2418 549 2495 propositionibus
565 2418 680 2492 iunctis,
694 2425 724 2475 ut
736 2434 789 2495 pro
801 2417 929 2492 Vareno,
947 2436 1016 2478 cam
1029 2418 1090 2478 iter
1102 2435 1160 2496 per

156 2519 250 2579 apros
272 2509 302 2561 ct
320 2502 390 2563 loca
410 2501 478 2562 sola
495 2502 616 2580 faceret
636 2520 706 2561 cam
732 2499 930 2578 Pompuleno,
949 2501 983 2559 in
1008 2500 1160 2577 familiam

155 2581 390 2646 Ancharianam
403 2586 550 2646 incidisse
566 2585 725 2659 dicarant,
747 2585 858 2645 dando
874 2581 1093 2662 Pompulenum
1110 2603 1158 2644 oc·

157 2668 255 2728 uisam
269 2686 350 2742 esse,
366 2670 450 2730 illico
468 2665 623 2729 Vareniana
642 2670 775 2727 cinctam
790 2675 998 2741 asservatum,
1021 2668 1094 2728 dam
1110 2667 1160 2727 bic

156 2751 344 2825 ostenderet,
363 2753 438 2828 qaid
453 2751 492 2810 dc
508 2771 542 2812 eo
555 2750 625 2828 fieri
638 2751 735 2811 callet.
773 2747 859 2822 Quod
875 2759 920 2809 est
935 2751 1034 2827 utique
1051 2750 1158 2809 iacien-

157 2832 238 2909 dum,
264 2835 288 2891 si
311 2835 365 2893 erit
386 2833 564 2894 incredibilis
582 2835 625 2892 rei
648 2834 721 2893 ordo
747 2842 776 2893 et
792 2835 857 2910 ipsa
873 2834 1058 2911 expositione
1075 2833 1159 2893 iidem

156 2916 331 2994 perditurus.
368 2916 484 2977 Interim
505 2935 559 2995 per
580 2925 679 2996 partes
701 2916 887 2992 dissolvitur,
922 2915 1159 2995 quod-contextu

156 3008 259 3068 nocct;
281 3007 311 3059 et
327 2999 499 3079 plerumque
515 3001 543 3060 id
560 3010 605 3059 est
619 3002 716 3060 tutius.
749 2998 897 3073 Quaedam
914 2999 1158 3060 contradictiones

156 3092 258 3144 natura
274 3093 341 3142 sunt
356 3083 506 3161 singulae:
524 3085 552 3143 id
569 3084 711 3162 exemplis
727 3100 784 3142 non
806 3093 884 3161 eget.

113 3174 148 3228 29
240 3165 446 3228 Communia
470 3166 545 3227 bene
573 3167 828 3246 apprehenduntur
855 3184 912 3226 non
940 3176 1067 3242 tantum,
1095 3168 1158 3244 quia

156 3248 306 3327 utriusque
331 3261 397 3312 sunt
421 3253 529 3330 partis,
558 3251 611 3311 sed
640 3252 706 3329 quia
726 3251 791 3329 plus
813 3260 933 3327 prosunt
959 3249 1157 3329 respondenti.

155 3331 259 3410 Neque
281 3336 356 3394 euim
376 3333 504 3414 pigebit,
529 3335 606 3413 quod
623 3351 713 3412 saepe
729 3335 844 3408 monui,
862 3333 991 3402 referre:
1009 3349 1158 3393 commune

112 3418 206 3494 toqui
222 3418 302 3494 prior
317 3417 396 3494 dicit,
417 3419 590 3478 contrarium
606 3417 684 3477 iacit.
721 3415 774 3475 list
797 3419 872 3476 enim
888 3419 1078 3492 contrarium,
1103 3430 1158 3494 quo
