2566 4026
158 134 220 196 240
474 145 511 193 n.
525 145 838 205 armantarmant

157 304 264 364 lactum
280 309 404 360 venuste
419 301 525 359 nostris
544 299 723 379 temporibus
742 300 829 361 elusit
843 299 945 360 Vibius
965 299 1099 382 Crispus,
1113 305 1158 365 vir

157 388 264 466 ingenii
280 385 394 445 iucundi
411 393 440 444 et
455 384 616 461 elegantis:
632 382 699 464 Epo
709 404 792 460 caro,
809 385 909 463 inquit,
925 388 984 447 ista
994 405 1056 448 aon
1067 388 1158 459 dicor

112 483 147 539 49
157 474 232 552 qaid
247 472 325 531 enim
342 471 450 531 attinet
460 470 515 529 itta
533 469 681 530 disticte
712 468 922 546 Nonnunquam
939 479 1034 531 tamen
1049 470 1159 549 aliquid

156 555 249 616 simile
265 553 486 614 contradictioni
504 553 572 630 poni
592 561 702 630 potest,
718 554 744 611 si
758 553 825 631 quid
838 552 874 612 ab
886 554 1055 614 adversario
1068 564 1157 615 testa·

156 639 280 700 tionibus
304 635 546 716 comprehensum
566 636 596 694 in
616 637 858 697 advocationibus
878 639 1014 698 iactatum
1036 641 1088 707 sit;
1112 657 1159 700 re-

155 720 360 803 spondebimus
377 722 451 780 enim
467 722 510 779 rei
526 719 562 781 ab
581 719 639 779 illis
656 720 768 797 dietae,
794 738 852 780 non
875 721 991 782 anobis
1008 723 1159 800 excogita·

155 818 218 876 tae;
246 815 310 882 aut,
335 806 360 863 si
381 805 409 864 id
432 821 525 882 genus
547 805 602 863 erit
621 821 743 880 causae,
770 814 801 864 ut
824 822 993 883 proponere
1013 807 1158 885 possimus

156 901 253 967 certa,
276 898 358 949 extra
381 906 455 967 quae
477 887 533 948 diei
549 887 619 947 nihil
637 889 746 965 possit:
772 899 819 965 ut,
850 907 914 948 eum
935 909 983 950 res
1004 890 1110 951 furtiva
1132 891 1160 950 in

155 977 239 1037 domo
258 973 441 1052 deprehensa
457 973 504 1048 sit,
522 972 599 1031 dicat
610 989 735 1031 necesse
748 981 793 1032 est
804 991 884 1050 reus,
901 983 949 1032 aut
961 992 994 1033 se
1006 976 1159 1052 ignorante

154 1061 262 1121 illatam
280 1067 328 1117 aut
343 1057 505 1135 depositam
522 1055 598 1133 apud
613 1073 646 1114 se
659 1065 707 1115 aut
718 1056 851 1116 donatam
867 1056 936 1125 sibi;
954 1057 1057 1136 quibus
1070 1060 1158 1118 omni-

112 1144 218 1220 bobus,
236 1142 348 1202 etiamsi
372 1141 524 1219 proposita
547 1156 605 1199 non
620 1149 702 1216 sunt,
729 1141 902 1218 responderi
923 1151 1031 1219 potest.
1068 1143 1109 1203 At
1133 1144 1160 1202 in

155 1227 264 1288 scholis
282 1234 364 1285 recte
380 1223 560 1303 plenioribus
578 1232 607 1283 et
623 1223 900 1284 contradictionibus
913 1241 1113 1301 occurremus,
1130 1235 1160 1286 ut

154 1315 182 1372 in
196 1321 348 1389 utrumque
363 1309 469 1384 locum,
487 1309 515 1369 id
531 1317 577 1367 est
594 1309 714 1386 primum
730 1317 759 1368 et
776 1308 952 1385 secundum,
970 1310 1055 1369 simul
1071 1308 1160 1388 pluri·

154 1415 229 1456 mum
252 1411 452 1455 exerceamur.
492 1390 577 1465 Quod
598 1393 653 1451 nisi
674 1392 849 1468 fecerimus,
883 1410 1026 1470 nunquam
1047 1403 1161 1454 utemur

155 1479 400 1544 contradictione;
418 1493 475 1535 non
492 1479 567 1536 enim
583 1478 652 1550 erit,
673 1477 718 1535 cui
736 1474 974 1554 respondeamus.

112 1578 145 1632 tl
239 1562 292 1621 Est
308 1570 337 1620 et
351 1559 424 1620 illud
439 1561 538 1618 vitium
554 1577 687 1635 magnum
702 1559 830 1620 sollicite
847 1569 876 1620 et
895 1562 972 1620 circa
989 1561 1085 1620 omnia
1098 1577 1159 1620 mo·

155 1654 250 1705 menta
267 1645 401 1705 luctantis
410 1664 417 1711 ;
435 1651 602 1721 suspectam
618 1644 692 1701 enim
707 1643 777 1703 lacit
792 1644 879 1704 iudici
896 1662 1030 1719 causam,
1057 1652 1086 1703 et
1101 1643 1159 1704 ire-

156 1738 289 1808 quenter,
312 1745 387 1806 quae
405 1728 501 1787 statim
517 1727 594 1787 dieta
610 1743 723 1786 omnem
739 1726 945 1788 dubitationem
961 1726 1159 1803 sustulissent,

155 1813 242 1873 dilata
257 1814 329 1890 ipsis
347 1809 618 1890 praeparationibus
634 1810 719 1870 iidem
735 1812 874 1889 perdunt,
891 1812 957 1891 quia
975 1820 1115 1890 patronus
1131 1821 1159 1871 et

156 1897 219 1957 aliis
238 1895 394 1957 crediderit
410 1912 483 1972 opus
500 1894 600 1953 inisse.
636 1891 783 1953 Fiduciam
803 1896 890 1972 igitur
912 1905 1011 1955 orator
1032 1912 1104 1973 prae
1127 1914 1159 1955 sc

155 1981 230 2040 ierat
246 1997 421 2058 semperque
438 1979 476 2036 ita
493 1978 586 2054 dicat,
605 1987 740 2056 tanquam
755 1978 792 2037 de
809 1997 896 2038 causa
913 1980 1021 2056 optime
1037 1980 1157 2047 sentiat;

113 2063 234 2142 nequod
258 2065 334 2124 sicut
357 2063 450 2122 omnia
472 2063 500 2120 in
529 2061 671 2122 Cicerone
693 2065 882 2141 praecipuum
913 2072 967 2122 est.
1013 2061 1085 2122 Nam
1109 2062 1159 2123 illa

156 2164 264 2207 summa
281 2162 349 2207 eura
365 2147 531 2206 securitatis
549 2154 594 2206 est
609 2146 727 2222 similiS‚
750 2155 887 2225 tantaque
909 2148 938 2206 in
961 2146 1093 2206 oratione
1111 2164 1158 2206 au·

156 2233 294 2307 ctoritas,
316 2239 347 2290 ut
367 2229 547 2309 probationis
570 2229 667 2290 locum
688 2228 817 2291 obtineat
839 2230 970 2291 dubitare
995 2229 1080 2289 nobis
1103 2246 1160 2290 non

156 2315 336 2376 audentibus.
369 2313 472 2389 Porro,
490 2316 538 2392 qui
556 2317 672 2390 scierit,
697 2315 764 2392 quid
782 2332 850 2393 pars
867 2314 1007 2390 adversa,
1026 2313 1094 2392 quid
1109 2330 1159 2373 no·

156 2409 215 2460 stra
231 2398 337 2459 babeat
351 2398 592 2474 valentissimum,
618 2398 705 2459 facile
729 2398 882 2475 iudicabit,
909 2398 1012 2478 quibus
1036 2400 1159 2458 maxime

155 2482 243 2542 rebus
259 2484 307 2542 vel
324 2482 536 2543 occurrendum
551 2486 589 2543 sit
605 2483 653 2543 vel
670 2482 840 2542 instandum.

113 2586 147 2639 53
242 2564 339 2627 Ordo
360 2566 475 2645 quidem
492 2568 521 2624 in
538 2576 621 2645 parte
637 2565 716 2625 nulla
731 2567 822 2625 minus
836 2566 921 2626 allert
933 2565 1052 2627 laboris.
1087 2563 1159 2625 Nam

156 2653 180 2710 si
198 2653 326 2728 agimus,
348 2660 447 2710 nostra
464 2649 658 2709 confirmanda
674 2658 739 2707 sunt
756 2651 894 2728 primurn,
918 2658 994 2726 tum,
1016 2667 1091 2727 qnae
1108 2666 1158 2708 no·

156 2736 223 2793 stris
242 2742 428 2813 opponuntur
443 2733 610 2802 refutanda;
634 2735 658 2792 si
675 2734 902 2811 respondemus,
925 2735 1004 2811 prius
1020 2733 1158 2811 incipien·

112 2818 222 2891 sadum
239 2826 287 2878 est
299 2835 316 2877 a
330 2817 517 2877 refutatione.
556 2815 721 2877 Nascuntur
743 2827 838 2877 autem
856 2834 894 2877 ex
910 2815 972 2892 his,
997 2834 1073 2894 quae
1090 2833 1158 2876 con·

156 2901 320 2963 tradietioni
333 2902 532 2979 opposuimus,
550 2900 625 2960 aliae
638 2901 894 2976 contradictiones,
907 2908 1034 2978 euntque
1046 2901 1159 2960 interim

156 2985 286 3063 longius;
315 2993 345 3044 ut
375 2984 568 3062 gladiatorum
597 3003 714 3060 manus,
743 3003 817 3063 quae
838 2984 984 3045 secundae
1006 2993 1176 3059 vocantur,¹

156 3069 225 3128 liunt
242 3077 271 3127 et
286 3070 406 3144 tertiae,
430 3070 453 3127 si
477 3071 532 3127 ista
553 3071 644 3146 prima
668 3067 703 3130 ad
718 3069 879 3129 vocandum
895 3069 1054 3128 adversarii
1072 3069 1159 3128 ictum

157 3152 271 3230 prolata
288 3160 365 3228 erat,
384 3161 413 3212 et
429 3161 565 3230 quartae,
583 3155 607 3212 si
622 3155 767 3231 geminata
784 3154 909 3231 captatio
927 3161 988 3228 est,
1004 3160 1034 3211 ut
1049 3150 1094 3210 bis
1111 3169 1158 3212 ca·

11 3258 14 3263 ’
115 3251 239 3310 55vere,
255 3235 300 3294 bis
315 3244 454 3314 repetere
471 3239 642 3314 oportuerit.
670 3235 751 3310 Quae
762 3239 836 3297 ratio
850 3245 879 3296 et
892 3235 967 3295 ultra
983 3235 1072 3295 ducit.
1100 3233 1159 3295 Sed

157 3318 236 3378 illam
252 3320 348 3395 etiam,
368 3337 451 3398 quam
466 3338 554 3399 supra
570 3321 699 3396 ostendi,
717 3318 877 3398 simplicem
894 3337 931 3378 ex
946 3318 1099 3380 affectibus
1117 3327 1158 3378 at·

159 3418 215 3480 que
233 3420 270 3461 ex
286 3402 477 3464 affirmatione
493 3405 556 3465 sola
567 3404 769 3484 probationem
784 3405 890 3484 recipit
901 3403 1049 3480 refutatio,
1064 3402 1157 3482 qualis
