2566 4026
346 237 436 286 ruso.
450 238 600 288 caunos.
616 240 686 288 nm.
703 240 770 306 xm,
786 237 829 291 11.
1054 224 1116 288 279

115 413 187 471 non,
212 393 339 469 Tyrtaei.
372 393 447 466 Quin
462 395 546 453 immo
565 395 589 452 si
606 394 680 453 hanc
696 394 902 470 cogitationem
917 394 1048 453 homines
1064 394 1114 455 ha·

114 478 260 555 luissent,
277 487 308 538 ut
324 495 409 538 nemo
426 496 458 537 se
473 478 625 538 meliorem
642 477 776 555 forceo,
796 479 843 556 qui
860 479 985 555 optimus
1000 476 1114 555 luisset,

114 560 315 623 arbitraretur:
344 561 373 621 lsi
388 563 462 640 ipsi,
486 563 534 641 qui
555 570 621 622 sunt
642 561 757 640 optimi,
780 578 837 621 non
856 562 997 637 fuissent,
1019 579 1114 639 neque

114 656 182 724 post
204 645 367 706 lucretium
390 663 425 705 ac
446 644 575 706 Macrum
591 644 739 722 Vergilius
760 663 817 704 nec
839 653 907 724 post
929 642 1066 705 Crassum
1087 652 1117 704 et

113 729 299 790 Hortensium
315 727 421 792 Cicero
437 729 491 788 sed
505 748 560 790 neo
574 730 628 806 illi,
642 731 691 808 qui
705 737 773 807 post
789 746 841 789 eos
857 729 981 790 inerunt.
1008 728 1158 790 Verumtfl

114 824 145 874 ut
161 813 328 874 transeundi
344 831 414 892 spes
429 829 487 872 non
504 816 557 873 sit:
577 831 681 891 magna
703 822 797 873 tamen
814 821 859 872 est
874 812 998 890 dignitas
1014 811 1115 872 subse-

115 897 230 976 quendi.
267 897 312 957 An
338 897 433 958 Pollio
462 906 490 958 et
515 896 660 974 Messala,
691 899 739 976 qui
766 899 822 958 iam
849 894 993 957 Cicerone
1019 914 1117 958 arcem

114 990 232 1042 tenente
249 981 435 1061 eloquentiae
450 999 541 1059 agere
558 989 736 1060 coeperunt,
758 999 859 1060 parum
878 982 906 1040 in
920 982 979 1040 vita
996 981 1117 1058 dignita-

113 1068 150 1125 tis
166 1066 342 1143 habuernnt,
359 1084 459 1145 parum
473 1065 509 1127 ad
525 1075 661 1144 posteros
676 1064 790 1143 gloriae
806 1065 1007 1125 tradiderunt?
1035 1063 1116 1124 Alio·

116 1151 164 1228 qui
183 1151 310 1228 pessime
336 1149 373 1210 de
394 1149 484 1210 rebus
504 1150 633 1210 humanis
655 1147 816 1228 perductae
838 1151 866 1209 in
885 1167 1023 1209 summum
1038 1156 1116 1208 artes

115 1242 312 1310 mererentur,
329 1235 370 1310 si,
388 1232 465 1311 quod
483 1236 636 1312 optimum,
657 1234 770 1293 inisset.
803 1232 889 1293 Adde
905 1233 984 1312 quod
998 1238 1159 1310 magnosi9

116 1316 230 1377 modica
252 1334 370 1396 quoque
397 1316 564 1395 eloquentia
588 1318 664 1397 parit
684 1316 811 1393 fructus,
834 1335 886 1392 ac,
909 1317 1019 1396 siquis
1043 1317 1119 1377 haec

117 1399 211 1459 studia
234 1401 355 1461 utilitate
376 1400 441 1460 sola
463 1403 611 1478 metiatur,
633 1419 728 1480 paene
751 1401 794 1461 illi
813 1401 966 1480 perfectae
987 1418 1040 1479 par
1063 1409 1117 1460 est.

118 1482 220 1563 Neque
239 1494 302 1544 erat
323 1484 441 1546 difficile
461 1484 510 1545 vel
525 1485 673 1546 veteribus
695 1485 745 1546 vel
765 1487 848 1545 novis
865 1484 1008 1563 exemplis
1024 1483 1120 1564 palam

118 1568 236 1643 iacere,
252 1586 309 1628 non
324 1569 438 1629 aliunde
455 1571 581 1630 maiores
598 1586 687 1648 opes,
709 1570 853 1646 honores,
878 1568 1034 1644 amicitias,
1058 1567 1118 1628 lau·

120 1651 185 1711 dem
198 1661 391 1729 praesentem,
408 1652 530 1714 iuturam
541 1653 703 1714 hominihus
716 1655 891 1732 contigisse:
906 1653 962 1712 nisi
974 1652 1120 1730 indignum

119 1736 223 1795 litteris
244 1746 339 1813 esset,
368 1735 404 1796 ab
426 1753 518 1816 opere
540 1738 753 1817 pulcherrimo,
776 1739 856 1799 cuius
878 1745 1017 1798 tractatus
1033 1744 1121 1815 atque

119 1821 182 1897 ipsa
204 1823 355 1898 possessio
374 1821 572 1900 plenissimam
593 1823 694 1884 studiis
717 1824 838 1901 gratiam
852 1822 960 1898 refert,
979 1820 1055 1882 hanc
1069 1820 1120 1880 mi·

119 1919 220 1962 norem
236 1906 356 1982 exigere
370 1907 549 1984 mercedem,
564 1924 646 1968 more
661 1925 771 1985 eorum,
788 1907 837 1986 qni
852 1925 869 1968 a
884 1924 918 1966 se
930 1906 1121 1965 nonnirtutes

120 1987 174 2046 sed
193 1989 389 2065 voluptatem,
411 2007 486 2067 quae
506 1991 538 2050 iit
554 2009 591 2051 ex
614 1991 784 2066 virtutibus,
806 1992 867 2070 peti
888 1991 995 2051 dicunt.
1027 1987 1165 2068 lpsam30

121 2071 209 2144 igitur
225 2069 326 2128 orandi
339 2072 534 2148 maiestatem,
550 2091 605 2151 qua
621 2075 690 2135 nihil
708 2076 746 2135 dii
761 2075 938 2134 immortales
952 2073 1056 2134 melius
1071 2072 1122 2132 ho·

121 2153 188 2210 mini
206 2152 363 2229 dederunt,
383 2163 413 2213 et
427 2173 483 2235 qna
497 2166 610 2216 remota
626 2167 702 2217 muta
719 2166 785 2216 sunt
800 2159 893 2216 omnia
909 2165 938 2216 et
954 2157 1022 2216 luce
1039 2173 1123 2235 prae·

123 2237 198 2298 senti
218 2256 253 2298 ac
273 2239 412 2298 memoria
434 2240 615 2316 posteritatis
641 2248 756 2314 carent,
783 2248 845 2299 toto
872 2240 965 2300 animo
993 2247 1125 2317 petamus

123 2325 303 2401 nitamurque
322 2338 438 2399 semper
454 2322 490 2382 ad
506 2323 630 2401 optima,
653 2323 730 2403 quod
744 2322 887 2383 iacientes
903 2330 951 2383 aut
968 2322 1124 2382 evademus

123 2409 152 2466 in
169 2423 307 2465 summum
324 2413 372 2464 aut
388 2415 468 2466 certe
484 2404 589 2466 multos
603 2406 677 2467 inira
692 2424 747 2466 nos
763 2404 934 2467 videbimus.

208 2489 289 2549 llaec
306 2499 398 2566 eraut,
415 2487 557 2551 Marcelle
572 2489 695 2567 Victori,
713 2491 817 2571 quibus
833 2499 994 2569 praecepta
1012 2488 1126 2550 dicendi
1133 2489 1167 2544 31

125 2591 178 2652 pro
198 2573 274 2633 virili
296 2582 378 2651 parte
401 2574 530 2636 adiuvari
546 2593 636 2655 posse
651 2593 706 2654 per
720 2592 774 2635 nos
788 2574 976 2652 videbantur,
1005 2590 1127 2654 quorum

126 2659 252 2734 cognitio
269 2657 407 2717 studiosis
423 2658 574 2719 iuvenibus
596 2661 621 2719 si
637 2676 695 2720 non
711 2677 843 2738 magnam
857 2657 1009 2719 utilitatem
1025 2657 1128 2718 afferet

125 2751 153 2800 at
170 2751 268 2819 certe,
286 2742 365 2821 quod
381 2746 473 2821 magis
489 2744 629 2822 petimus,
646 2743 750 2806 bonam
763 2742 950 2804 voluntatem.
