2566 4026
416 513 702 580 LIBERXII.

52 648 133 699 Libro
153 647 305 697 duodecimo
322 645 386 696 haec
405 649 577 697 continentur:
602 646 773 697 Prooemium.
808 644 864 694 Non
884 660 962 710 posse
981 656 1065 696 orato-

89 733 144 767 rem
162 731 219 766 esse
237 716 288 766 nisi
304 716 387 765 virum
406 715 509 767 bonum.
544 715 728 782 cognoscenda
746 714 849 773 oratori,
867 715 959 776 quibus
979 729 1063 766 mores

90 786 242 836 formantur.
276 784 452 835 Necessariam
471 785 534 834 iuris
548 784 632 835 civilis
650 783 744 833 oratori
762 783 904 833 scientiam.
941 785 1004 832 Item
1022 783 1064 833 hi·

90 855 235 904 storiarum.
273 852 343 912 Quae
360 854 410 902 sint
426 855 487 903 artis
509 855 633 906 oratoriae
652 853 828 904 instrumenta.
863 850 936 910 Quod
949 853 982 900 sit
1000 852 1063 901 inci-

89 923 178 988 piendi
197 936 287 972 causas
306 936 383 986 egere
400 929 510 987 tempus.
549 921 618 981 Quae
632 923 659 970 in
677 920 848 986 suscipiendis
866 921 950 970 causis
969 922 1063 972 oratori

89 992 248 1042 observanda
266 991 325 1043 sint.
355 989 424 1048 Quae
442 993 469 1040 in
488 991 625 1044 discendis.
650 989 719 1048 Quae
732 992 758 1039 in
777 989 894 1056 agendis.
921 989 1063 1055 Degenero

91 1060 202 1113 dicendi.
242 1058 312 1117 Quae
330 1065 389 1123 post
405 1058 481 1110 finem
500 1060 595 1114 studia.

457 1195 657 1246 PROOEMIUM.

55 1302 183 1385 Ventum
204 1329 248 1379 est
270 1319 306 1380 ad
327 1330 439 1399 partem
464 1321 563 1400 operis
585 1320 718 1381 destinati
741 1320 830 1397 longe
852 1319 1063 1397 gravissimam.

56 1403 146 1466 Cuius
165 1405 299 1482 equidem
319 1421 391 1464 onus
408 1407 432 1464 si
453 1414 560 1465 tantum
577 1406 713 1483 opinione
728 1407 820 1484 prima
836 1404 995 1481 concipere
1010 1420 1064 1481 po·

56 1489 196 1563 tuissem,
213 1496 319 1566 quanto
335 1506 381 1548 me
398 1491 491 1567 premi
506 1489 605 1548 ferens
620 1490 731 1549 sentio:
748 1489 886 1548 maturius
903 1486 1065 1546 consuluis-

57 1590 123 1632 sem
139 1573 218 1631 vires
233 1590 322 1631 meas.
356 1572 416 1632 Sed
430 1574 511 1633 initio
532 1572 626 1652 pudor
642 1571 807 1649 omittendi,
831 1589 906 1650 quae
921 1573 1065 1649 promise·

57 1674 130 1731 ram,
147 1657 251 1724 tenuit;
270 1673 348 1733 mox,
365 1675 527 1736 quanquam
542 1676 596 1736 per
612 1657 742 1735 singulas
755 1673 850 1735 prope
866 1663 965 1733 partes
981 1654 1067 1715 labor

59 1749 227 1816 cresceret,
243 1759 280 1800 ne
298 1742 467 1820 perderem,
488 1760 562 1820 quae
577 1743 633 1801 iam
651 1742 756 1801 edecta
775 1749 872 1815 erant,
890 1757 944 1817 per
962 1756 1064 1798 ornnes

58 1824 245 1885 difficultates
264 1827 357 1885 animo
373 1845 419 1886 me
435 1827 605 1886 sustentari.
641 1826 738 1901 Quare
754 1842 830 1884 nunc
845 1840 979 1902 quoque,
997 1823 1093 1886 ticetn

58 1910 151 1967 maior
167 1925 252 1985 quam
267 1927 390 1985 unquam
406 1909 500 1969 moles
516 1918 644 1987 premat,
661 1919 758 1969 tamen
771 1907 963 1987 prospicienti
979 1907 1066 1966 linem

59 1991 128 2049 mihi
158 1991 343 2050 constitutum
367 2000 412 2050 est
430 1991 480 2050 vel
503 1991 633 2052 deiicere
658 1995 754 2071 potius
782 2008 866 2069 quam
893 1990 1064 2068 desperare.

61 2072 181 2133 Feiellit
195 2081 305 2147 autem,
322 2073 400 2150 quod
414 2075 523 2132 initium
541 2092 556 2134 a
571 2077 668 2152 parvis
686 2091 867 2152 ceperamus.
898 2072 969 2132 Mox
985 2073 1066 2132 velut

61 2174 132 2216 aura
155 2156 330 2216 sollicitante
353 2158 488 2234 provecti
510 2156 641 2234 lougius,
668 2156 733 2216 dum
758 2166 853 2217 tamen
874 2166 942 2216 nota
960 2155 1012 2215 illa
1038 2165 1067 2216 et

61 2240 213 2319 plerisque
235 2241 336 2298 artium
356 2239 548 2318 scriptoribus
570 2248 690 2309 tractata
712 2241 923 2319 praecipimus,
946 2257 1001 2297 nec
1017 2239 1066 2298 ad·

63 2325 120 2384 huc
134 2342 150 2383 a
162 2323 247 2383 litore
259 2324 363 2402 procul
378 2323 549 2384 videbamur
565 2333 594 2384 et
604 2324 711 2384 multos
729 2325 807 2384 circa
822 2323 903 2383 velut
917 2322 1019 2382 iisdem
1032 2340 1065 2381 se

61 2409 158 2467 ventis
175 2408 298 2467 credere
314 2425 400 2468 ausos
419 2408 606 2470 habebamus.
639 2407 698 2467 lam
720 2426 784 2468 curn
805 2406 962 2485 eloquendi
978 2407 1095 2470 ratio-3

61 2510 128 2551 nem
148 2493 305 2552 novissime
328 2503 474 2571 repertam
492 2491 731 2571 paucissimisque
754 2500 920 2570 temptatam
941 2491 1067 2568 ingressi

62 2593 177 2635 snmus:
202 2595 302 2654 rarus,
325 2580 374 2655 qni
389 2586 446 2637 tam
461 2577 566 2656 procul
582 2594 600 2637 a
615 2585 700 2655 portu
715 2576 908 2650 recessisset,
935 2575 1066 2652 reperie-

62 2660 156 2719 batur.
184 2660 340 2738 Postquam
354 2679 427 2721 vero
443 2661 528 2722 nobis
542 2661 604 2738 ille,
621 2678 706 2739 quem
721 2660 950 2735 instituebamus,
968 2667 1068 2719 orator

62 2761 80 2802 a
101 2742 215 2803 dicendi
235 2746 379 2821 magistris
403 2745 536 2805 dimissus
556 2754 603 2804 aut
619 2760 671 2802 suo
691 2744 747 2803 iam
762 2745 869 2822 impetn
887 2744 994 2819 fertur,
1019 2751 1068 2800 aut

62 2827 171 2887 maiora
196 2828 250 2887 sibi
276 2828 382 2888 auxilia
406 2847 443 2888 ex
469 2830 540 2907 ipsis
565 2829 726 2906 sapientiae
752 2826 951 2906 penetralibus
976 2826 1066 2905 petit:

63 2928 148 2988 quarn
165 2912 193 2969 in
211 2912 298 2975 altum
313 2912 400 2972 simus
417 2912 517 2989 ablati,
533 2914 643 2972 sentiro
662 2913 820 2990 coepimus.
851 2910 935 2971 Nunc
953 2910 1096 2978 acclamo

62 2995 199 3072 undique
220 3004 249 3056 et
271 2998 407 3075 undiquc
426 3005 548 3075 pontus.
583 2995 677 3056 Unum
698 2995 785 3056 modo
808 2996 837 3054 in
857 2995 908 3055 illa
929 2996 1068 3054 immensa

62 3078 198 3137 vastitate
215 3096 337 3138 cernere
352 3080 482 3140 videmur
495 3079 533 3140 Μ.
552 3079 687 3155 Tullium,
705 3081 752 3158 qui
769 3089 864 3139 tamen
878 3080 952 3157 ipse,
969 3095 1067 3156 qnam·

63 3161 108 3217 vis
121 3167 199 3220 tanta
211 3171 297 3239 atquc
312 3164 351 3222 ita
366 3165 505 3224 instructa
520 3182 595 3224 nave
611 3164 668 3223 hoc
681 3182 760 3224 mare
775 3165 936 3240 ingressus,
954 3169 1067 3222 contra·

63 3243 106 3302 hit
119 3242 186 3303 vela
201 3244 368 3324 inhibetque
386 3265 483 3308 remos
499 3258 528 3309 et
546 3247 583 3310 de
600 3248 666 3326 ipso
685 3248 798 3308 demum
812 3265 924 3325 genere
941 3245 1066 3320 dicendi,

64 3343 122 3406 quo
141 3328 177 3386 sit
194 3347 297 3389 usurus
317 3331 468 3409 perfectus
484 3342 599 3410 orator,
624 3333 694 3392 satis
712 3331 801 3392 habet
817 3331 927 3392 dicere.
959 3329 999 3389 At
1015 3346 1067 3388 no-

64 3422 123 3474 stra
142 3415 289 3474 temeritas
314 3418 399 3476 etiarn
421 3435 519 3478 mores
545 3419 572 3478 ei
591 3416 742 3478 conabitur
764 3416 833 3477 dare
858 3424 887 3477 et
908 3411 1069 3492 assignabit
