<?xml version="1.0" encoding="UTF-8"?>
<!DOCTYPE html PUBLIC "-//W3C//DTD XHTML 1.0 Transitional//EN"
    "http://www.w3.org/TR/xhtml1/DTD/xhtml1-transitional.dtd">
<html xmlns="http://www.w3.org/1999/xhtml" xml:lang="en" lang="en">
 <head>
  <title>
</title>
<meta http-equiv="Content-Type" content="text/html;charset=utf-8" />
  <meta name='ocr-system' content='tesseract 3.04.00' />
  <meta name='ocr-capabilities' content='ocr_page ocr_carea ocr_par ocr_line ocrx_word'/>
</head>
<body>
  <div class='ocr_page' id='page_1' title='image "./mfabiiquintilia00bonngoog/mfabiiquintilia00bonngoog_0225.png"; bbox 0 0 2566 4026; ppageno 0'>
   <div class='ocr_carea' id='block_1_1' title="bbox 197 181 885 251">
    <p class='ocr_par' dir='ltr' id='par_1_1' title="bbox 197 181 885 251">
     <span class='ocr_line' id='line_1_1' title="bbox 197 181 885 251; baseline -0.012 -4"><span class='ocrx_word' id='word_1_1' title='bbox 197 181 258 247; x_wconf 84' lang='grc'>198</span> <span class='ocrx_word' id='word_1_2' title='bbox 512 193 548 240; x_wconf 87' lang='lat' dir='ltr'>u.</span> <span class='ocrx_word' id='word_1_3' title='bbox 566 191 645 239; x_wconf 76' lang='lat' dir='ltr'>unu.</span> <span class='ocrx_word' id='word_1_4' title='bbox 664 191 885 251; x_wconf 81' lang='lat' dir='ltr'>qurnummur</span> 
     </span>
    </p>
   </div>
   <div class='ocr_carea' id='block_1_2' title="bbox 146 346 1197 2193">
    <p class='ocr_par' dir='ltr' id='par_1_2' title="bbox 146 346 1197 2193">
     <span class='ocr_line' id='line_1_2' title="bbox 191 346 1196 431; baseline 0.002 -17"><span class='ocrx_word' id='word_1_5' title='bbox 191 351 306 431; x_wconf 92' lang='lat' dir='ltr'>rogatio</span> <span class='ocrx_word' id='word_1_6' title='bbox 324 358 377 410; x_wconf 93' lang='grc' dir='ltr'><strong>εει.</strong></span> <span class='ocrx_word' id='word_1_7' title='bbox 407 346 563 408; x_wconf 87' lang='lat' dir='ltr'>Dillicilior</span> <span class='ocrx_word' id='word_1_8' title='bbox 577 346 651 424; x_wconf 91' lang='lat' dir='ltr'>hoc,</span> <span class='ocrx_word' id='word_1_9' title='bbox 673 348 750 426; x_wconf 94' lang='lat' dir='ltr'>quod</span> <span class='ocrx_word' id='word_1_10' title='bbox 766 365 832 409; x_wconf 91' lang='lat' dir='ltr'>raro</span> <span class='ocrx_word' id='word_1_11' title='bbox 848 366 972 427; x_wconf 93' lang='lat' dir='ltr'>unquam</span> <span class='ocrx_word' id='word_1_12' title='bbox 992 363 1114 430; x_wconf 77' lang='lat' dir='ltr'><strong>possunt</strong></span> <span class='ocrx_word' id='word_1_13' title='bbox 1129 366 1196 417; x_wconf 89' lang='lat' dir='ltr'>ante</span> 
     </span>
     <span class='ocr_line' id='line_1_3' title="bbox 192 431 1195 517; baseline 0.004 -21"><span class='ocrx_word' id='word_1_14' title='bbox 192 436 326 498; x_wconf 91' lang='lat' dir='ltr'>iudicium</span> <span class='ocrx_word' id='word_1_15' title='bbox 350 433 444 508; x_wconf 88' lang='lat' dir='ltr'>scire,</span> <span class='ocrx_word' id='word_1_16' title='bbox 474 431 541 510; x_wconf 95' lang='lat' dir='ltr'>quid</span> <span class='ocrx_word' id='word_1_17' title='bbox 562 432 646 490; x_wconf 91' lang='lat' dir='ltr'>testis</span> <span class='ocrx_word' id='word_1_18' title='bbox 659 432 796 507; x_wconf 70' lang='lat' dir='ltr'>¹dicturus</span> <span class='ocrx_word' id='word_1_19' title='bbox 816 433 867 502; x_wconf 92' lang='lat' dir='ltr'>sit;</span> <span class='ocrx_word' id='word_1_20' title='bbox 897 435 1076 514; x_wconf 84' lang='lat' dir='ltr'>expeditior,</span> <span class='ocrx_word' id='word_1_21' title='bbox 1107 440 1195 517; x_wconf 91' lang='lat' dir='ltr'>quod,</span> 
     </span>
     <span class='ocr_line' id='line_1_4' title="bbox 148 515 1197 600; baseline 0.002 -19"><span class='ocrx_word' id='word_1_22' title='bbox 148 531 260 587; x_wconf 71' lang='lat' dir='ltr'>uacum</span> <span class='ocrx_word' id='word_1_23' title='bbox 275 515 496 595; x_wconf 80' lang='lat' dir='ltr'><strong>interrogandus</strong></span> <span class='ocrx_word' id='word_1_24' title='bbox 513 523 573 592; x_wconf 86' lang='lat' dir='ltr'>est,</span> <span class='ocrx_word' id='word_1_25' title='bbox 590 517 697 592; x_wconf 90' lang='lat' dir='ltr'>sciunt,</span> <span class='ocrx_word' id='word_1_26' title='bbox 716 515 784 596; x_wconf 94' lang='lat' dir='ltr'>quid</span> <span class='ocrx_word' id='word_1_27' title='bbox 802 515 916 576; x_wconf 84' lang='lat' dir='ltr'>dixerit.</span> <span class='ocrx_word' id='word_1_28' title='bbox 940 518 1057 600; x_wconf 92' lang='lat' dir='ltr'>ltaque,</span> <span class='ocrx_word' id='word_1_29' title='bbox 1075 524 1153 600; x_wconf 93' lang='lat' dir='ltr'>quod</span> <span class='ocrx_word' id='word_1_30' title='bbox 1169 525 1197 584; x_wconf 89' lang='lat' dir='ltr'>in</span> 
     </span>
     <span class='ocr_line' id='line_1_5' title="bbox 163 601 1195 683; baseline 0.001 -18"><span class='ocrx_word' id='word_1_31' title='bbox 163 668 166 676; x_wconf 71' lang='grc'><strong>,</strong></span> <span class='ocrx_word' id='word_1_32' title='bbox 194 623 230 665; x_wconf 89' lang='lat' dir='ltr'>eo</span> <span class='ocrx_word' id='word_1_33' title='bbox 250 607 391 663; x_wconf 91' lang='lat' dir='ltr'>incertum</span> <span class='ocrx_word' id='word_1_34' title='bbox 412 608 473 675; x_wconf 89' lang='lat' dir='ltr'>est,</span> <span class='ocrx_word' id='word_1_35' title='bbox 500 617 569 659; x_wconf 92' lang='lat' dir='ltr'>cura</span> <span class='ocrx_word' id='word_1_36' title='bbox 590 608 619 659; x_wconf 91' lang='lat' dir='ltr'>et</span> <span class='ocrx_word' id='word_1_37' title='bbox 640 601 825 678; x_wconf 77' lang='lat' dir='ltr'>inquisitione</span> <span class='ocrx_word' id='word_1_38' title='bbox 847 617 920 680; x_wconf 90' lang='lat' dir='ltr'>opus</span> <span class='ocrx_word' id='word_1_39' title='bbox 942 612 1003 680; x_wconf 90' lang='lat' dir='ltr'>est,</span> <span class='ocrx_word' id='word_1_40' title='bbox 1030 607 1094 683; x_wconf 91' lang='lat' dir='ltr'>quis</span> <span class='ocrx_word' id='word_1_41' title='bbox 1115 625 1195 667; x_wconf 92' lang='lat' dir='ltr'>reun.</span> 
     </span>
     <span class='ocr_line' id='line_1_6' title="bbox 192 683 1195 768; baseline 0.001 -19"><span class='ocrx_word' id='word_1_42' title='bbox 192 695 318 767; x_wconf 91' lang='lat' dir='ltr'>premat,</span> <span class='ocrx_word' id='word_1_43' title='bbox 345 702 416 765; x_wconf 88' lang='lat' dir='ltr'>quas</span> <span class='ocrx_word' id='word_1_44' title='bbox 439 692 467 743; x_wconf 91' lang='lat' dir='ltr'>et</span> <span class='ocrx_word' id='word_1_45' title='bbox 489 683 592 762; x_wconf 88' lang='lat' dir='ltr'>quibus</span> <span class='ocrx_word' id='word_1_46' title='bbox 614 701 651 742; x_wconf 91' lang='lat' dir='ltr'>ex</span> <span class='ocrx_word' id='word_1_47' title='bbox 667 685 762 745; x_wconf 90' lang='lat' dir='ltr'>causis</span> <span class='ocrx_word' id='word_1_48' title='bbox 777 685 940 746; x_wconf 90' lang='lat' dir='ltr'>inimicitias</span> <span class='ocrx_word' id='word_1_49' title='bbox 955 687 1076 759; x_wconf 91' lang='lat' dir='ltr'>habeat;</span> <span class='ocrx_word' id='word_1_50' title='bbox 1102 708 1195 768; x_wconf 90' lang='lat' dir='ltr'>eaque</span> 
     </span>
     <span class='ocr_line' id='line_1_7' title="bbox 191 767 1195 848; baseline 0.002 -16"><span class='ocrx_word' id='word_1_51' title='bbox 191 775 219 832; x_wconf 95' lang='lat' dir='ltr'>in</span> <span class='ocrx_word' id='word_1_52' title='bbox 235 772 367 832; x_wconf 90' lang='lat' dir='ltr'>oratione</span> <span class='ocrx_word' id='word_1_53' title='bbox 381 767 576 848; x_wconf 90' lang='lat' dir='ltr'>praedicenda</span> <span class='ocrx_word' id='word_1_54' title='bbox 591 775 678 846; x_wconf 93' lang='lat' dir='ltr'>atque</span> <span class='ocrx_word' id='word_1_55' title='bbox 693 767 855 829; x_wconf 92' lang='lat' dir='ltr'>amolienda</span> <span class='ocrx_word' id='word_1_56' title='bbox 871 778 952 847; x_wconf 90' lang='lat' dir='ltr'>sunt,</span> <span class='ocrx_word' id='word_1_57' title='bbox 968 774 1031 832; x_wconf 88' lang='lat' dir='ltr'>sive</span> <span class='ocrx_word' id='word_1_58' title='bbox 1046 775 1113 833; x_wconf 93' lang='lat' dir='ltr'>odio</span> <span class='ocrx_word' id='word_1_59' title='bbox 1127 792 1195 834; x_wconf 89' lang='lat' dir='ltr'>con·</span> 
     </span>
     <span class='ocr_line' id='line_1_8' title="bbox 191 851 1194 932; baseline 0 -15"><span class='ocrx_word' id='word_1_60' title='bbox 191 857 276 918; x_wconf 87' lang='lat' dir='ltr'>datos</span> <span class='ocrx_word' id='word_1_61' title='bbox 297 863 389 914; x_wconf 87' lang='lat' dir='ltr'>testes</span> <span class='ocrx_word' id='word_1_62' title='bbox 411 853 474 912; x_wconf 87' lang='lat' dir='ltr'>sive</span> <span class='ocrx_word' id='word_1_63' title='bbox 495 851 601 912; x_wconf 86' lang='lat' dir='ltr'>invidia</span> <span class='ocrx_word' id='word_1_64' title='bbox 624 853 686 911; x_wconf 86' lang='lat' dir='ltr'>sive</span> <span class='ocrx_word' id='word_1_65' title='bbox 707 856 801 931; x_wconf 89' lang='lat' dir='ltr'>gratia</span> <span class='ocrx_word' id='word_1_66' title='bbox 816 853 879 913; x_wconf 87' lang='lat' dir='ltr'>sive</span> <span class='ocrx_word' id='word_1_67' title='bbox 896 857 1020 932; x_wconf 91' lang='lat' dir='ltr'>pecunia</span> <span class='ocrx_word' id='word_1_68' title='bbox 1035 858 1128 917; x_wconf 89' lang='lat' dir='ltr'>videri</span> <span class='ocrx_word' id='word_1_69' title='bbox 1143 877 1194 917; x_wconf 92' lang='lat' dir='ltr'>vo·</span> 
     </span>
     <span class='ocr_line' id='line_1_9' title="bbox 190 935 1195 1016; baseline -0.001 -15"><span class='ocrx_word' id='word_1_70' title='bbox 190 941 292 1002; x_wconf 91' lang='lat' dir='ltr'>lumus.</span> <span class='ocrx_word' id='word_1_71' title='bbox 326 937 403 998; x_wconf 88' lang='lat' dir='ltr'>Etsi</span> <span class='ocrx_word' id='word_1_72' title='bbox 421 935 572 997; x_wconf 91' lang='lat' dir='ltr'>delicietur</span> <span class='ocrx_word' id='word_1_73' title='bbox 586 954 705 996; x_wconf 92' lang='lat' dir='ltr'>numero</span> <span class='ocrx_word' id='word_1_74' title='bbox 720 953 788 1015; x_wconf 91' lang='lat' dir='ltr'>pars</span> <span class='ocrx_word' id='word_1_75' title='bbox 804 935 937 1015; x_wconf 89' lang='lat' dir='ltr'>diversa,</span> <span class='ocrx_word' id='word_1_76' title='bbox 956 942 1146 1016; x_wconf 77' lang='lat' dir='ltr'>paucitatem3</span> <span class='ocrx_word' id='word_1_77' title='bbox 1171 944 1195 1000; x_wconf 92' lang='lat' dir='ltr'>si</span> 
     </span>
     <span class='ocr_line' id='line_1_10' title="bbox 190 1020 1192 1100; baseline -0.002 -14"><span class='ocrx_word' id='word_1_78' title='bbox 190 1023 361 1099; x_wconf 78' lang='lat' dir='ltr'>abundabit,</span> <span class='ocrx_word' id='word_1_79' title='bbox 384 1020 646 1098; x_wconf 91' lang='lat' dir='ltr'>conspirationem;</span> <span class='ocrx_word' id='word_1_80' title='bbox 668 1021 693 1080; x_wconf 92' lang='lat' dir='ltr'>si</span> <span class='ocrx_word' id='word_1_81' title='bbox 713 1020 836 1081; x_wconf 85' lang='lat' dir='ltr'>humiles</span> <span class='ocrx_word' id='word_1_82' title='bbox 854 1021 1014 1100; x_wconf 78' lang='lat' dir='ltr'>producet,</span> <span class='ocrx_word' id='word_1_83' title='bbox 1037 1024 1192 1094; x_wconf 88' lang='lat' dir='ltr'>vilitatem;</span> 
     </span>
     <span class='ocr_line' id='line_1_11' title="bbox 147 1105 1194 1188; baseline -0.002 -18"><span class='ocrx_word' id='word_1_84' title='bbox 147 1112 214 1182; x_wconf 82' lang='lat' dir='ltr'>24si</span> <span class='ocrx_word' id='word_1_85' title='bbox 230 1116 377 1188; x_wconf 89' lang='lat' dir='ltr'>potentes,</span> <span class='ocrx_word' id='word_1_86' title='bbox 393 1105 515 1183; x_wconf 91' lang='lat' dir='ltr'>gratiam</span> <span class='ocrx_word' id='word_1_87' title='bbox 531 1105 678 1182; x_wconf 90' lang='lat' dir='ltr'>oportebit</span> <span class='ocrx_word' id='word_1_88' title='bbox 692 1107 852 1165; x_wconf 82' lang='lat' dir='ltr'>incessere.</span> <span class='ocrx_word' id='word_1_89' title='bbox 876 1105 945 1167; x_wconf 89' lang='lat' dir='ltr'>Plus</span> <span class='ocrx_word' id='word_1_90' title='bbox 957 1114 1051 1167; x_wconf 85' lang='lat' dir='ltr'>tamen</span> <span class='ocrx_word' id='word_1_91' title='bbox 1064 1109 1194 1185; x_wconf 90' lang='lat' dir='ltr'>proderit</span> 
     </span>
     <span class='ocr_line' id='line_1_12' title="bbox 190 1190 1193 1269; baseline -0.002 -16"><span class='ocrx_word' id='word_1_92' title='bbox 190 1210 311 1268; x_wconf 90' lang='lat' dir='ltr'>causas,</span> <span class='ocrx_word' id='word_1_93' title='bbox 339 1198 460 1268; x_wconf 92' lang='lat' dir='ltr'>propter</span> <span class='ocrx_word' id='word_1_94' title='bbox 483 1206 553 1268; x_wconf 93' lang='lat' dir='ltr'>quas</span> <span class='ocrx_word' id='word_1_95' title='bbox 575 1207 656 1248; x_wconf 88' lang='lat' dir='ltr'>reum</span> <span class='ocrx_word' id='word_1_96' title='bbox 676 1190 807 1265; x_wconf 91' lang='lat' dir='ltr'>laedant,</span> <span class='ocrx_word' id='word_1_97' title='bbox 836 1207 1000 1268; x_wconf 89' lang='lat' dir='ltr'>exponere;</span> <span class='ocrx_word' id='word_1_98' title='bbox 1033 1201 1193 1269; x_wconf 91' lang='lat' dir='ltr'>quaesunt</span> 
     </span>
     <span class='ocr_line' id='line_1_13' title="bbox 188 1273 1194 1353; baseline -0.001 -18"><span class='ocrx_word' id='word_1_99' title='bbox 188 1278 287 1337; x_wconf 89' lang='lat' dir='ltr'>variae</span> <span class='ocrx_word' id='word_1_100' title='bbox 310 1283 339 1334; x_wconf 90' lang='lat' dir='ltr'>et</span> <span class='ocrx_word' id='word_1_101' title='bbox 361 1292 415 1353; x_wconf 93' lang='lat' dir='ltr'>pro</span> <span class='ocrx_word' id='word_1_102' title='bbox 438 1274 610 1334; x_wconf 89' lang='lat' dir='ltr'>condicione</span> <span class='ocrx_word' id='word_1_103' title='bbox 625 1273 766 1352; x_wconf 89' lang='lat' dir='ltr'>cuiusque</span> <span class='ocrx_word' id='word_1_104' title='bbox 782 1273 840 1334; x_wconf 92' lang='lat' dir='ltr'>litis</span> <span class='ocrx_word' id='word_1_105' title='bbox 856 1283 904 1334; x_wconf 96' lang='grc' dir='ltr'>εει</span> <span class='ocrx_word' id='word_1_106' title='bbox 923 1274 1087 1353; x_wconf 80' lang='lat' dir='ltr'>litigatoris.</span> <span class='ocrx_word' id='word_1_107' title='bbox 1122 1275 1194 1335; x_wconf 89' lang='lat' dir='ltr'>Nam</span> 
     </span>
     <span class='ocr_line' id='line_1_14' title="bbox 191 1357 1194 1439; baseline -0.003 -19"><span class='ocrx_word' id='word_1_108' title='bbox 191 1369 291 1421; x_wconf 91' lang='lat' dir='ltr'>contra</span> <span class='ocrx_word' id='word_1_109' title='bbox 312 1358 379 1434; x_wconf 89' lang='lat' dir='ltr'>illa,</span> <span class='ocrx_word' id='word_1_110' title='bbox 407 1376 482 1436; x_wconf 90' lang='lat' dir='ltr'>quae</span> <span class='ocrx_word' id='word_1_111' title='bbox 503 1375 591 1436; x_wconf 91' lang='lat' dir='ltr'>supra</span> <span class='ocrx_word' id='word_1_112' title='bbox 614 1357 753 1434; x_wconf 87' lang='lat' dir='ltr'>diximus,</span> <span class='ocrx_word' id='word_1_113' title='bbox 780 1357 865 1418; x_wconf 93' lang='lat' dir='ltr'>simili</span> <span class='ocrx_word' id='word_1_114' title='bbox 885 1360 997 1419; x_wconf 88' lang='lat' dir='ltr'>ratione</span> <span class='ocrx_word' id='word_1_115' title='bbox 1021 1360 1194 1439; x_wconf 87' lang='lat' dir='ltr'>responderi</span> 
     </span>
     <span class='ocr_line' id='line_1_15' title="bbox 190 1441 1194 1522; baseline -0.001 -18"><span class='ocrx_word' id='word_1_116' title='bbox 190 1444 264 1505; x_wconf 92' lang='lat' dir='ltr'>locis</span> <span class='ocrx_word' id='word_1_117' title='bbox 289 1442 485 1503; x_wconf 90' lang='lat' dir='ltr'>communibus</span> <span class='ocrx_word' id='word_1_118' title='bbox 507 1441 599 1510; x_wconf 87' lang='lat' dir='ltr'>solet;</span> <span class='ocrx_word' id='word_1_119' title='bbox 625 1442 691 1521; x_wconf 92' lang='lat' dir='ltr'>quia</span> <span class='ocrx_word' id='word_1_120' title='bbox 713 1450 741 1501; x_wconf 91' lang='lat' dir='ltr'>et</span> <span class='ocrx_word' id='word_1_121' title='bbox 763 1442 792 1500; x_wconf 94' lang='lat' dir='ltr'>in</span> <span class='ocrx_word' id='word_1_122' title='bbox 816 1444 917 1520; x_wconf 90' lang='lat' dir='ltr'>paucis</span> <span class='ocrx_word' id='word_1_123' title='bbox 938 1452 1025 1522; x_wconf 88' lang='lat' dir='ltr'>atque</span> <span class='ocrx_word' id='word_1_124' title='bbox 1040 1443 1194 1504; x_wconf 88' lang='lat' dir='ltr'>humilibus</span> 
     </span>
     <span class='ocr_line' id='line_1_16' title="bbox 189 1525 1195 1607; baseline -0.002 -18"><span class='ocrx_word' id='word_1_125' title='bbox 189 1536 344 1589; x_wconf 81' lang='lat' dir='ltr'>accusator</span> <span class='ocrx_word' id='word_1_126' title='bbox 358 1525 543 1606; x_wconf 82' lang='lat' dir='ltr'>slmplicitate</span> <span class='ocrx_word' id='word_1_127' title='bbox 559 1525 681 1602; x_wconf 90' lang='lat' dir='ltr'>gloriari</span> <span class='ocrx_word' id='word_1_128' title='bbox 696 1533 810 1604; x_wconf 90' lang='lat' dir='ltr'>potest,</span> <span class='ocrx_word' id='word_1_129' title='bbox 827 1527 905 1605; x_wconf 91' lang='lat' dir='ltr'>quod</span> <span class='ocrx_word' id='word_1_130' title='bbox 920 1529 1064 1588; x_wconf 90' lang='lat' dir='ltr'>neminem</span> <span class='ocrx_word' id='word_1_131' title='bbox 1077 1537 1195 1607; x_wconf 90' lang='lat' dir='ltr'>praeter</span> 
     </span>
     <span class='ocr_line' id='line_1_17' title="bbox 190 1610 1193 1691; baseline -0.002 -19"><span class='ocrx_word' id='word_1_132' title='bbox 190 1628 259 1687; x_wconf 91' lang='lat' dir='ltr'>eos,</span> <span class='ocrx_word' id='word_1_133' title='bbox 284 1613 332 1691; x_wconf 96' lang='lat' dir='ltr'>qui</span> <span class='ocrx_word' id='word_1_134' title='bbox 355 1612 467 1689; x_wconf 89' lang='lat' dir='ltr'>possint</span> <span class='ocrx_word' id='word_1_135' title='bbox 482 1611 575 1685; x_wconf 90' lang='lat' dir='ltr'>scire,</span> <span class='ocrx_word' id='word_1_136' title='bbox 592 1610 764 1688; x_wconf 90' lang='lat' dir='ltr'>quaesierit;</span> <span class='ocrx_word' id='word_1_137' title='bbox 786 1619 815 1669; x_wconf 90' lang='lat' dir='ltr'>et</span> <span class='ocrx_word' id='word_1_138' title='bbox 831 1610 937 1671; x_wconf 91' lang='lat' dir='ltr'>multos</span> <span class='ocrx_word' id='word_1_139' title='bbox 952 1621 1039 1690; x_wconf 90' lang='lat' dir='ltr'>atque</span> <span class='ocrx_word' id='word_1_140' title='bbox 1053 1611 1193 1672; x_wconf 90' lang='lat' dir='ltr'>honestos</span> 
     </span>
     <span class='ocr_line' id='line_1_18' title="bbox 146 1692 1193 1774; baseline -0.003 -17"><span class='ocrx_word' id='word_1_141' title='bbox 146 1696 393 1764; x_wconf 73' lang='lat' dir='ltr'>ascommendare</span> <span class='ocrx_word' id='word_1_142' title='bbox 408 1694 554 1772; x_wconf 88' lang='lat' dir='ltr'>aliquanto</span> <span class='ocrx_word' id='word_1_143' title='bbox 569 1703 614 1753; x_wconf 92' lang='lat' dir='ltr'>est</span> <span class='ocrx_word' id='word_1_144' title='bbox 625 1693 751 1754; x_wconf 86' lang='lat' dir='ltr'>facilius.</span> <span class='ocrx_word' id='word_1_145' title='bbox 774 1692 884 1753; x_wconf 87' lang='lat' dir='ltr'>Verum</span> <span class='ocrx_word' id='word_1_146' title='bbox 895 1696 1008 1754; x_wconf 91' lang='lat' dir='ltr'>interim</span> <span class='ocrx_word' id='word_1_147' title='bbox 1021 1704 1049 1754; x_wconf 91' lang='lat' dir='ltr'>et</span> <span class='ocrx_word' id='word_1_148' title='bbox 1061 1695 1193 1774; x_wconf 89' lang='lat' dir='ltr'>singulos</span> 
     </span>
     <span class='ocr_line' id='line_1_19' title="bbox 189 1778 1193 1856; baseline -0.002 -16"><span class='ocrx_word' id='word_1_149' title='bbox 189 1789 219 1840; x_wconf 92' lang='lat' dir='ltr'>ut</span> <span class='ocrx_word' id='word_1_150' title='bbox 241 1797 386 1840; x_wconf 90' lang='lat' dir='ltr'>exornare</span> <span class='ocrx_word' id='word_1_151' title='bbox 407 1781 446 1838; x_wconf 92' lang='lat' dir='ltr'>ita</span> <span class='ocrx_word' id='word_1_152' title='bbox 472 1778 625 1839; x_wconf 85' lang='lat' dir='ltr'>destruere</span> <span class='ocrx_word' id='word_1_153' title='bbox 647 1778 803 1856; x_wconf 87' lang='lat' dir='ltr'>contingit,</span> <span class='ocrx_word' id='word_1_154' title='bbox 825 1786 873 1837; x_wconf 91' lang='lat' dir='ltr'>aut</span> <span class='ocrx_word' id='word_1_155' title='bbox 888 1781 1016 1839; x_wconf 91' lang='lat' dir='ltr'>recitatis</span> <span class='ocrx_word' id='word_1_156' title='bbox 1034 1782 1063 1838; x_wconf 93' lang='lat' dir='ltr'>in</span> <span class='ocrx_word' id='word_1_157' title='bbox 1079 1782 1193 1839; x_wconf 88' lang='lat' dir='ltr'>actione</span> 
     </span>
     <span class='ocr_line' id='line_1_20' title="bbox 189 1861 1192 1942; baseline -0.005 -18"><span class='ocrx_word' id='word_1_158' title='bbox 189 1873 237 1925; x_wconf 87' lang='lat' dir='ltr'>aut</span> <span class='ocrx_word' id='word_1_159' title='bbox 257 1864 408 1923; x_wconf 90' lang='lat' dir='ltr'>nominatis</span> <span class='ocrx_word' id='word_1_160' title='bbox 431 1861 563 1922; x_wconf 90' lang='lat' dir='ltr'>testibus.</span> <span class='ocrx_word' id='word_1_161' title='bbox 605 1861 690 1934; x_wconf 85' lang='lat' dir='ltr'>Quod</span> <span class='ocrx_word' id='word_1_162' title='bbox 711 1862 746 1920; x_wconf 92' lang='lat' dir='ltr'>iis</span> <span class='ocrx_word' id='word_1_163' title='bbox 766 1862 963 1940; x_wconf 89' lang='lat' dir='ltr'>temporibus,</span> <span class='ocrx_word' id='word_1_164' title='bbox 987 1862 1089 1942; x_wconf 92' lang='lat' dir='ltr'>quibus</span> <span class='ocrx_word' id='word_1_165' title='bbox 1110 1864 1192 1922; x_wconf 91' lang='lat' dir='ltr'>testis</span> 
     </span>
     <span class='ocr_line' id='line_1_21' title="bbox 189 1945 1192 2027; baseline -0.003 -20"><span class='ocrx_word' id='word_1_166' title='bbox 189 1965 246 2008; x_wconf 95' lang='lat' dir='ltr'>non</span> <span class='ocrx_word' id='word_1_167' title='bbox 261 1957 328 2027; x_wconf 91' lang='lat' dir='ltr'>post</span> <span class='ocrx_word' id='word_1_168' title='bbox 343 1947 435 2007; x_wconf 88' lang='lat' dir='ltr'>linitas</span> <span class='ocrx_word' id='word_1_169' title='bbox 450 1948 581 2006; x_wconf 89' lang='lat' dir='ltr'>actiones</span> <span class='ocrx_word' id='word_1_170' title='bbox 600 1945 773 2023; x_wconf 81' lang='lat' dir='ltr'>rogabatur,</span> <span class='ocrx_word' id='word_1_171' title='bbox 791 1953 820 2005; x_wconf 90' lang='lat' dir='ltr'>et</span> <span class='ocrx_word' id='word_1_172' title='bbox 836 1946 950 2005; x_wconf 86' lang='lat' dir='ltr'>facilius</span> <span class='ocrx_word' id='word_1_173' title='bbox 967 1955 995 2006; x_wconf 91' lang='lat' dir='ltr'>et</span> <span class='ocrx_word' id='word_1_174' title='bbox 1011 1947 1192 2025; x_wconf 87' lang='lat' dir='ltr'>frequentius</span> 
     </span>
     <span class='ocr_line' id='line_1_22' title="bbox 188 2029 1193 2109; baseline -0.003 -18"><span class='ocrx_word' id='word_1_175' title='bbox 188 2033 251 2092; x_wconf 89' lang='lat' dir='ltr'>luit.</span> <span class='ocrx_word' id='word_1_176' title='bbox 281 2030 357 2103; x_wconf 84' lang='lat' dir='ltr'>Quid</span> <span class='ocrx_word' id='word_1_177' title='bbox 373 2039 467 2090; x_wconf 89' lang='lat' dir='ltr'>autem</span> <span class='ocrx_word' id='word_1_178' title='bbox 481 2031 510 2089; x_wconf 94' lang='lat' dir='ltr'>in</span> <span class='ocrx_word' id='word_1_179' title='bbox 526 2048 670 2109; x_wconf 88' lang='lat' dir='ltr'>quemque</span> <span class='ocrx_word' id='word_1_180' title='bbox 685 2031 801 2090; x_wconf 90' lang='lat' dir='ltr'>testium</span> <span class='ocrx_word' id='word_1_181' title='bbox 815 2029 968 2092; x_wconf 88' lang='lat' dir='ltr'>dicendum</span> <span class='ocrx_word' id='word_1_182' title='bbox 981 2032 1034 2108; x_wconf 90' lang='lat' dir='ltr'>sit,</span> <span class='ocrx_word' id='word_1_183' title='bbox 1052 2032 1123 2090; x_wconf 91' lang='lat' dir='ltr'>sumi</span> <span class='ocrx_word' id='word_1_184' title='bbox 1139 2031 1193 2090; x_wconf 92' lang='lat' dir='ltr'>nisi</span> 
     </span>
     <span class='ocr_line' id='line_1_23' title="bbox 189 2116 715 2193; baseline -0.004 -18"><span class='ocrx_word' id='word_1_185' title='bbox 189 2133 227 2175; x_wconf 92' lang='lat' dir='ltr'>ex</span> <span class='ocrx_word' id='word_1_186' title='bbox 242 2116 371 2193; x_wconf 91' lang='lat' dir='ltr'>ipsorum</span> <span class='ocrx_word' id='word_1_187' title='bbox 387 2117 522 2192; x_wconf 91' lang='lat' dir='ltr'>personis</span> <span class='ocrx_word' id='word_1_188' title='bbox 537 2131 594 2174; x_wconf 90' lang='lat' dir='ltr'>non</span> <span class='ocrx_word' id='word_1_189' title='bbox 609 2124 715 2193; x_wconf 90' lang='lat' dir='ltr'>potest.</span> 
     </span>
    </p>
   </div>
   <div class='ocr_carea' id='block_1_3' title="bbox 62 2197 1192 2277">
    <p class='ocr_par' dir='ltr' id='par_1_3' title="bbox 62 2197 1192 2277">
     <span class='ocr_line' id='line_1_24' title="bbox 62 2197 1192 2277; baseline -0.003 -16"><span class='ocrx_word' id='word_1_190' title='bbox 62 2204 84 2215; x_wconf 80' lang='grc'><strong>“</strong></span> <span class='ocrx_word' id='word_1_191' title='bbox 145 2216 181 2272; x_wconf 76' lang='lat'>25</span> <span class='ocrx_word' id='word_1_192' title='bbox 273 2197 415 2276; x_wconf 85' lang='lat' dir='ltr'>Reliquae</span> <span class='ocrx_word' id='word_1_193' title='bbox 432 2199 691 2276; x_wconf 90' lang='lat' dir='ltr'>interrogandi</span> <span class='ocrx_word' id='word_1_194' title='bbox 707 2207 772 2258; x_wconf 90' lang='lat' dir='ltr'>sunt</span> <span class='ocrx_word' id='word_1_195' title='bbox 782 2206 891 2276; x_wconf 89' lang='lat' dir='ltr'>partes.</span> <span class='ocrx_word' id='word_1_196' title='bbox 913 2198 976 2271; x_wconf 80' lang='lat' dir='ltr'>Qua</span> <span class='ocrx_word' id='word_1_197' title='bbox 988 2200 1017 2258; x_wconf 92' lang='lat' dir='ltr'>in</span> <span class='ocrx_word' id='word_1_198' title='bbox 1028 2217 1061 2258; x_wconf 90' lang='lat' dir='ltr'>re</span> <span class='ocrx_word' id='word_1_199' title='bbox 1074 2201 1192 2277; x_wconf 92' lang='lat' dir='ltr'>primum</span> 
     </span>
    </p>
   </div>
   <div class='ocr_carea' id='block_1_4' title="bbox 116 2282 1195 3536">
    <p class='ocr_par' dir='ltr' id='par_1_4' title="bbox 116 2282 1195 3536">
     <span class='ocr_line' id='line_1_25' title="bbox 116 2282 1192 2363; baseline 0 -20"><span class='ocrx_word' id='word_1_200' title='bbox 116 2358 119 2363; x_wconf 17' lang='lat'><em>⁶</em></span> <span class='ocrx_word' id='word_1_201' title='bbox 189 2291 235 2343; x_wconf 87' lang='lat' dir='ltr'>est</span> <span class='ocrx_word' id='word_1_202' title='bbox 254 2299 343 2342; x_wconf 91' lang='lat' dir='ltr'>nosse</span> <span class='ocrx_word' id='word_1_203' title='bbox 364 2291 476 2343; x_wconf 91' lang='lat' dir='ltr'>testem.</span> <span class='ocrx_word' id='word_1_204' title='bbox 514 2282 586 2343; x_wconf 91' lang='lat' dir='ltr'>Nam</span> <span class='ocrx_word' id='word_1_205' title='bbox 601 2283 715 2342; x_wconf 92' lang='lat' dir='ltr'>timidus</span> <span class='ocrx_word' id='word_1_206' title='bbox 734 2283 855 2357; x_wconf 90' lang='lat' dir='ltr'>terreri,</span> <span class='ocrx_word' id='word_1_207' title='bbox 879 2282 983 2342; x_wconf 90' lang='lat' dir='ltr'>stultus</span> <span class='ocrx_word' id='word_1_208' title='bbox 1003 2283 1115 2362; x_wconf 90' lang='lat' dir='ltr'>decipi,</span> <span class='ocrx_word' id='word_1_209' title='bbox 1138 2286 1192 2343; x_wconf 88' lang='lat' dir='ltr'>ira·</span> 
     </span>
     <span class='ocr_line' id='line_1_26' title="bbox 190 2366 1192 2447; baseline 0 -20"><span class='ocrx_word' id='word_1_210' title='bbox 190 2368 299 2427; x_wconf 90' lang='lat' dir='ltr'>cundus</span> <span class='ocrx_word' id='word_1_211' title='bbox 320 2368 475 2443; x_wconf 87' lang='lat' dir='ltr'>concitari,</span> <span class='ocrx_word' id='word_1_212' title='bbox 498 2367 665 2427; x_wconf 91' lang='lat' dir='ltr'>ambitiosus</span> <span class='ocrx_word' id='word_1_213' title='bbox 682 2366 790 2443; x_wconf 87' lang='lat' dir='ltr'>indari,</span> <span class='ocrx_word' id='word_1_214' title='bbox 812 2366 918 2444; x_wconf 89' lang='lat' dir='ltr'>longus</span> <span class='ocrx_word' id='word_1_215' title='bbox 933 2367 1064 2446; x_wconf 88' lang='lat' dir='ltr'>protrahi</span> <span class='ocrx_word' id='word_1_216' title='bbox 1079 2377 1192 2447; x_wconf 87' lang='lat' dir='ltr'>potest;</span> 
     </span>
     <span class='ocr_line' id='line_1_27' title="bbox 188 2450 1195 2530; baseline 0 -21"><span class='ocrx_word' id='word_1_217' title='bbox 188 2451 315 2530; x_wconf 90' lang='lat' dir='ltr'>prudens</span> <span class='ocrx_word' id='word_1_218' title='bbox 337 2468 409 2510; x_wconf 91' lang='lat' dir='ltr'>vero</span> <span class='ocrx_word' id='word_1_219' title='bbox 434 2460 463 2511; x_wconf 90' lang='lat' dir='ltr'>et</span> <span class='ocrx_word' id='word_1_220' title='bbox 484 2461 619 2512; x_wconf 90' lang='lat' dir='ltr'>constans</span> <span class='ocrx_word' id='word_1_221' title='bbox 639 2450 688 2511; x_wconf 92' lang='lat' dir='ltr'>vel</span> <span class='ocrx_word' id='word_1_222' title='bbox 711 2459 845 2529; x_wconf 90' lang='lat' dir='ltr'>tanquam</span> <span class='ocrx_word' id='word_1_223' title='bbox 864 2452 994 2512; x_wconf 88' lang='lat' dir='ltr'>inimicus</span> <span class='ocrx_word' id='word_1_224' title='bbox 1011 2461 1039 2512; x_wconf 89' lang='lat' dir='ltr'>et</span> <span class='ocrx_word' id='word_1_225' title='bbox 1054 2455 1195 2530; x_wconf 87' lang='lat' dir='ltr'>pervicax</span> 
     </span>
     <span class='ocr_line' id='line_1_28' title="bbox 188 2534 1193 2613; baseline 0 -20"><span class='ocrx_word' id='word_1_226' title='bbox 188 2534 372 2594; x_wconf 90' lang='lat' dir='ltr'>dimittendus</span> <span class='ocrx_word' id='word_1_227' title='bbox 393 2537 489 2595; x_wconf 87' lang='lat' dir='ltr'>statim</span> <span class='ocrx_word' id='word_1_228' title='bbox 507 2536 556 2595; x_wconf 91' lang='lat' dir='ltr'>vel</span> <span class='ocrx_word' id='word_1_229' title='bbox 578 2552 636 2595; x_wconf 94' lang='lat' dir='ltr'>non</span> <span class='ocrx_word' id='word_1_230' title='bbox 655 2536 884 2613; x_wconf 80' lang='lat' dir='ltr'>interrogatione</span> <span class='ocrx_word' id='word_1_231' title='bbox 907 2536 960 2596; x_wconf 88' lang='lat' dir='ltr'>sed</span> <span class='ocrx_word' id='word_1_232' title='bbox 975 2535 1057 2595; x_wconf 88' lang='lat' dir='ltr'>brevi</span> <span class='ocrx_word' id='word_1_233' title='bbox 1074 2536 1193 2595; x_wconf 90' lang='lat' dir='ltr'>interlo-</span> 
     </span>
     <span class='ocr_line' id='line_1_29' title="bbox 189 2618 1192 2697; baseline -0.002 -20"><span class='ocrx_word' id='word_1_234' title='bbox 189 2620 306 2678; x_wconf 81' lang='lat' dir='ltr'>cutione</span> <span class='ocrx_word' id='word_1_235' title='bbox 322 2620 436 2697; x_wconf 90' lang='lat' dir='ltr'>patroni</span> <span class='ocrx_word' id='word_1_236' title='bbox 453 2619 621 2679; x_wconf 83' lang='lat' dir='ltr'>refutandus</span> <span class='ocrx_word' id='word_1_237' title='bbox 638 2628 683 2679; x_wconf 90' lang='lat' dir='ltr'>est</span> <span class='ocrx_word' id='word_1_238' title='bbox 705 2627 753 2679; x_wconf 92' lang='lat' dir='ltr'>aut</span> <span class='ocrx_word' id='word_1_239' title='bbox 770 2618 884 2697; x_wconf 89' lang='lat' dir='ltr'>aliquo,</span> <span class='ocrx_word' id='word_1_240' title='bbox 909 2621 934 2678; x_wconf 91' lang='lat' dir='ltr'>si</span> <span class='ocrx_word' id='word_1_241' title='bbox 958 2620 1122 2693; x_wconf 88' lang='lat' dir='ltr'>continget,</span> <span class='ocrx_word' id='word_1_242' title='bbox 1146 2637 1192 2675; x_wconf 90' lang='lat' dir='ltr'>ur·</span> 
     </span>
     <span class='ocr_line' id='line_1_30' title="bbox 187 2700 1189 2780; baseline -0.003 -20"><span class='ocrx_word' id='word_1_243' title='bbox 187 2700 263 2762; x_wconf 90' lang='lat' dir='ltr'>bane</span> <span class='ocrx_word' id='word_1_244' title='bbox 286 2703 364 2763; x_wconf 92' lang='lat' dir='ltr'>dicto</span> <span class='ocrx_word' id='word_1_245' title='bbox 378 2703 595 2780; x_wconf 83' lang='lat' dir='ltr'>refrigerandus</span> <span class='ocrx_word' id='word_1_246' title='bbox 618 2711 681 2779; x_wconf 93' lang='lat' dir='ltr'>aut,</span> <span class='ocrx_word' id='word_1_247' title='bbox 705 2704 730 2761; x_wconf 94' lang='lat' dir='ltr'>si</span> <span class='ocrx_word' id='word_1_248' title='bbox 754 2701 821 2780; x_wconf 93' lang='lat' dir='ltr'>quid</span> <span class='ocrx_word' id='word_1_249' title='bbox 842 2704 871 2760; x_wconf 94' lang='lat' dir='ltr'>in</span> <span class='ocrx_word' id='word_1_250' title='bbox 888 2703 949 2760; x_wconf 89' lang='lat' dir='ltr'>eius</span> <span class='ocrx_word' id='word_1_251' title='bbox 963 2703 1050 2759; x_wconf 88' lang='lat' dir='ltr'>vitam</span> <span class='ocrx_word' id='word_1_252' title='bbox 1065 2701 1121 2759; x_wconf 89' lang='lat' dir='ltr'>dici</span> <span class='ocrx_word' id='word_1_253' title='bbox 1140 2715 1189 2777; x_wconf 88' lang='lat' dir='ltr'>po·</span> 
     </span>
     <span class='ocr_line' id='line_1_31' title="bbox 145 2783 1191 2862; baseline -0.002 -18"><span class='ocrx_word' id='word_1_254' title='bbox 145 2797 179 2853; x_wconf 77' lang='lat'>27</span> <span class='ocrx_word' id='word_1_255' title='bbox 187 2787 270 2862; x_wconf 87' lang='lat' dir='ltr'>terit,</span> <span class='ocrx_word' id='word_1_256' title='bbox 289 2787 403 2846; x_wconf 86' lang='lat' dir='ltr'>inlamia</span> <span class='ocrx_word' id='word_1_257' title='bbox 422 2788 567 2845; x_wconf 89' lang='lat' dir='ltr'>criminum</span> <span class='ocrx_word' id='word_1_258' title='bbox 583 2785 784 2846; x_wconf 89' lang='lat' dir='ltr'>destruendus.</span> <span class='ocrx_word' id='word_1_259' title='bbox 812 2784 924 2845; x_wconf 86' lang='lat' dir='ltr'>Probus</span> <span class='ocrx_word' id='word_1_260' title='bbox 941 2783 1080 2861; x_wconf 89' lang='lat' dir='ltr'>quosdam</span> <span class='ocrx_word' id='word_1_261' title='bbox 1097 2793 1125 2843; x_wconf 92' lang='lat' dir='ltr'>et</span> <span class='ocrx_word' id='word_1_262' title='bbox 1141 2802 1191 2842; x_wconf 87' lang='lat' dir='ltr'>ve-</span> 
     </span>
     <span class='ocr_line' id='line_1_32' title="bbox 187 2868 1191 2949; baseline -0.002 -20"><span class='ocrx_word' id='word_1_263' title='bbox 187 2870 334 2931; x_wconf 91' lang='lat' dir='ltr'>recundos</span> <span class='ocrx_word' id='word_1_264' title='bbox 357 2887 414 2929; x_wconf 91' lang='lat' dir='ltr'>non</span> <span class='ocrx_word' id='word_1_265' title='bbox 435 2887 540 2949; x_wconf 88' lang='lat' dir='ltr'>aspere</span> <span class='ocrx_word' id='word_1_266' title='bbox 556 2871 706 2930; x_wconf 91' lang='lat' dir='ltr'>incessere</span> <span class='ocrx_word' id='word_1_267' title='bbox 721 2869 846 2947; x_wconf 89' lang='lat' dir='ltr'>proluit;</span> <span class='ocrx_word' id='word_1_268' title='bbox 868 2885 932 2927; x_wconf 90' lang='lat' dir='ltr'>nam</span> <span class='ocrx_word' id='word_1_269' title='bbox 947 2885 1053 2945; x_wconf 87' lang='lat' dir='ltr'>saepe,</span> <span class='ocrx_word' id='word_1_270' title='bbox 1079 2870 1126 2945; x_wconf 94' lang='lat' dir='ltr'>qui</span> <span class='ocrx_word' id='word_1_271' title='bbox 1144 2868 1191 2927; x_wconf 88' lang='lat' dir='ltr'>ad·</span> 
     </span>
     <span class='ocr_line' id='line_1_33' title="bbox 187 2949 1192 3031; baseline -0.004 -18"><span class='ocrx_word' id='word_1_272' title='bbox 187 2972 291 3014; x_wconf 91' lang='lat' dir='ltr'>versus</span> <span class='ocrx_word' id='word_1_273' title='bbox 306 2956 497 3014; x_wconf 89' lang='lat' dir='ltr'>insectantem</span> <span class='ocrx_word' id='word_1_274' title='bbox 513 2963 638 3031; x_wconf 89' lang='lat' dir='ltr'>pugnat,</span> <span class='ocrx_word' id='word_1_275' title='bbox 654 2953 797 3014; x_wconf 92' lang='lat' dir='ltr'>modestia</span> <span class='ocrx_word' id='word_1_276' title='bbox 809 2951 963 3029; x_wconf 90' lang='lat' dir='ltr'>mitigatur.</span> <span class='ocrx_word' id='word_1_277' title='bbox 986 2949 1083 3010; x_wconf 87' lang='lat' dir='ltr'>Omnis</span> <span class='ocrx_word' id='word_1_278' title='bbox 1097 2961 1192 3011; x_wconf 89' lang='lat' dir='ltr'>autem</span> 
     </span>
     <span class='ocr_line' id='line_1_34' title="bbox 186 3035 1192 3116; baseline -0.002 -20"><span class='ocrx_word' id='word_1_279' title='bbox 186 3036 377 3116; x_wconf 84' lang='lat' dir='ltr'>interrogatio</span> <span class='ocrx_word' id='word_1_280' title='bbox 399 3046 447 3098; x_wconf 91' lang='lat' dir='ltr'>aut</span> <span class='ocrx_word' id='word_1_281' title='bbox 470 3040 507 3097; x_wconf 94' lang='lat' dir='ltr'>in</span> <span class='ocrx_word' id='word_1_282' title='bbox 534 3055 648 3098; x_wconf 91' lang='lat' dir='ltr'>causa</span> <span class='ocrx_word' id='word_1_283' title='bbox 677 3046 723 3096; x_wconf 91' lang='lat' dir='ltr'>est</span> <span class='ocrx_word' id='word_1_284' title='bbox 746 3045 794 3096; x_wconf 92' lang='lat' dir='ltr'>aut</span> <span class='ocrx_word' id='word_1_285' title='bbox 822 3044 927 3095; x_wconf 87' lang='lat' dir='ltr'>extra</span> <span class='ocrx_word' id='word_1_286' title='bbox 956 3053 1110 3094; x_wconf 89' lang='lat' dir='ltr'>causam.</span> <span class='ocrx_word' id='word_1_287' title='bbox 1154 3035 1192 3094; x_wconf 97' lang='lat' dir='ltr'>ln</span> 
     </span>
     <span class='ocr_line' id='line_1_35' title="bbox 188 3120 1191 3199; baseline -0.001 -19"><span class='ocrx_word' id='word_1_288' title='bbox 188 3138 315 3199; x_wconf 89' lang='lat' dir='ltr'>causa,</span> <span class='ocrx_word' id='word_1_289' title='bbox 338 3123 413 3181; x_wconf 92' lang='lat' dir='ltr'>sicut</span> <span class='ocrx_word' id='word_1_290' title='bbox 435 3121 599 3182; x_wconf 89' lang='lat' dir='ltr'>accusatori</span> <span class='ocrx_word' id='word_1_291' title='bbox 621 3121 839 3199; x_wconf 89' lang='lat' dir='ltr'>praecepimus,</span> <span class='ocrx_word' id='word_1_292' title='bbox 863 3128 1000 3198; x_wconf 91' lang='lat' dir='ltr'>patronus</span> <span class='ocrx_word' id='word_1_293' title='bbox 1018 3136 1135 3198; x_wconf 90' lang='lat' dir='ltr'>quoque</span> <span class='ocrx_word' id='word_1_294' title='bbox 1152 3120 1191 3179; x_wconf 89' lang='lat' dir='ltr'>al-</span> 
     </span>
     <span class='ocr_line' id='line_1_36' title="bbox 187 3204 1192 3282; baseline 0.001 -20"><span class='ocrx_word' id='word_1_295' title='bbox 187 3205 243 3262; x_wconf 91' lang='lat' dir='ltr'>tius</span> <span class='ocrx_word' id='word_1_296' title='bbox 263 3213 306 3280; x_wconf 89' lang='lat' dir='ltr'>et,</span> <span class='ocrx_word' id='word_1_297' title='bbox 323 3205 398 3265; x_wconf 90' lang='lat' dir='ltr'>unde</span> <span class='ocrx_word' id='word_1_298' title='bbox 410 3204 479 3264; x_wconf 94' lang='lat' dir='ltr'>nihil</span> <span class='ocrx_word' id='word_1_299' title='bbox 490 3206 620 3282; x_wconf 91' lang='lat' dir='ltr'>suspecti</span> <span class='ocrx_word' id='word_1_300' title='bbox 633 3206 687 3279; x_wconf 92' lang='lat' dir='ltr'>sit,</span> <span class='ocrx_word' id='word_1_301' title='bbox 703 3205 828 3281; x_wconf 91' lang='lat' dir='ltr'>repetita</span> <span class='ocrx_word' id='word_1_302' title='bbox 839 3205 1077 3282; x_wconf 86' lang='lat' dir='ltr'>percontatione,</span> <span class='ocrx_word' id='word_1_303' title='bbox 1095 3206 1192 3282; x_wconf 91' lang='lat' dir='ltr'>priora</span> 
     </span>
     <span class='ocr_line' id='line_1_37' title="bbox 187 3286 1190 3367; baseline 0.004 -23"><span class='ocrx_word' id='word_1_304' title='bbox 187 3288 376 3364; x_wconf 87' lang='lat' dir='ltr'>sequentibus</span> <span class='ocrx_word' id='word_1_305' title='bbox 398 3287 570 3367; x_wconf 88' lang='lat' dir='ltr'>applicando</span> <span class='ocrx_word' id='word_1_306' title='bbox 593 3305 684 3365; x_wconf 89' lang='lat' dir='ltr'>saepe</span> <span class='ocrx_word' id='word_1_307' title='bbox 706 3304 742 3346; x_wconf 90' lang='lat' dir='ltr'>eo</span> <span class='ocrx_word' id='word_1_308' title='bbox 765 3287 897 3365; x_wconf 87' lang='lat' dir='ltr'>perducit</span> <span class='ocrx_word' id='word_1_309' title='bbox 918 3286 1064 3363; x_wconf 88' lang='lat' dir='ltr'>homines,</span> <span class='ocrx_word' id='word_1_310' title='bbox 1099 3297 1129 3348; x_wconf 92' lang='lat' dir='ltr'>ut</span> <span class='ocrx_word' id='word_1_311' title='bbox 1151 3291 1190 3347; x_wconf 92' lang='lat' dir='ltr'>in·</span> 
     </span>
     <span class='ocr_line' id='line_1_38' title="bbox 144 3369 1191 3451; baseline -0.001 -19"><span class='ocrx_word' id='word_1_312' title='bbox 144 3370 251 3432; x_wconf 68' lang='lat' dir='ltr'>teritis</span> <span class='ocrx_word' id='word_1_313' title='bbox 268 3372 346 3448; x_wconf 93' lang='lat' dir='ltr'>quod</span> <span class='ocrx_word' id='word_1_314' title='bbox 361 3373 454 3450; x_wconf 90' lang='lat' dir='ltr'>prosit</span> <span class='ocrx_word' id='word_1_315' title='bbox 470 3379 653 3450; x_wconf 81' lang='lat' dir='ltr'>extorqueat.</span> <span class='ocrx_word' id='word_1_316' title='bbox 673 3369 743 3430; x_wconf 88' lang='lat' dir='ltr'>Eius</span> <span class='ocrx_word' id='word_1_317' title='bbox 759 3372 802 3430; x_wconf 90' lang='lat' dir='ltr'>rei</span> <span class='ocrx_word' id='word_1_318' title='bbox 819 3373 881 3431; x_wconf 90' lang='lat' dir='ltr'>sine</span> <span class='ocrx_word' id='word_1_319' title='bbox 896 3371 984 3432; x_wconf 93' lang='lat' dir='ltr'>dubio</span> <span class='ocrx_word' id='word_1_320' title='bbox 998 3391 1093 3451; x_wconf 90' lang='lat' dir='ltr'>neque</span> <span class='ocrx_word' id='word_1_321' title='bbox 1106 3373 1191 3433; x_wconf 91' lang='lat' dir='ltr'>disci·</span> 
     </span>
     <span class='ocr_line' id='line_1_39' title="bbox 187 3453 1190 3536; baseline 0 -23"><span class='ocrx_word' id='word_1_322' title='bbox 187 3453 265 3532; x_wconf 93' lang='lat' dir='ltr'>plina</span> <span class='ocrx_word' id='word_1_323' title='bbox 285 3454 344 3514; x_wconf 90' lang='lat' dir='ltr'>ulla</span> <span class='ocrx_word' id='word_1_324' title='bbox 367 3457 395 3514; x_wconf 94' lang='lat' dir='ltr'>in</span> <span class='ocrx_word' id='word_1_325' title='bbox 418 3455 529 3516; x_wconf 90' lang='lat' dir='ltr'>scholis</span> <span class='ocrx_word' id='word_1_326' title='bbox 550 3473 645 3536; x_wconf 88' lang='lat' dir='ltr'>neque</span> <span class='ocrx_word' id='word_1_327' title='bbox 667 3455 838 3515; x_wconf 88' lang='lat' dir='ltr'>exercitatio</span> <span class='ocrx_word' id='word_1_328' title='bbox 863 3456 1000 3535; x_wconf 89' lang='lat' dir='ltr'>traditur,</span> <span class='ocrx_word' id='word_1_329' title='bbox 1024 3466 1052 3516; x_wconf 92' lang='lat' dir='ltr'>et</span> <span class='ocrx_word' id='word_1_330' title='bbox 1069 3457 1190 3516; x_wconf 78' lang='lat' dir='ltr'>naturali</span> 
     </span>
    </p>
   </div>
   <div class='ocr_carea' id='block_1_5' title="bbox 0 0 1288 4026">
    <p class='ocr_par' dir='ltr' id='par_1_5' title="bbox 0 0 1288 4026">
     <span class='ocr_line' id='line_1_40' title="bbox 0 0 1288 4026; baseline 0 1"><span class='ocrx_word' id='word_1_331' title='bbox 0 0 1288 4026; x_wconf 95' lang='lat' dir='ltr'> </span> 
     </span>
    </p>
   </div>
  </div>
 </body>
</html>
