2566 4026
154 167 194 230 20
473 176 836 237 armamentarium

156 337 204 414 qui
222 334 416 412 geminatione
433 349 530 391 earum
544 331 625 391 velut
639 333 723 409 apice
740 331 910 408 utebantur,
929 341 977 391 aut
992 332 1079 401 duas3
1103 335 1158 394 nisi

157 421 220 498 quis
241 427 322 497 putat
344 419 429 477 etiam
449 434 487 474 ex
507 415 597 474 tribus
619 415 771 475 vocalibus
794 415 938 491 syllabam
959 415 1038 493 fleri,
1060 417 1085 476 si
1101 435 1158 477 non

114 510 146 563 11
155 504 269 580 aliquae
286 501 383 561 oidcic
403 501 620 560 consonantium
638 500 801 576 iungantur.
844 500 973 574 Quaeret
988 501 1046 560 hoc
1062 503 1158 579 etiam,

156 586 302 666 quomodo
318 583 427 645 duabus
444 584 556 644 demum
570 583 721 643 vocalibus
735 585 764 643 in
779 602 813 643 se
826 586 906 662 ipsas
920 586 1044 646 coeundi
1059 594 1160 645 natura

156 673 207 746 sit,
232 689 296 730 oum
316 669 533 729 consonantium
548 667 626 729 nulla
642 669 696 726 nisi
715 666 835 728 alteram
849 669 973 745 frangat.
1006 668 1095 747 Atqui
1112 668 1158 728 lit-

156 765 219 815 tera
235 754 248 814 I
263 753 318 813 sibi
336 753 449 828 insidit,
471 753 594 813 coniicit
608 753 683 811 enim
698 761 743 811 est
757 751 793 812 ab
809 752 861 812 illo
876 754 964 828 iacit,
986 762 1015 812 et
1028 753 1070 829 U,
1088 770 1159 831 quo·

156 839 241 899 modo
258 855 332 898 nunc
347 835 482 897 scribitur
496 836 608 914 calpae
623 845 652 895 et
665 854 784 898 seruas.
827 836 906 896 Sciat
922 838 1006 896 etiam
1023 835 1159 897 Ciceroni

156 923 304 1002 placuisse
324 924 386 983 aiio
404 918 589 998 Maiiamque
610 921 754 997 geminata
769 919 782 979 l
797 921 943 990 scribere;
969 920 1087 998 quodsi
1103 930 1158 997 est,

115 1009 242 1068 ltetiam
263 1009 398 1083 iungetur
418 1012 449 1063 ut
473 1020 646 1064 consonans.
693 1003 791 1077 Quare
812 1004 905 1064 discat
924 1023 1011 1083 puer,
1042 1005 1110 1082 quid
1131 1007 1160 1064 in

156 1092 261 1151 litteris
277 1091 441 1170 proprium,
458 1087 526 1166 quid
541 1105 701 1164 commune,
718 1106 793 1166 quae
809 1106 872 1148 cum
887 1088 990 1167 quibus
1007 1091 1157 1167 cognatio:

155 1194 212 1236 nec
226 1177 354 1250 miretur,
371 1191 422 1233 cur
438 1191 476 1231 ex
490 1191 616 1234 scamno
629 1173 678 1232 liat
690 1173 850 1233 scabillum
861 1181 909 1232 aut
924 1191 941 1232 a
951 1174 1051 1251 piaaa
1064 1172 1159 1252 (quod

157 1269 202 1320 est
216 1261 345 1338 acutum)
358 1258 470 1317 securis
485 1257 620 1336 utrinque
634 1256 744 1316 babens
761 1258 854 1316 aciem
866 1258 1006 1336 bipennis
1011 1281 1024 1326 ‚·
1040 1275 1076 1316 ne
1092 1256 1157 1317 illo-

157 1362 219 1402 rum
238 1318 376 1420 sequalffr
397 1357 541 1416 errorem,
567 1343 631 1419 qui,
656 1342 722 1419 quia
741 1358 757 1399 a
776 1342 868 1418 pinnis
889 1339 999 1400 duabus
1018 1342 1075 1401 hcc
1090 1358 1158 1400 esse

156 1443 261 1486 nomen
277 1427 454 1499 existimant,
475 1426 590 1501 pinnas
604 1426 698 1483 avium
714 1424 770 1484 dici
784 1424 895 1484 volunt.

116 1513 149 1566 13
242 1509 346 1586 Neque
366 1507 418 1567 bas
434 1507 519 1566 modo
541 1510 655 1567 noverit
671 1509 859 1584 mutationes,
884 1526 954 1586 quas
971 1508 1094 1569 aderunt
1109 1509 1158 1569 de·

158 1592 274 1653 clinatio
292 1601 340 1652 aut
355 1592 545 1669 praepositio,
564 1599 595 1649 ιιι
609 1599 695 1652 secat
709 1593 821 1668 secuit,
838 1595 924 1654 cadit
938 1594 1070 1669 eccidit,
1090 1613 1159 1654 cae·

158 1679 203 1738 dit
217 1677 347 1752 eccidit,
367 1677 643 1752 calvummontem,
663 1683 693 1733 et
708 1676 750 1734 sic
767 1693 783 1734 a
803 1677 938 1739 laaaado
953 1678 1032 1738 lotas
1047 1685 1076 1736 et
1093 1677 1160 1737 inde

158 1779 257 1820 rursus
278 1762 379 1822 illotas
397 1768 427 1819 et
448 1758 527 1819 mille
543 1759 614 1827 alia;
635 1759 687 1818 sed
708 1776 782 1836 quae
798 1761 886 1820 rectis
909 1778 1025 1840 quoque
1043 1761 1159 1822 casibus

158 1854 254 1905 aetate
269 1844 452 1904 transierunt,
487 1841 559 1902 Nam
573 1852 604 1902 ιιι
621 1841 735 1904 Valesii
750 1852 780 1903 et
794 1843 879 1906 Fusii
895 1847 924 1904 in
943 1843 1083 1907 Valerios
1098 1844 1160 1906 Fa-

157 1932 278 2008 riosque
292 1936 447 1987 venerunt:
465 1929 504 1986 ita
523 1929 630 2005 arbos,
652 1927 755 2003 labos,
777 1946 874 2008 vapos
894 1931 979 1990 etiam
998 1938 1027 1988 et
1045 1930 1160 1992 clamos

115 2015 259 2072 laesistis
271 2013 395 2072 luerunt.
424 2012 521 2089 Atque
536 2013 599 2090 ipsa
611 2010 631 2070 S
643 2009 740 2071 littera
754 2011 790 2071 ab
803 2012 847 2072 his
861 2013 1022 2074 nominibus
1039 2014 1160 2074 exclusa

157 2099 186 2155 in
202 2095 371 2174 quibusdam
390 2096 454 2173 ipsa
474 2094 559 2154 alteri
580 2095 739 2172 successit,
762 2114 827 2156 nam
841 2107 976 2160 mertare
991 2106 1078 2176 atque
1090 2100 1160 2177 pal·

157 2189 225 2240 tare
239 2178 382 2254 dicebant,
399 2180 466 2257 quin
480 2180 623 2257 sordeam
636 2179 804 2259 foedasque
819 2199 873 2259 pro
888 2184 1064 2262 aspiratione
1079 2182 1161 2242 velut

157 2262 241 2322 simili
262 2262 358 2322 littera
374 2270 503 2331 utentcs;
527 2280 591 2321 nam
607 2271 708 2324 contra
724 2262 828 2326 Graeci
850 2268 979 2367 aspirare
995 2264 1107 2341 solent,
1130 2274 1161 2324 ιιι

158 2363 211 2424 prc
227 2336 374 2406 Fundanio
393 2344 498 2407 Cicero
513 2355 628 2423 testem,
648 2350 696 2426 qui
712 2351 831 2428 primam
844 2344 904 2410 eius
921 2350 1045 2411 litteram
1060 2348 1160 2409 dicere

115 2435 215 2489 iinon
231 2432 340 2508 possit,
359 2431 468 2491 irridet.
500 2431 559 2492 Sed
573 2429 596 2490 B
612 2450 728 2512 quoque
744 2435 772 2493 in
786 2434 883 2494 locum
898 2435 1017 2495 aliarum
1030 2433 1160 2494 dedimus

157 2513 328 2592 aliquando,
356 2515 431 2575 unde
454 2513 577 2576 Barrus
603 2525 632 2575 et
654 2515 775 2596 Brapes
796 2526 826 2576 et
844 2517 968 2577 Beleaa.
1013 2516 1077 2575 Nec
1103 2533 1160 2575 non

157 2597 259 2658 eadem
275 2599 345 2658 lecit
362 2618 398 2658 ex
420 2600 520 2660 duella
540 2600 665 2674 bellam,
688 2599 763 2658 unde
776 2598 914 2660 Daellios
930 2597 1042 2676 quidam
1059 2597 1159 2657 dicere

115 2685 148 2739 16
158 2679 272 2744 Bellias
286 2685 357 2742 ausi.
389 2681 464 2755 Quid
484 2683 611 2743 stlocum
630 2678 803 2758 stlitesque?
833 2680 908 2754 Quid
923 2680 948 2740 D
964 2680 1079 2740 litterae
1095 2699 1159 2740 cum

158 2763 180 2824 T
204 2766 344 2844 quaedam
371 2761 526 2842 cognatio?
561 2763 658 2837 Quare
683 2765 774 2823 minus
795 2765 911 2840 mirum,
936 2766 961 2824 si
985 2765 1015 2824 in
1035 2766 1158 2825 vetustis

158 2848 296 2926 operibus
309 2849 387 2908 urbis
399 2856 517 2907 nostrae
530 2855 559 2906 et
572 2846 738 2907 celebribus
753 2848 867 2926 templis
880 2848 1015 2928 legantur
1024 2845 1159 2911 Aleaaa·

157 2939 204 2993 ier
219 2942 248 2992 et
264 2931 445 2995 Cassandra
481 2931 555 3005 Quid
572 2929 595 2989 0
617 2940 703 3009 atque
723 2930 749 2991 U
768 2941 947 3010 permutatae
968 2935 1107 3010 invicem,
1129 2943 1161 2993 ut

156 3013 282 3079 Hceoba
297 3026 326 3077 et
340 3018 444 3078 acirim
460 3013 597 3077 Calcidis
616 3024 644 3074 et
662 3013 811 3079 Paliaena
827 3017 1037 3095 scriberentur,
1055 3036 1105 3095 ac,
1122 3036 1159 3078 ne

156 3101 186 3159 in
201 3098 320 3162 Graecis
335 3099 364 3160 id
380 3109 486 3161 tanturn
486 3108 627 3200 notetur,
645 3100 796 3164 dederont
809 3119 844 3162 ao
856 3103 1088 3182 probaverant?
1109 3102 1160 3162 Sia

155 3174 324 3261 Ὀδυσσεὺς,
348 3202 434 3262 mern
449 3172 604 3245 Oodoaaia
624 3184 756 3245 fecerant
772 3185 900 3264 aeoles,
924 3187 959 3248 ad
978 3185 1088 3250 liliaco
1108 3185 1158 3246 de·

114 3273 148 3330 17
156 3266 257 3328 ductus
280 3276 333 3327 est.
370 3263 465 3341 Quid?
485 3285 543 3328 non
563 3266 588 3327 ld
610 3286 727 3349 quoque
748 3269 844 3332 llooo
860 3269 934 3332 iuitl
963 3269 1111 3335 Meaeroa
1130 3279 1159 3330 et

156 3351 241 3413 leber
263 3360 292 3410 et
312 3360 465 3430 mapester
484 3360 514 3411 et
528 3351 637 3415 Diioae
654 3356 771 3417 victore
785 3373 844 3417 non
859 3357 983 3419 Diioui?
1017 3355 1077 3415 Sed
1091 3354 1158 3414 mihi

156 3433 252 3494 locum
267 3437 384 3514 signare
399 3437 468 3496 satis
485 3444 541 3513 est,
557 3453 615 3496 non
631 3440 706 3498 enim
722 3438 816 3500 doceo
833 3441 885 3501 sed
901 3440 1041 3501 admoneo
1058 3438 1155 3499 doctu·
