2566 4026
401 219 491 268 1usr.
505 217 840 290 onnron.n1n.1x‚n.
1082 212 1124 274 97

119 377 198 438 modi
214 376 356 455 exemplis
373 376 459 453 plena
475 383 540 434 sunt
558 373 668 449 omnia,
691 373 745 435 sed
767 394 851 435 unum
872 377 985 437 interim
999 381 1122 444 sufiicit:

118 458 284 540 Equidem,
300 459 382 539 quod
397 461 442 520 ad
455 477 503 519 me
518 461 634 536 attinet,
651 474 710 537 quo
724 479 772 521 me
782 469 911 538 certam,
923 464 1036 528 nescio.
1060 463 1124 528 Ne-

117 565 187 624 pem
200 545 298 624 fuisse
314 543 594 623 infamiamiadicii
606 545 747 622 corrupti
761 553 791 603 et
813 553 921 605 cetera.
960 544 1024 607 Hoc
1040 551 1167 616 etiambo

119 632 147 688 tn
165 631 352 707 praeteritum
368 627 458 704 valet,
475 644 539 687 nam
556 635 585 686 et
603 625 751 687 dubitasse
767 645 821 688 nos
837 628 979 707 tingimus.

204 712 231 772 Α
257 730 314 793 quo
340 712 489 772 schemate
515 729 573 771 non
598 711 703 790 procul
730 711 814 773 abest
832 713 898 790 illa,
925 732 1000 793 quae
1021 715 1125 778 dicitur

119 798 430 872 communicatio,
459 814 523 856 cum
550 803 598 856 aut
624 797 707 874 ipsos
729 797 913 858 adversarios
936 800 1123 879 consulimus,

118 890 149 940 ut
165 879 308 941 Domitius
326 881 399 941 Afer
415 897 468 958 pro
485 879 648 940 Domitilla:
664 878 771 943 Nescit
785 883 925 961 trepida,
943 883 1019 962 quid
1033 886 1125 948 liceat

117 965 261 1044 feminae,
277 966 354 1044 qaid
368 966 527 1043 coaiupem
541 963 670 1036 deceat,·
687 966 769 1045 [orte
788 984 844 1028 cos
863 968 895 1028 ia
910 966 966 1029 ttta
981 970 1124 1031 sottictta·

119 1051 191 1110 diae
205 1051 309 1112 oboios
323 1068 418 1111 casus
434 1051 567 1110 miserae
583 1050 704 1112 mulieri
717 1050 840 1120 obtaiit,·
857 1058 904 1128 tu,
921 1052 1041 1130 frater,
1058 1072 1123 1130 cos,

115 1137 240 1216 paterni
259 1135 367 1211 amici,
393 1134 477 1213 quod
498 1134 657 1195 consitium
685 1135 789 1196 dade?
816 1143 865 1194 aut
890 1153 954 1195 cum
981 1137 1163 1208 iudicibusnl

118 1218 201 1296 quasi
213 1218 418 1295 deliberamus,
428 1217 506 1296 quod
519 1226 564 1276 est
575 1217 854 1295 frequentissimum:
869 1216 952 1293 Quid
962 1222 1123 1284 suadetis?

118 1311 147 1362 et
171 1299 231 1364 Vos
250 1305 424 1381 iuterropo,
456 1300 532 1379 quid
559 1301 682 1364 tandem
708 1302 780 1380 fieri
801 1305 956 1382 oportuit?
978 1313 1009 1364 ut
1032 1302 1121 1366 Gato:

118 1378 220 1464 deco,
246 1389 275 1448 si
287 1406 342 1449 cos
358 1388 391 1448 ia
410 1406 445 1447 eo
460 1386 528 1448 loco
545 1388 667 1464 essetis,
690 1389 766 1463 quid
780 1387 869 1449 atiud
878 1388 1053 1466 fecissetis?
1085 1388 1123 1450 Et

117 1468 202 1531 alibi:
231 1469 425 1533 Communem
444 1490 510 1532 rem
525 1472 579 1549 api
596 1476 733 1548 putatote
752 1490 792 1532 ac
812 1490 867 1533 cos
882 1472 954 1534 itaic
968 1475 1016 1534 rei
1026 1492 1123 1553 prae-

113 1556 231 1634 positos
252 1575 329 1617 esse.
365 1554 424 1615 Sed
442 1572 645 1634 nonnunquam
662 1555 905 1616 communicantes
920 1556 1028 1635 aliquid
1042 1559 1165 1626 inex-nn

117 1647 265 1717 pectatum
286 1639 503 1717 subiungimus,
536 1638 614 1716 quod
637 1647 666 1698 et
687 1657 741 1717 per
763 1658 797 1698 se
820 1639 938 1701 schema
960 1649 1019 1701 est:
1041 1651 1071 1702 ut
1093 1642 1122 1700 in

115 1721 240 1783 Verrem
255 1721 378 1800 Cicero,
397 1722 480 1796 Quid
495 1722 629 1784 damae?
652 1725 728 1802 quid
749 1727 898 1786 censetis?
920 1726 1038 1804 factam
1055 1728 1122 1806 sor-

116 1817 200 1869 tasse
221 1816 274 1870 aut
286 1809 442 1886 praedam
464 1808 622 1885 aliquam?
646 1806 770 1885 Deinde,
784 1827 847 1868 cum
863 1809 910 1869 din
921 1811 1124 1889 suspendisset

115 1890 241 1951 iudicum
258 1892 380 1967 animos,
397 1892 537 1968 subiecit,
558 1891 635 1969 quod
651 1893 740 1953 multo
759 1902 841 1953 esset
857 1893 1026 1973 improbius.
1060 1895 1124 1955 Hoc

117 1972 223 2035 Gelsus
249 1977 568 2036 sustentationem
590 1986 687 2036 vocat.
727 1975 780 2036 Est
805 1987 901 2037 autem
916 1978 1042 2058 duplex;
1058 1994 1164 2049 names

116 2068 218 2120 contra
234 2060 420 2139 frequenter,
449 2077 512 2122 cum
536 2063 772 2139 expectationem
795 2062 1030 2138 gravissimorum
1050 2063 1122 2124 ieci·

115 2162 197 2221 mus,
216 2146 251 2208 ad
267 2148 392 2227 aliquid,
419 2146 497 2224 quod
514 2145 552 2205 sit
573 2144 641 2204 leve
663 2154 712 2206 aut
725 2144 806 2203 nullo
822 2147 908 2206 modo
927 2147 1121 2222 criminosum,
1164 2173 1165 2177 ¹

116 2231 327 2292 descendimus.
352 2231 411 2292 Sed
428 2231 496 2310 quia
507 2237 684 2289 nontantum
696 2246 750 2307 per
762 2229 1047 2290 communicationem
1059 2231 1122 2289 fieri

114 2314 209 2375 solet:
224 2310 395 2396 παράδοξον
410 2315 457 2376 alii
473 2313 653 2373 nominarunt
667 2312 696 2373 id
714 2321 760 2372 est
774 2313 959 2391 inopinatum.
988 2312 1050 2373 Illis
1065 2329 1164 2382 nonno

115 2399 238 2476 accedo,
257 2403 304 2479 qui
321 2400 439 2460 schema
452 2416 520 2458 esse
534 2398 697 2456 existimant
713 2397 809 2471 etiam,
825 2398 849 2455 si
870 2395 1032 2474 quidnobis
1051 2397 1122 2475 ipsis

115 2483 244 2543 dicamus
269 2486 486 2562 inexpectatum
503 2482 663 2542 accidisse:
686 2490 717 2541 ut
736 2479 847 2558 Pollio,
871 2478 1037 2559 Nunquam
1053 2482 1123 2561 sore

115 2568 249 2645 credidi,
266 2569 397 2645 iudices,
412 2573 460 2644 ut,
483 2584 537 2628 reo
558 2564 698 2639 Scauro,
715 2585 754 2626 me
775 2566 851 2644 quid
869 2566 902 2626 ia
923 2565 1123 2627 meoiudicio

112 2653 362 2732 prouocatam,
379 2670 541 2730 precarer.
581 2650 677 2710 Paene
693 2651 769 2710 idem
789 2648 855 2709 fons
871 2658 917 2709 est
930 2648 1020 2725 illius,
1038 2663 1165 2727 quamne

114 2738 408 2815 permissionem
430 2744 554 2811 vocant,
574 2736 622 2812 qui
645 2735 922 2811 communicationis,
944 2751 1006 2793 cum
1026 2732 1123 2810 aliqua

113 2820 187 2898 ipsis
218 2820 359 2882 iudicibus
387 2819 575 2896 relinquimus
601 2817 778 2879 aestimanda
804 2818 901 2896 aliqua
922 2834 1124 2895 nonnunquam

115 2903 291 2964 adversariis
310 2920 442 2983 quoqne:
459 2913 490 2962 ut
508 2901 615 2963 Calvus
630 2902 757 2979 Vatinio,
780 2901 924 2983 Perfrica
942 2903 1073 2982 frontem
1094 2907 1123 2964 et

115 2988 168 3049 dic
184 2996 212 3048 te
228 2989 408 3067 stipatorem,
425 2989 477 3066 qui
492 2986 736 3066 praeterieras,
754 3001 846 3064 quum
863 2984 1018 3050 Catonem.

201 3071 284 3145 Quae
320 3089 392 3132 vero
429 3081 495 3131 sunt
524 3073 665 3149 augendis
701 3070 853 3132 affectibus
886 3069 1122 3133 accommodatae
1131 3082 1166 3139 26

117 3156 241 3233 figurae,
260 3165 394 3217 constant
408 3157 531 3215 maxime
556 3155 808 3216 simulatione.
844 3155 975 3233 Namque
992 3163 1021 3214 et
1036 3154 1124 3214 irasci

114 3257 170 3300 nos
193 3249 222 3299 et
237 3241 367 3317 gaudere
393 3249 422 3300 et
437 3242 540 3301 timere
565 3248 595 3300 et
615 3239 749 3300 admirari
770 3249 800 3299 et
818 3239 921 3300 dolere
937 3248 967 3299 et
981 3239 1123 3316 indignari

114 3332 146 3385 et
172 3333 290 3402 optare,
315 3342 448 3404 quaeque
471 3333 536 3384 sunt
555 3324 741 3400 similiabis,
767 3323 908 3402 tingimus.
953 3322 1036 3383 Unde
1057 3332 1124 3384 sunt

112 3406 183 3469 illa:
205 3407 369 3471 Liberatus
389 3429 473 3470 mom:
500 3409 675 3489 respiravi,-
696 3418 725 3468 et
745 3407 830 3469 Bene
851 3409 958 3480 babet·
980 3417 1009 3468 et
1036 3406 1124 3483 Quae

114 3494 250 3554 amentia
266 3501 311 3554 est
325 3494 425 3555 bueo?
460 3491 486 3554 0
505 3500 659 3574 tempora,
682 3513 700 3556 o
719 3494 835 3556 osores!
855 3501 885 3553 et
898 3490 1045 3555 Macrum
1058 3491 1124 3556 mei

159 3597 190 3635 u.
202 3597 226 3634 r.
240 3597 354 3643 cuturn.
366 3581 401 3638 11.
951 3577 970 3634 7
