2566 4026
412 220 837 292 rusu.onxuon.n1u.rr,a.
1064 209 1123 274 teo

119 382 147 441 in
167 379 224 440 illis
244 398 314 439 vera
340 380 368 437 in
391 377 435 437 bis
455 378 619 438 assimulata
634 377 752 438 materia
771 386 825 436 est.
864 376 947 436 Adde
973 375 1050 455 quod
1075 396 1121 454 ea,

118 482 193 544 quae
209 466 236 523 in
256 472 373 522 oratore
389 462 509 520 maxima
525 470 605 538 sunt,
630 461 777 522 imitabilia
793 478 849 520 non
865 469 944 533 sunt,
966 461 1122 538 ingenium,

117 549 263 622 inventio,
280 548 340 621 vis,
363 546 487 605 facilitas
510 555 539 605 et
562 544 697 625 quidquid
719 554 780 605 arte
804 560 861 605 non
883 544 1013 604 traditur.
1053 544 1123 604 ldeo
1135 557 1167 612 13

119 632 271 710 plerique,
292 648 355 689 eum
374 629 464 689 verba
488 631 629 707 quaedam
652 629 888 690 exorationibus
913 639 1125 706 excerpserunt

118 725 166 774 aut
181 714 294 794 aliquos
313 715 531 792 compositionis
547 723 643 774 certos
661 714 770 791 pedes,
794 715 864 773 mire
887 730 903 772 a
920 731 969 788 se,
992 730 1066 790 quae
1083 712 1123 772 le·

118 807 233 876 gerunt,
251 797 349 874 eitingi
366 797 552 866 arbitrantur;
579 816 643 857 cum
664 807 693 857 et
717 798 808 858 verba
829 796 1001 857 intercidant
1016 796 1123 856 invale-

117 892 258 960 scantque
275 881 463 958 temporibus,
480 891 511 941 ut
527 898 647 960 quorum
664 883 824 942 certissima
842 882 879 941 sit
891 879 993 957 regula
1010 882 1038 939 in
1056 898 1124 940 con·

117 965 280 1041 suetudine,
299 983 391 1043 eaque
406 982 463 1024 non
478 983 530 1025 sua
545 975 645 1026 natura
662 968 717 1025 sint
732 965 808 1025 bona
825 974 872 1025 aut
885 965 960 1024 mala
977 963 1056 1042 (nam
1072 983 1126 1043 per

116 1067 150 1109 se
172 1051 235 1109 soni
259 1058 365 1109 tantum
390 1051 475 1128 sunt)
500 1050 552 1109 sed
576 1057 662 1127 prout
683 1058 846 1128 opportune
868 1049 1046 1126 proprieque
1076 1059 1124 1109 aut

116 1151 202 1195 secus
222 1133 366 1193 collocata
382 1141 461 1200 sunt;
484 1142 513 1193 et
530 1132 700 1211 compositio
725 1151 789 1192 eum
803 1132 892 1192 rebus
909 1132 1125 1193 accommodata

115 1219 152 1277 sit
167 1225 226 1276 tum
245 1218 309 1295 ipsa
324 1218 464 1276 varietate
479 1218 651 1293 gratissima.

202 1300 389 1378 Quapropter
409 1301 594 1360 exactissimo
614 1300 720 1360 iudicio
740 1302 817 1359 circa
837 1298 912 1358 hanc
935 1308 1047 1378 partem
1067 1309 1168 1364 stu-14

117 1385 227 1445 diorum
246 1384 432 1444 examinanda
447 1392 512 1443 sunt
527 1385 631 1444 omnia.
658 1383 791 1459 Primum,
805 1399 879 1460 quos
891 1383 1043 1458 imitemur,
1060 1401 1124 1442 nam

116 1477 181 1528 sunt
198 1468 323 1545 plurimi,
338 1469 386 1544 qui
402 1467 613 1527 similitudinem
625 1469 744 1546 pessimi
761 1469 901 1544 cuiusque
917 1474 947 1526 et
965 1469 1124 1545 corruptis-

116 1553 179 1611 simi
196 1553 419 1628 concupierunt;
448 1559 505 1610 tum
526 1552 554 1610 iu
576 1553 659 1629 ipsis,
677 1568 751 1628 quos
770 1550 966 1628 elegerimus,
993 1551 1060 1628 quid
1077 1553 1123 1625 sit,

116 1637 151 1696 ad
168 1636 246 1713 quod
257 1651 310 1693 nos
324 1634 507 1694 efficiendum
520 1652 732 1713 comparemus.
761 1634 833 1693 Nam
848 1636 876 1693 in
887 1635 997 1710 maguis
1013 1645 1168 1712 quoqueld

116 1718 283 1778 auctoribus
299 1718 426 1778 incidunt
445 1718 539 1797 aliqua
554 1721 660 1780 vitiosa
677 1727 706 1779 et
718 1737 734 1778 a
746 1719 840 1778 doctis
853 1720 928 1777 inter
941 1720 1023 1796 ipsos
1038 1720 1124 1778 etiam

116 1811 213 1862 mutuo
229 1802 423 1881 reprehensa;
441 1812 527 1881 atque
543 1804 649 1863 utinam
665 1812 722 1863 tam
739 1802 815 1862 bona
834 1803 976 1862 imitantes
993 1801 1124 1862 dicerent

115 1886 218 1946 melius
241 1904 324 1964 quam
342 1887 417 1947 mala
433 1890 516 1964 peius
533 1888 639 1947 dicunt.
677 1885 739 1946 Nec
755 1903 827 1946 vero
840 1886 943 1947 saltem
958 1887 1003 1961 iis,
1021 1886 1124 1963 quibus

115 1971 150 2032 ad
169 1970 301 2030 evitanda
315 1973 384 2030 vitia
404 1972 499 2031 iudicii
521 1974 591 2030 satis
611 1972 678 2047 luit,
703 1970 829 2030 sufficiat
846 1971 997 2047 imaginem
1010 1972 1123 2029 virtutis

116 2055 258 2131 effingere
276 2063 305 2113 et
319 2054 421 2128 solam,
437 2064 467 2113 ut
481 2056 524 2113 sie
538 2054 670 2129 dixerim,
688 2063 782 2114 cutem
797 2053 846 2113 vel
863 2056 960 2131 potius
975 2053 1041 2114 illas
1053 2053 1123 2132 Epi·
1167 2071 1169 2074 ’

115 2140 177 2198 euri
192 2139 317 2214 figuras,
342 2155 414 2215 quas
437 2156 453 2196 e
473 2140 589 2196 summis
611 2137 783 2215 corporibus
805 2137 874 2196 dicit
894 2137 1026 2197 effluere.
1061 2137 1124 2198 Hoc
1135 2147 1168 2204 16

115 2231 210 2281 autem
225 2221 269 2280 his
286 2220 407 2295 accidit,
432 2222 480 2297 qui
501 2237 558 2279 non
574 2221 761 2298 introspectis
778 2221 892 2297 penitus
912 2221 1065 2280 virtutibus
1088 2223 1124 2281 ad

115 2308 235 2385 primum
252 2322 285 2363 se
302 2304 382 2363 velut
398 2313 548 2381 aspectum
564 2303 703 2363 orationis
719 2311 867 2381 aptaruut;
885 2312 994 2363 etcum
1009 2306 1044 2363 iis
1060 2304 1123 2363 ieli-

115 2391 231 2449 cissime
245 2390 335 2447 cessit
348 2388 484 2447 imitatio:
500 2387 599 2446 verbis
612 2396 700 2466 atque
715 2387 841 2445 numeris
858 2396 923 2447 suut
937 2403 994 2444 non
1006 2386 1124 2447 multum

115 2472 300 2547 differentes,
323 2473 379 2531 vim
403 2471 516 2531 dicendi
540 2480 627 2549 atque
650 2471 823 2530 inventionis
844 2487 902 2530 uon
918 2480 1122 2548 assequuntur,

114 2555 166 2617 sed
185 2557 355 2635 plerumque
373 2554 518 2616 declinant
538 2557 664 2634 inpetus
687 2563 716 2614 et
731 2555 863 2631 proxima
884 2554 1036 2614 virtutibus
1054 2554 1123 2615 vitia

115 2639 362 2718 comprehendunt
380 2641 507 2717 fiuntque
523 2656 576 2717 pro
592 2638 748 2716 grandibus
761 2638 870 2716 tumidi,
888 2639 998 2716 pressis
1016 2639 1121 2716 exiles,

113 2723 237 2784 fortibus
252 2725 408 2799 temerarii,
425 2723 510 2783 laetis
524 2724 663 2800 corrupti,
681 2723 850 2800 compositis
864 2723 1038 2799 exultantes,
1056 2724 1121 2782 sim-

85 2857 89 2864 .
113 2807 237 2886 plicibus
255 2805 449 2884 negligentes.
482 2805 612 2884 Ideoque
629 2807 677 2883 qui
692 2805 809 2867 horride
826 2813 913 2884 atque
929 2808 1122 2885 incomposite
1134 2815 1165 2872 lt

114 2890 270 2968 quamlibet
296 2889 367 2950 illud
392 2889 527 2966 frigidum
558 2899 587 2949 et
603 2890 696 2950 ¹inane
724 2889 904 2967 extulerunt,
935 2893 1058 2969 antiquis
1088 2909 1121 2949 se

113 2992 200 3051 pares
218 2974 351 3041 credunt;
368 2974 416 3051 qui
437 2983 536 3033 carent
552 2973 631 3033 cultu
649 2982 736 3051 atque
755 2975 921 3051 sententiis,
943 2973 1047 3034 Atticis
1065 2974 1121 3034 sci-

113 3058 198 3124 lieet;
217 3059 265 3135 qui
280 3057 422 3135 praecisis
443 3056 678 3118 conclusionibus
695 3057 830 3132 obscuri,
850 3057 1016 3118 Sallustium
1032 3068 1120 3137 atque

114 3139 311 3214 Thucydidem
327 3149 478 3218 superant;
496 3143 593 3200 tristes
604 3158 639 3200 ac
654 3142 741 3200 ieiuni
752 3141 913 3201 Pollionem
926 3143 1118 3208 aemulantur:

114 3224 200 3282 otiosi
218 3233 247 3282 et
264 3225 368 3301 supini,
385 3225 409 3281 si
425 3224 492 3301 quid
506 3225 593 3286 modo
610 3224 726 3303 longius
743 3225 1010 3303 circumduxerunt,
1027 3228 1121 3287 iurant

114 3308 152 3366 ita
170 3305 344 3366 Ciceronem
367 3307 529 3368 locuturum
549 3310 649 3370 tuisse.
680 3307 825 3370 Noveram
842 3310 999 3390 quosdam,
1018 3312 1066 3390 qui
1086 3328 1118 3370 se
1128 3320 1163 3375 18

112 3391 235 3469 pulchre
259 3393 444 3469 expressisse
465 3411 557 3470 genus
578 3393 649 3454 illud
682 3393 822 3454 coelestis
843 3394 926 3454 buius
947 3394 1118 3456 indicendo

112 3477 165 3534 viri
181 3474 236 3534 sibi
250 3475 433 3553 viderentur,
450 3479 475 3537 si
490 3478 518 3536 iu
534 3477 662 3538 clausula
679 3479 846 3562 posuissent
866 3475 946 3541 llere
963 3479 1118 3542 videatur.
