2566 4026
213 153 247 212 to
521 164 557 210 n.
574 163 653 210 urus.
672 164 891 223 cumbrorum

209 318 286 377 nium
307 317 335 374 in
350 316 437 375 lilium
459 317 674 395 peregrinitatis
695 336 775 377 reum
791 319 873 387 dixit;
897 337 976 395 eum,
999 319 1047 395 qui
1063 317 1151 377 filium
1169 318 1211 377 le-

209 401 276 460 noni
298 400 434 460 vendidit.
477 398 597 476 ln'hoc,
627 401 663 460 de
690 418 746 479 quo
770 401 929 479 loquimur,
957 411 1040 479 patre
1068 402 1135 478 quid
1161 419 1211 480 ap-

166 485 350 564 adprehendi
365 480 485 563 potest?
528 483 683 544 Damnatus
700 494 754 545 est.
786 484 929 563 Numquid
943 486 1029 562 igitur
1046 485 1095 543 lex
1111 484 1147 543 ad
1163 485 1210 544 ab·

208 569 321 628 solutos
336 577 444 626 tantum
460 577 558 646 patres
574 566 719 645 pertiuetl
754 567 832 629 Dura
848 571 938 647 prima
953 569 1050 628 fronte
1067 569 1209 646 quaestio.

207 651 273 711 Non
288 652 492 729 desperemus;
517 652 658 711 credibile
676 660 736 727 est,
760 651 817 712 hoc
831 652 961 712 voluisse
979 652 1210 728 legumlatorem,

208 755 245 796 nc
260 736 366 796 auxilia
380 735 537 794 liberorum
553 735 753 795 innocentibus
771 735 917 795 deessent.
961 736 1020 795 Sed
1038 736 1095 795 hoo
1111 733 1210 794 dicere

208 821 316 879 rustico
331 818 526 878 verecundum
542 828 602 895 est,
627 821 692 898 quia
710 821 891 880 innocentem
906 819 997 880 fnisse
1014 828 1123 897 patrem
1138 818 1210 879 fate·

163 910 198 967 57
208 913 263 963 tur.
302 903 359 962 Dat
379 903 455 964 aliud
482 913 678 980 argumentum
702 906 917 964 controversia:
938 902 1113 964 Damnatus
1133 922 1210 981 pro·

208 987 332 1048 ditionis
353 1007 422 1048 cum
441 989 592 1048 advocato
611 989 720 1050 caolet.
757 988 814 1047 Vir
835 987 949 1047 videtur
966 1005 1056 1066 posse
1079 988 1159 1062 lieri,
1180 995 1211 1046 ut

208 1088 303 1149 poena
325 1070 384 1130 lilio
405 1071 434 1130 in
459 1071 562 1131 eodem
577 1080 675 1151 patre,
702 1080 731 1130 et
747 1072 772 1130 si
793 1069 906 1131 affuerit
922 1079 951 1130 et
967 1073 991 1130 si
1012 1088 1069 1130 non
1085 1070 1209 1145 affuerit,

209 1157 364 1214 constituta
379 1157 425 1213 sit.
467 1154 621 1215 Praeterea
637 1155 687 1215 lex
704 1156 740 1215 ad
756 1156 857 1215 exules
874 1155 952 1215 nulla
969 1157 1103 1232 pertinet.
1144 1152 1210 1212 Non

208 1256 281 1316 ergo
305 1238 445 1298 credibile
461 1247 506 1298 est
520 1238 556 1298 de
572 1239 715 1300 advocato
730 1240 852 1299 damnati
869 1240 1021 1317 scriptum;
1045 1257 1081 1298 an
1097 1239 1210 1316 possint

162 1325 282 1385 58enim
298 1321 373 1382 bona
396 1341 463 1382 esse
479 1323 538 1383 ulla
561 1321 677 1383 exulis?
714 1322 911 1383 scholasticus
934 1324 962 1381 in
977 1332 1126 1399 utramque
1144 1339 1209 1398 par·

206 1416 264 1467 tem
290 1406 404 1466 dubium
423 1406 506 1476 iacit;
536 1408 660 1467 disertus
683 1416 712 1466 et
732 1407 830 1466 verbis
852 1406 1029 1480 inhaerebit,
1057 1404 1209 1483 inquibus

205 1491 283 1552 nulla
303 1492 438 1568 exceptio
461 1499 522 1567 est,
546 1500 574 1550 et
589 1500 711 1569 propter
725 1491 783 1550 hoc
797 1493 890 1569 ipsum
910 1507 1035 1568 poenam
1050 1507 1117 1548 esse
1140 1505 1208 1547 con·

205 1577 333 1635 stitutam
348 1577 406 1648 eis,
430 1577 478 1652 qui
493 1591 551 1634 non
570 1574 718 1650 affuerint,
741 1594 778 1634 ne
793 1573 925 1652 periculo
945 1573 1024 1633 exilii
1041 1573 1209 1632 deterrean-

204 1668 250 1719 tur
262 1658 470 1732 adrocatione,
485 1666 514 1717 et
526 1659 662 1717 rusticum
673 1659 818 1718 innocenti
830 1675 887 1716 nou
900 1658 1016 1717 affuisse
1029 1658 1116 1716 dicet.
1134 1653 1211 1716 lllud

203 1743 334 1821 protinus
350 1758 408 1800 non
423 1741 583 1818 iudignum,
600 1742 677 1819 quod
697 1751 865 1818 annotetur,
890 1759 980 1819 posse
1006 1759 1044 1800 ex
1059 1757 1116 1799 uno
1133 1747 1209 1798 statu

205 1825 275 1885 duas
298 1825 453 1902 generales
475 1826 537 1884 fieri
560 1825 762 1903 quaestiones,
784 1825 830 1884 An
855 1821 1005 1903 quisquis?
1033 1842 1068 1884 an
1093 1824 1209 1883 cuicun-

162 1905 280 1986 59que‘?
315 1907 395 1968 Haec
413 1927 450 1968 ex
468 1908 577 1968 duabus
591 1911 725 1987 personis
742 1911 872 1988 quaesita
890 1918 964 1968 sunt.
997 1907 1043 1966 Ex
1058 1907 1143 1967 tertia
1161 1924 1209 1965 au-

203 2001 276 2067 tem,
299 2010 373 2069 quae
396 2001 440 2051 est
459 1992 635 2068 adversarii,
657 1992 735 2053 nulla
757 1994 827 2052 oriri
850 1993 981 2071 quaestio
1005 2000 1118 2070 potest,
1143 1990 1210 2068 quia

203 2075 281 2135 nulla
301 2075 332 2134 bt
355 2076 435 2135 eide
456 2094 507 2135 sua
524 2085 608 2155 parte
626 2079 837 2137 controversia.
876 2075 1008 2136 Nondum
1024 2083 1119 2134 tamen
1140 2090 1210 2133 cura

204 2158 328 2218 deficiat.
374 2158 431 2219 lsta
455 2163 530 2219 enim
553 2161 646 2220 omnia
669 2161 724 2221 dici
745 2168 868 2240 possent
888 2163 974 2220 etiam
998 2176 1055 2217 non
1073 2159 1208 2217 restituto

202 2251 295 2322 patre.
335 2241 398 2303 Nec
414 2245 508 2303 statim
524 2261 560 2303 co
578 2244 743 2320 tendamus,
767 2244 845 2323 quod
861 2245 988 2303 occurrit
1009 2241 1102 2317 ultro,
1125 2258 1142 2299 e
1162 2258 1209 2299 ru·

203 2328 277 2386 stico
298 2329 470 2387 restitutum.
519 2327 574 2401 Qui
599 2328 743 2388 subtiliter
769 2335 909 2407 quaeret,
933 2325 1042 2404 aliquid
1063 2323 1211 2403 spectabit

202 2410 292 2479 ultra;
320 2429 399 2488 nam,
425 2420 456 2470 ut
478 2429 571 2488 genus
592 2412 709 2490 specics
731 2413 878 2489 sequitur,
901 2412 939 2470 ita
962 2410 1093 2488 speciem
1114 2425 1210 2484 genus

158 2495 361 2572 capraecedit.
400 2493 555 2572 Fingamus
577 2512 648 2572 ergo
670 2495 705 2554 ab
727 2496 784 2555 alio
805 2495 982 2554 restitutum:
1008 2492 1210 2552 ratiocinativa

203 2596 255 2637 seu
272 2578 427 2638 collectiva
442 2580 574 2657 quaestio
591 2581 715 2655 orietur,
740 2576 789 2639 An
803 2579 952 2639 restitutio
965 2596 1024 2656 pro
1038 2576 1211 2637 sublatione

201 2662 312 2723 iudicii
328 2663 370 2722 st't
386 2671 415 2722 ct
433 2663 566 2740 proinde
579 2664 699 2739 caleat,
719 2681 760 2724 ac
780 2663 808 2723 ci
828 2662 976 2723 iudicium
997 2679 1058 2721 coc
1077 2659 1210 2737 suisset?

202 2745 258 2804 Ubi
284 2743 435 2823 temptabit
456 2747 581 2806 rusticus
607 2746 722 2822 dicere,
751 2764 787 2805 ne
806 2747 963 2824 impetrare
989 2743 1104 2822 quidem
1125 2741 1211 2800 aliter

202 2830 336 2906 potuisse
351 2844 467 2888 suorum
481 2831 692 2890 restitutionem
703 2847 760 2889 uno
771 2831 901 2909 praemio
913 2829 968 2887 nisi
980 2835 1063 2906 patre
1075 2824 1209 2903 proinde,

204 2931 238 2972 ac
253 2913 278 2971 si
295 2922 447 2972 accusatus
462 2930 520 2972 nou
536 2923 631 2990 esset,
654 2922 810 2988 reuocato,
828 2931 903 2991 quae
923 2930 971 2971 res
988 2909 1122 2970 advocati
1138 2925 1210 2986 quo·

159 3012 261 3073 arque
279 3013 419 3074 poenam,
441 3005 576 3076 tanquam
594 3000 619 3056 is
641 3014 699 3056 non
714 2997 859 3071 affuisset,
878 2996 1031 3056 remiserit.
1073 2991 1144 3051 Tum
1159 3010 1210 3049 ve·

203 3081 294 3139 nimus
319 3079 356 3140 ad
376 3080 421 3155 id,
445 3081 522 3158 quod
537 3083 657 3159 primum
674 3079 863 3155 occurrebat,
886 3079 1025 3139 arustico
1043 3093 1111 3135 esse
1126 3074 1211 3133 resti-

204 3172 292 3222 tutum
309 3173 430 3242 patrem.
470 3163 527 3224 Ubi
543 3183 641 3224 rursus
659 3166 878 3238 ratiocinamur,
900 3181 936 3222 au
950 3162 1102 3221 restitutor
1117 3158 1211 3236 accipi

204 3246 311 3307 debeat
326 3265 381 3325 pro
396 3247 557 3324 advocato,
579 3248 692 3326 quando
708 3247 737 3306 id
750 3247 944 3326 praestiterit,
961 3243 1038 3323 quod
1052 3242 1211 3303 advocatus

203 3331 300 3406 petiit;
331 3349 387 3390 nec
405 3330 566 3410 improbum
587 3333 624 3390 sit
645 3348 699 3410 pro
720 3331 805 3391 simili
828 3330 936 3407 accipi,
967 3326 1044 3407 quod
1065 3324 1132 3405 plus
1155 3333 1210 3385 est.

161 3412 328 3491 62Reliqua
354 3416 409 3474 iam
432 3417 601 3493 aequitatis,
629 3415 719 3475 utrius
746 3415 847 3474 iustius
872 3414 910 3473 sit
935 3404 1133 3472 desiderium?
1178 3407 1210 3468 ld
