2566 4026
163 162 223 224 102
476 171 839 232 amnemamnem

117 329 222 395 ooNec
243 331 271 390 in
292 329 427 408 personis
448 337 555 389 tantum
578 327 630 387 sed
655 336 684 386 et
704 328 733 385 in
753 324 841 385 rebus
856 333 990 385 versatur
1005 325 1079 385 haec
1096 343 1163 385 con·

159 416 246 475 traria
264 414 389 490 dicendi,
409 430 492 490 quam
508 429 582 490 quae
599 411 721 488 intelligi
736 409 829 485 velis,
848 410 938 482 ratio,
957 419 987 469 ιι
1004 418 1095 469 totum
1110 428 1164 489 pro

159 497 265 572 Quinto
289 498 405 576 Ligario
435 498 615 575 prooemium
637 504 666 554 et
692 494 761 554 illae
783 493 980 554 elevationes:
1006 491 1165 572 Videlicet,

161 581 186 642 0
202 585 248 643 dii
264 584 352 644 boat!

420 663 545 725 Scilicet
559 666 588 723 is
603 664 725 741 superis
737 662 827 722 labor
843 671 897 723 est.

116 748 194 815 51Et
208 749 258 809 ille
270 767 324 828 pro
337 748 432 827 Oppio
449 746 547 807 locus:
567 745 740 808 Oamorem
750 747 879 806 miram!
896 743 922 806 0
934 747 1167 811 benivolentiam

155 835 365 913 artgclarem!
399 831 464 892 Non
486 831 590 909 procul
608 830 712 890 absunt
732 828 767 889 ab
788 828 844 889 hac
859 829 1042 891 simulatione
1057 850 1107 891 res
1125 834 1166 892 in-

158 927 203 978 ter
219 936 252 978 se
268 916 389 993 similes,
409 916 603 975 confessio
619 913 688 973 nihil
705 915 846 990 nocitura,
869 915 963 993 qualis
979 924 1040 976 est:
1060 914 1167 979 Habes

155 1003 261 1082 igitar,
278 1001 407 1077 Tubero,
422 1002 504 1078 qood
512 1008 557 1061 est
568 1000 747 1061 accusatori
758 1000 890 1059 maaime
900 999 1079 1078 optandum,
1092 1021 1166 1062 core-

156 1085 288 1165 fiteratem
304 1103 411 1154 mara,-
432 1093 460 1143 et
481 1084 704 1158 concessio,
729 1101 792 1142 cnm
814 1082 922 1161 aliquid
938 1085 1024 1144 etiam
1039 1085 1168 1162 iniquum

157 1170 289 1231 videmur
314 1186 420 1230 causae
442 1168 547 1228 fiducia
569 1169 643 1246 pati:
667 1164 780 1228 Metam
800 1169 962 1246 virgarum
983 1170 1168 1232 nauarchus

157 1256 366 1317 nobilissimae
381 1254 512 1315 civitatis
525 1254 626 1331 pretio
640 1253 786 1313 redemit:
804 1252 968 1313 hamanum
984 1262 1049 1324 est,·
1065 1261 1095 1312 et
1110 1270 1166 1333 pro

159 1335 292 1398 Cluentio
313 1339 349 1398 de
363 1337 482 1398 invidia:
497 1335 717 1399 Domineterirt
732 1337 941 1411 contionibus,
954 1338 1057 1399 iaceat
1069 1339 1103 1397 ira
1116 1340 1167 1399 ia·

158 1423 268 1493 diciis,·
283 1425 367 1483 tertia
386 1423 603 1497 consensio,
619 1429 650 1480 ut
668 1437 722 1499 pro
739 1420 854 1496 eodem,
871 1420 1005 1481 indicium
1019 1439 1087 1481 esse
1101 1439 1166 1482 cor·

116 1517 279 1585 diruptum.
311 1505 391 1566 llaec
407 1506 569 1567 evidentior
587 1505 680 1582 ligura
698 1513 759 1581 est,
782 1523 847 1564 cum
870 1505 956 1566 alicui
976 1508 1020 1565 rei
1042 1509 1153 1567 essenti

158 1608 236 1666 mur,
265 1609 339 1668 quae
364 1599 409 1650 est
435 1591 529 1650 lutura
556 1607 609 1668 pro
635 1587 734 1658 nobis;
762 1607 861 1648 verum
886 1588 915 1648 id
940 1589 1077 1649 accidere
1103 1593 1166 1651 siue

158 1673 318 1734 adversarii
336 1676 407 1733 vitio
422 1691 480 1733 uon
496 1683 603 1753 potest.
642 1672 789 1745 Quaedam
810 1674 895 1732 etiam
909 1673 990 1733 velut
1005 1673 1165 1752 laudamus,

159 1765 189 1816 ut
220 1756 325 1817 Cicero
353 1759 382 1817 in
409 1758 533 1817 Verrem
561 1760 639 1817 circa
665 1759 774 1816 crimen
792 1756 944 1835 Apollonii
958 1756 1165 1836 Drepanitani:

158 1841 284 1903 Gaudeo
300 1843 401 1918 etiam,
413 1844 441 1903 si
456 1843 531 1920 qaid
542 1842 581 1902 ab
592 1860 627 1903 eo
637 1841 799 1917 abstulisti,
812 1850 841 1902 et
855 1843 912 1903 abs
922 1850 951 1903 te
962 1844 1039 1904 aileil
1048 1845 1167 1905 rectius

115 1926 275 2004 titfactam
290 1944 359 1988 esse
374 1928 454 1988 dico.
490 1925 606 1985 Interim
621 1942 759 2002 augemus
776 1926 908 2002 crimIna,
932 1944 1006 2004 quae
1030 1946 1069 1987 ex
1086 1928 1167 1988 iacili

158 2018 207 2069 aut
221 2009 333 2070 diluere
350 2011 494 2089 possimus
510 2019 558 2070 aut
573 2027 700 2086 negare,
716 2009 793 2088 quod
809 2019 855 2070 est
869 2010 1061 2088 frequentius,
1081 2029 1166 2090 quam

157 2103 188 2153 ut
204 2093 368 2171 exemplum
386 2094 542 2154 desideret.
580 2093 697 2154 Interim
718 2092 777 2153 hoc
797 2095 863 2172 ipso
885 2095 970 2153 [idem
988 2095 1165 2156 detrahimus

157 2176 227 2254 illis,
241 2178 385 2256 quodsint
399 2188 456 2239 tem
470 2180 589 2256 gravia,
607 2187 638 2238 ut
655 2195 710 2257 pro
727 2176 836 2237 Roscio
852 2176 969 2254 Cicero,
988 2196 1051 2238 cum
1067 2181 1165 2239 imma·

156 2263 274 2322 nitatem
295 2263 441 2341 parricidii
465 2280 626 2341 quanquam
646 2280 701 2340 per
724 2280 757 2321 se
773 2262 953 2322 manifestam
968 2271 1063 2322 tamen
1079 2265 1166 2322 etiam

155 2347 185 2405 ri
201 2348 339 2406 orationis
356 2356 526 2425 exaggerat.

115 2441 150 2494 54
239 2421 463 2510 Ἀποσιώπησις,
474 2449 557 2509 quam
571 2431 647 2491 idem
660 2428 765 2490 Cicero
784 2431 1040 2508 reticentiam,
1057 2429 1165 2491 Celsus

157 2514 413 2590 obtinentiam,
441 2515 570 2575 nouuulli
597 2515 912 2592 interruptionem
940 2515 1106 2594 appellant,
1135 2525 1165 2575 et

155 2600 219 2677 ipsa
235 2600 361 2660 ostendit
377 2599 483 2677 aliquid
500 2599 621 2659 nliectus
637 2598 686 2658 vel
701 2600 779 2659 irae:
798 2607 828 2657 ut

222 2680 304 2756 Quos
319 2703 373 2763 ego
391 2717 433 2726 —
448 2685 506 2745 sed
520 2691 613 2744 motos
627 2691 769 2761 praestat
787 2700 967 2761 componere
980 2680 1094 2761 flectas
1102 2707 1117 2754 ,-

154 2765 204 2826 vel
212 2766 414 2827 sollicitudinis
427 2776 456 2827 et
468 2769 550 2847 quasi
564 2767 731 2845 religionis:
747 2763 796 2826 Aa
807 2766 899 2828 iuius
908 2769 960 2830 itte
971 2768 1058 2847 legis,
1072 2785 1164 2847 qaam

157 2847 283 2912 Clodius
298 2871 318 2912 a
339 2870 374 2912 se
386 2853 541 2913 iuventam
560 2853 728 2930 gloriatur,
750 2851 926 2915 metationem
942 2851 1053 2930 facere
1068 2870 1165 2914 auses

155 2943 235 2996 esset
248 2937 316 2997 eico
331 2933 459 3014 Milone,
484 2955 545 2997 eoa
569 2937 672 2998 dicam
694 2937 839 2998 console?
862 2938 1061 2998 danastrum
1084 2939 1165 2998 euim

154 3020 286 3080 omnium
299 3056 341 3064 -
355 3041 415 3082 saort
431 3021 532 3081 audeo
547 3028 639 3082 totam
661 3021 786 3089 dicere;
811 3021 855 3080 cui
874 3020 968 3080 slmile
990 3029 1035 3080 est
1050 3021 1080 3080 iu
1095 3039 1164 3099 pro·

112 3105 251 3166 itoemio
273 3122 327 3183 pro
348 3102 539 3183 Ctesiphonte
570 3103 785 3165 Demosthenis.
829 3103 886 3163 Vel
912 3104 969 3165 alio
995 3105 1164 3165 transeundi

155 3189 263 3263 gratia:
281 3187 436 3250 Cominius
451 3197 552 3251 aetem
567 3224 610 3233 -
624 3191 744 3252 tametsi
763 3190 909 3268 ignoscite
925 3189 1013 3264 milti,
1029 3191 1164 3250 iudices.

154 3269 186 3328 ln
203 3288 259 3349 quo
274 3282 320 3332 est
335 3282 364 3333 et
380 3272 430 3333 illa
447 3272 493 3351 (si
513 3282 609 3333 tamen
629 3274 705 3333 inter
732 3273 880 3333 schemata
902 3274 1047 3332 numerari
1063 3272 1163 3349 debet,

156 3371 220 3413 cum
237 3353 300 3415 aliis
316 3359 400 3416 etiam
416 3375 483 3436 pars
501 3375 606 3417 causae
621 3358 769 3438 videatur)
787 3357 995 3434 digressio;
1012 3356 1072 3416 abit
1088 3359 1163 3417 enim

155 3454 242 3499 causa
260 3440 288 3499 in
305 3439 407 3501 laudes
425 3439 476 3500 Cn.
497 3441 637 3520 Pompeii.
668 3441 759 3520 quue
776 3442 839 3501 lieri
855 3442 940 3501 etiam
955 3442 1018 3500 sine
1035 3431 1161 3503 iaceres·
