2566 4026
408 118 826 187 rusu.01rnuon.nrs.1,a.
1088 110 1125 171 15

118 275 245 356 proderit
260 275 379 336 laudata
394 275 550 349 industria,
567 275 742 335 excitabitur
756 274 841 336 laude
857 275 1024 352 aemulatio,
1040 286 1167 355 turpe22

116 360 199 421 ducet
215 360 328 421 cedere
349 362 429 438 pari,
446 358 598 438 pulchrum
614 376 772 438 superasse
787 363 923 421 maiores.
954 361 1126 422 accendunt

117 447 207 504 omnia
223 444 302 504 haec
316 447 444 520 animos,
464 451 493 502 et
509 442 579 503 licet
594 444 657 521 ipsa
675 444 773 503 vitium
788 445 825 503 sit
840 445 967 520 ambitio,
986 445 1123 524 frequen·

116 538 158 591 ter
173 537 272 588 tamen
295 545 385 588 causa
406 529 542 587 virtutum
563 537 617 586 est.
659 526 725 586 Non
746 528 875 588 inutilem
897 531 959 588 scio
980 538 1167 596 servatumaa

118 631 182 672 esse
210 631 228 673 a
251 611 497 691 praeceptoribus
523 613 595 670 meis
620 628 746 686 morem,
776 614 840 690 qui,
870 630 934 672 cum
960 631 1069 692 pueros
1095 617 1124 674 in

116 698 227 757 classes
251 695 477 771 distribuerent,
505 695 635 754 ordinem
656 695 770 756 dicendi
797 697 954 757 secundum
978 699 1056 757 vires
1082 700 1122 757 in·

115 783 190 860 genii
206 780 332 850 dabant;
357 789 387 840 et
408 782 447 839 ita
466 781 620 857 superiore
639 779 707 838 loco
730 781 853 858 quisque
877 780 1073 856 declamabat,
1094 791 1124 841 ut

115 864 300 945 praecedere
325 863 462 943 profectu
486 862 648 922 videbatur.
693 862 783 923 lluius
806 866 850 924 rei
870 865 975 925 iudicia
1001 864 1166 941 praebe-24

115 948 233 1017 bantur:
271 966 307 1008 ea
335 947 419 1007 nobis
446 949 548 1024 ingens
576 947 692 1026 palmae
718 950 883 1024 contentio,
916 948 1025 1008 ducere
1051 966 1123 1008 vero

116 1034 242 1093 classem
262 1032 354 1092 multo
376 1030 608 1110 pulcherrimum.
638 1030 702 1090 Nec
723 1032 759 1091 de
779 1032 837 1092 hoc
859 1034 951 1093 semel
975 1032 1124 1093 decretum

116 1125 189 1184 erat;
213 1117 382 1176 tricesimus
404 1115 467 1174 dies
487 1115 628 1176 reddebat
648 1117 727 1175 victo
751 1117 914 1176 certaminis
936 1124 1120 1194 potestatem.

115 1201 154 1262 lta
168 1218 228 1260 nec
249 1201 386 1278 superior
406 1217 547 1258 successu
569 1215 666 1259 curam
682 1199 846 1260 remittebat
864 1207 893 1258 et
908 1199 994 1259 dolor
1016 1202 1123 1259 victum

115 1285 147 1345 ad
162 1283 372 1363 depellendam
387 1284 571 1360 ignominiam
586 1281 761 1343 concitabat.
793 1281 825 1343 ld
841 1281 924 1342 nobis
941 1285 1071 1343 acriores
1087 1283 1163 1343 adas

115 1368 208 1428 studia
231 1366 347 1428 dicendi
369 1365 634 1432 lacessubdidisss
658 1384 742 1444 quam
765 1367 995 1427 exhortationem
1013 1367 1121 1427 docen-

115 1454 198 1527 tium,
231 1451 473 1530 paedagogorum
498 1449 676 1526 custodiam,
702 1459 771 1511 vota
792 1461 957 1530 parentum,
987 1460 1120 1530 quantum

114 1537 196 1596 animi
220 1537 279 1595 mei
299 1536 466 1595 coniectura
489 1534 632 1611 colligere
652 1552 786 1613 possum,
814 1536 1020 1596 contenderim·
1062 1536 1162 1596 Seoao

114 1622 187 1680 sicut
210 1619 356 1678 firmiores
378 1621 408 1679 in
429 1618 533 1678 litteris
555 1619 706 1697 proiectus
727 1620 777 1679 alit
798 1621 967 1681 aemulatio:
991 1623 1030 1679 ita
1050 1622 1120 1680 inci·

114 1701 262 1782 pientibus
285 1711 373 1780 atque
397 1701 489 1762 adhuc
510 1705 619 1762 teneris
644 1703 908 1783 condiscipulorum
931 1722 1016 1782 quarn
1036 1722 1119 1783 prae·

115 1788 246 1865 ceptoris
273 1786 442 1862 iucundior,
468 1785 525 1846 boc
551 1788 616 1865 ipso
645 1787 722 1864 quod
748 1788 881 1863 facilior,
915 1790 1034 1848 imitatio
1064 1798 1118 1847 est.

113 1871 168 1930 Vix
193 1872 272 1930 enim
294 1862 335 1929 sc'
349 1872 440 1949 prima
462 1870 606 1931 elementa
629 1871 665 1931 ad
686 1889 768 1949 spem
792 1873 898 1933 tollere
925 1871 1119 1948 effingendae,

114 1973 198 2034 quam
221 1971 359 2014 summam
379 1963 493 2032 putant,
520 1954 707 2033 eloquentiae
731 1955 888 2025 audebunt;
910 1958 1041 2034 proxima
1063 1973 1119 2013 am·

113 2040 285 2118 plectentur
305 2039 414 2116 magis,
445 2047 477 2097 ut
498 2041 573 2098 vites
597 2038 749 2099 arboribus
778 2041 934 2119 applicitae
963 2039 1118 2098 inferiores

113 2126 194 2201 prius
224 2121 472 2200 apprehendendo
499 2139 595 2182 ramos
626 2125 654 2182 in
680 2127 826 2184 cacumina
855 2124 987 2184 evadunt.
1035 2122 1119 2196 Quod
1127 2133 1161 2188 at

114 2207 189 2267 adeo
212 2224 314 2266 verum
336 2214 396 2281 est,
423 2214 453 2265 ut
475 2208 566 2284 ipsius
591 2208 676 2266 etiarn
696 2210 840 2284 magistri,
868 2211 892 2268 si
917 2218 1012 2269 tamen
1032 2207 1118 2267 ambi·

114 2293 199 2351 tiosis
216 2290 299 2350 utilia
312 2289 478 2369 praeferet,
498 2289 645 2369 hocopus
662 2293 713 2366 sit,
732 2311 795 2352 cum
810 2293 903 2353 adhuc
920 2292 999 2352 rudia
1015 2300 1118 2351 tracta·

113 2375 154 2435 bit
173 2375 311 2452 ingenia,
331 2390 389 2433 non
405 2376 499 2434 statim
521 2391 644 2434 onerare
663 2375 853 2436 infirmitatem
875 2378 1044 2437 discentium
1066 2375 1119 2434 sed

114 2469 282 2537 temperare
294 2459 374 2517 vires
390 2475 458 2517 suas
474 2467 504 2517 et
519 2458 554 2517 ad
569 2458 748 2519 intellectum
765 2461 906 2521 audientis
925 2459 1116 2520 descendere.

114 2542 186 2602 Nam
202 2549 235 2601 ut
257 2541 378 2603 vascula
394 2543 452 2601 oris
468 2544 582 2619 angusti
603 2543 786 2622 superfusam
801 2543 927 2603 humoris
944 2545 1057 2619 copiam
1071 2547 1160 2602 rea&

115 2634 237 2705 spuunt,
256 2628 365 2685 sensim
385 2635 479 2685 autem
500 2624 682 2686 induentibus
702 2626 751 2686 vel
775 2627 860 2686 etiam
880 2625 1025 2685 instillatis
1042 2641 1118 2683 com·

114 2710 246 2788 plentur:
264 2711 308 2770 sic
320 2711 404 2770 animi
419 2726 575 2788 puerorum
591 2720 725 2789 quantum
741 2712 880 2789 excipere
894 2710 1007 2789 possint
1021 2706 1118 2766 viden·

115 2794 180 2854 dum
203 2802 260 2853 est.
303 2791 376 2853 Nam
396 2796 504 2854 maiora
526 2795 676 2855 intellectu
706 2795 787 2854 velut
815 2813 914 2874 parum
940 2801 1058 2871 apertos
1083 2791 1119 2851 ad

115 2878 337 2956 percipiendum
352 2879 460 2937 animos
474 2894 532 2937 non
547 2878 690 2938 subibunt.
714 2879 792 2939 Utile
808 2881 895 2957 igitur
909 2877 1028 2951 babere,
1045 2883 1161 2954 quasti>

114 2963 217 3022 imitari
229 2964 353 3040 primum
367 2977 434 3020 mox
448 2963 566 3022 vincere
581 2962 662 3022 velit.
687 2963 729 3023 lta
745 2963 880 3042 paulatim
894 2971 923 3021 et
938 2962 1119 3039 superiorum

115 3064 184 3125 spes
202 3047 269 3105 erit.
309 3043 360 3104 His
382 3045 503 3122 adiicio,
525 3055 734 3124 praeceptores
750 3049 831 3125 ipsos
851 3046 998 3106 nunidem
1014 3046 1117 3104 mentis

114 3148 148 3190 ac
163 3130 286 3208 spiritus
303 3131 331 3188 in
346 3129 469 3189 dicendo
484 3146 574 3208 posse
597 3133 753 3209 concipere
774 3131 896 3208 singulis
912 3138 1019 3189 tantum
1034 3147 1117 3208 prae·

114 3215 247 3275 sentibus
264 3212 344 3292 quod
360 3212 408 3272 illa
428 3213 599 3274 celebritate
615 3214 788 3275 audientium
803 3216 963 3274 instinctos.
995 3212 1161 3274 lllaximatto
1237 3202 1255 3242 ²

114 3300 188 3358 enirn
203 3316 274 3378 pars
294 3296 480 3375 eloquentiae
497 3307 610 3357 constat
625 3301 728 3358 animo.
755 3298 837 3358 Hunc
852 3298 943 3373 allici,
960 3297 1035 3356 hunc
1050 3313 1117 3356 con-

114 3385 214 3462 cipere
231 3384 375 3461 imagines
390 3399 486 3441 rerum
502 3390 532 3440 et
546 3383 742 3442 transformari
760 3383 968 3462 quodammodo
985 3381 1020 3441 ad
1038 3388 1116 3440 natu-
