2566 4026
199 163 257 223 loo
531 174 893 233 m.saa.ou1uu1n1au1

196 349 232 390 an
252 332 304 406 sit,
327 338 359 389 ut
380 328 576 408 compluribus
599 330 684 388 etiam
705 330 947 409 philosophorum
968 330 1081 409 placet,
1100 331 1202 391 virtus,

170 414 338 494 aliquidem
355 413 442 489 illud,
468 413 545 490 quod
560 416 589 472 in
605 413 706 472 studiis
726 412 841 474 dicendi
857 414 991 492 plerique
1008 423 1205 476 exercuerunt

197 508 226 560 et
242 507 392 573 exercent,
408 506 456 557 aut
469 496 576 556 nullam
591 505 691 573 artem,
710 515 784 576 quae
798 489 915 575 ἀτεχνία
928 501 1104 574 nominatur,
1120 508 1203 578 puto,

197 583 319 661 (multos
337 584 411 641 enim
426 579 512 640 video
529 583 590 641 sine
607 583 736 656 ratione,
753 585 816 641 sine
833 583 953 658 litteris,
977 601 1033 660 qua
1046 582 1096 641 vel
1112 585 1204 662 impu·

196 667 292 727 dentia
320 666 369 726 vel
398 666 489 725 fames
518 664 614 741 duxit,
643 668 778 746 ruentes)
804 674 853 725 aut
872 665 976 726 malam
999 668 1081 745 quasi
1101 677 1204 744 artem,

196 768 281 830 quam
308 750 499 828 κακοτεχνίαν
519 749 648 808 dicimus.
695 748 767 809 Nam
789 759 818 810 et
839 750 931 809 fuisse
951 751 1058 811 multos
1084 760 1113 810 et
1136 770 1204 811 esse

195 834 352 895 nonnullos
369 835 519 909 existimo,
543 835 591 912 qui
606 833 774 895 facultatem
795 834 909 894 dicendi
924 833 959 894 ad
976 835 1121 894 hominum
1137 854 1204 914 per-

171 920 301 985 aniciem
317 919 523 978 converterint.
560 917 780 996 Ματαιοτεχνία
801 935 917 997 quoque
934 927 979 977 est
994 920 1152 997 quaedam,
1176 921 1204 980 id

196 1012 243 1063 est
268 1020 450 1082 supervacua
477 1003 546 1062 artis
571 1003 708 1077 imitatio,
739 1020 813 1081 quae
834 1002 904 1062 nihil
925 1019 996 1062 sane
1019 1021 1115 1080 neque
1134 1004 1204 1063 boni

196 1105 291 1166 neque
315 1087 382 1147 mali
403 1086 525 1162 habeat,
546 1087 599 1146 sed
622 1105 726 1146 uanum
751 1086 897 1155 laborem;
925 1086 1019 1164 qualis
1039 1086 1116 1146 illius
1138 1088 1201 1161 fuit,

196 1174 245 1251 qui
259 1190 350 1249 grana
367 1173 472 1231 ciceris
488 1189 525 1230 ex
541 1172 635 1249 spatio
652 1171 767 1230 distanti
788 1173 894 1247 missa,
916 1172 944 1229 in
959 1187 1041 1230 acum
1066 1172 1202 1230 continuo

196 1265 226 1317 et
241 1258 303 1315 sine
318 1257 506 1316 frustratione
523 1255 687 1330 inserebat,
711 1273 796 1333 quem
813 1273 876 1315 oum
892 1263 1058 1334 spectasset
1073 1254 1202 1316 Alexan·

196 1340 264 1416 der,
285 1341 411 1400 donasse
429 1339 533 1399 dicitur
549 1340 678 1399 eiusdem
692 1340 846 1416 leguminis
862 1338 977 1415 modio,
994 1339 1071 1417 quod
1089 1340 1203 1416 quidem

170 1426 353 1503 4praemium
368 1424 420 1482 fuit
435 1423 487 1483 illo
504 1440 595 1500 opere
611 1423 817 1500 dignissimum.
849 1422 899 1482 llis
916 1440 974 1500 ego
991 1423 1202 1501 comparandos

197 1509 348 1582 existimo,
372 1508 469 1584 quiin
492 1506 767 1582 declamationibus,
799 1525 871 1585 quas
894 1526 962 1566 esse
983 1509 1099 1568 veritati
1121 1508 1204 1567 dissi·

196 1589 328 1650 millimas
344 1589 461 1666 volunt,
484 1599 609 1650 aetatem
622 1590 711 1649 multo
728 1591 823 1650 studio
840 1608 875 1650 ac
897 1591 1001 1651 labore
1023 1601 1203 1651 consumunt.

195 1673 305 1733 Verum
324 1673 414 1750 haec,
436 1691 521 1751 quam
547 1676 699 1733 instituere
724 1691 861 1734 oouamur
887 1683 916 1733 et
943 1677 1025 1735 ouius
1049 1677 1204 1752 imaginem

196 1758 289 1817 animo
314 1760 518 1837 concepimus,
541 1776 616 1836 quae
641 1758 719 1818 bono
740 1761 804 1817 viro
833 1761 970 1819 convenit
997 1778 1131 1838 quaeque
1159 1769 1204 1820 est

196 1859 268 1902 vere
282 1842 446 1918 rhetorice,
468 1845 588 1902 virtus
607 1844 672 1902 erit.

171 1942 185 1994 5
282 1926 367 2000 Quod
388 1926 556 2005 philosophi
571 1926 687 2004 quidem
700 1927 797 1986 multis
814 1937 843 1987 et
858 1930 950 1988 acutis
967 1927 1204 1988 conclusionibus

197 2010 355 2087 colligunt,
378 2010 445 2069 mihi
465 2027 537 2070 vero
561 2013 646 2070 etiam
668 2011 801 2088 planiore
826 2012 881 2073 hac
903 2014 1083 2092 proprieque
1104 2021 1204 2072 nostra

195 2094 370 2174 probatione
384 2095 499 2154 videtur
515 2112 582 2153 esse
598 2097 793 2173 perspicuum.
831 2096 877 2156 nh
898 2096 955 2155 illis
970 2096 1044 2157 haec
1059 2097 1201 2156 dicuntur.

197 2178 229 2238 Si
256 2194 419 2238 consonare
443 2178 498 2237 sibi
519 2181 547 2237 in
571 2178 711 2238 iaciendis
737 2197 772 2239 ao
792 2197 850 2239 non
870 2179 1011 2240 faciendis
1032 2181 1123 2239 virtus
1146 2188 1202 2254 est,

196 2278 272 2340 quae
288 2279 356 2340 pars
378 2263 440 2321 eius
457 2263 608 2340 prudentia
627 2272 766 2324 vocatur:
789 2265 890 2324 eadem
907 2266 936 2324 in
951 2265 1080 2326 dicendis
1097 2283 1131 2324 ao
1146 2281 1203 2324 non

170 2344 325 2415 fidicendis
341 2348 406 2405 erit.
448 2345 486 2405 Et
506 2349 530 2406 si
547 2348 670 2407 virtutes
688 2357 769 2424 sunt,
789 2349 825 2409 ad
848 2367 920 2427 quas
936 2349 1020 2409 nobis
1037 2351 1121 2410 etiam
1138 2358 1204 2408 ante

196 2448 281 2508 quam
297 2429 470 2489 doceremur
483 2432 563 2490 initia
579 2432 720 2510 quaedam
737 2451 772 2492 ac
788 2435 897 2493 semina
914 2442 980 2493 sunt
996 2452 1139 2494 concessa
1154 2451 1202 2493 na·

196 2522 275 2589 tura,
295 2523 328 2574 ut
349 2514 385 2574 ad
406 2516 556 2592 iustitiam,
580 2519 661 2576 cuius
679 2519 794 2577 rusticis
815 2534 933 2596 quoque
953 2535 988 2577 ac
1004 2517 1134 2577 barbaris
1153 2535 1202 2595 ap·

196 2607 280 2676 paret
302 2598 399 2677 aliqua
417 2601 529 2676 imago:
552 2616 605 2659 nos
631 2609 711 2660 certe
733 2603 777 2660 sic
797 2618 865 2660 esse
886 2600 922 2659 ab
945 2602 1026 2660 initio
1049 2601 1201 2674 formatos,

196 2691 227 2741 ut
241 2698 395 2761 possemus
414 2700 499 2742 orare
514 2698 568 2761 pro
584 2683 685 2759 nobis,
707 2685 819 2743 etiamsi
834 2701 891 2742 non
910 2684 1042 2761 perfecte
1058 2691 1152 2741 tamen
1172 2692 1203 2741 ut

195 2768 326 2827 inessent
339 2767 479 2844 quaedam
495 2767 542 2844 (ut
553 2766 627 2846 dixi)
643 2768 752 2826 semina
769 2769 831 2826 eius
846 2767 1004 2842 facultatis,
1020 2765 1202 2825 manifestum

170 2859 251 2918 nest.
291 2849 357 2910 Non
376 2851 478 2910 eadem
497 2858 592 2910 autem
611 2859 711 2909 natura
730 2859 776 2909 est
795 2850 839 2910 his
864 2849 990 2925 artibus,
1014 2868 1089 2928 quae
1113 2853 1201 2911 avir-

196 2942 258 2993 tute
279 2943 345 2994 sunt
364 2944 506 2995 remotae.
550 2933 651 3012 ltaque
676 2953 740 2993 cum
761 2934 818 2995 duo
839 2937 897 2994 sint
917 2952 1028 3012 genera
1051 2937 1202 3011 orationis,

196 3015 288 3077 altera
303 3027 463 3098 perpetua,
483 3036 557 3097 quae
572 3019 719 3078 rhetorice
735 3019 855 3094 dicitur,
871 3019 963 3079 altera
979 3021 1108 3097 concisa,
1127 3037 1202 3098 quae

196 3098 364 3170 dialectice;
389 3121 459 3182 quas
478 3103 593 3182 quidem
608 3102 689 3163 Zeno
707 3103 780 3163 adeo
804 3105 967 3179 coniunxit,
989 3112 1020 3163 ut
1033 3103 1108 3164 hanc
1125 3121 1202 3164 oom-

197 3199 319 3260 pressae
339 3189 368 3245 in
384 3206 511 3265 pugnum
525 3205 635 3263 manus,
655 3187 734 3247 illam
755 3187 920 3266 explicatae
937 3188 1049 3248 diceret
1065 3189 1203 3250 similem:

198 3268 283 3328 etiam
298 3269 472 3348 disputatrix
485 3273 577 3331 virtus
593 3273 659 3330 erit.
698 3271 783 3332 adeo
800 3271 836 3332 de
852 3273 922 3348 hac,
947 3290 1021 3351 quae
1037 3274 1205 3353 speciosior

197 3359 283 3430 atque
300 3356 430 3431 apertior
445 3364 524 3417 tanto
541 3364 602 3432 est,
624 3354 693 3415 nihil
710 3355 894 3417 dubitabitur.

64 3446 148 3549 p.N
173 3444 191 3497 8
283 3436 343 3497 Sed
366 3438 480 3518 plenius
502 3440 560 3500 hoo
579 3439 655 3500 idem
681 3448 769 3519 atque
792 3442 921 3520 apertius
942 3443 1047 3503 intueri
1068 3460 1107 3503 ex
1131 3442 1203 3522 ipsis
